<?xml version="1.0" encoding="UTF-8"?>
<!DOCTYPE html PUBLIC "-//W3C//DTD XHTML 1.0 Transitional//EN"
    "http://www.w3.org/TR/xhtml1/DTD/xhtml1-transitional.dtd">
<html xmlns="http://www.w3.org/1999/xhtml" xml:lang="en" lang="en">
 <head>
  <title>
</title>
<meta http-equiv="Content-Type" content="text/html;charset=utf-8" />
  <meta name='ocr-system' content='tesseract 3.04.00' />
  <meta name='ocr-capabilities' content='ocr_page ocr_carea ocr_par ocr_line ocrx_word'/>
</head>
<body>
  <div class='ocr_page' id='page_1' title='image "./operaquaesupersu25melauoft/operaquaesupersu25melauoft_0188.png"; bbox 0 0 2343 2970; ppageno 0'>
   <div class='ocr_carea' id='block_1_1' title="bbox 229 172 291 204">
    <p class='ocr_par' dir='ltr' id='par_1_1' title="bbox 229 172 291 204">
     <span class='ocr_line' id='line_1_1' title="bbox 229 172 291 204; baseline -0.016 0"><span class='ocrx_word' id='word_1_1' title='bbox 229 172 291 204; x_wconf 81' lang='lat'>347</span> 
     </span>
    </p>
   </div>
   <div class='ocr_carea' id='block_1_2' title="bbox 226 264 1242 534">
    <p class='ocr_par' dir='ltr' id='par_1_2' title="bbox 226 264 1242 522">
     <span class='ocr_line' id='line_1_2' title="bbox 231 264 1242 305; baseline -0.004 -7"><span class='ocrx_word' id='word_1_2' title='bbox 231 268 320 298; x_wconf 77' lang='lat' dir='ltr'>hraei</span> <span class='ocrx_word' id='word_1_3' title='bbox 359 273 478 297; x_wconf 78' lang='lat' dir='ltr'>vocant</span> <span class='ocrx_word' id='word_1_4' title='bbox 513 270 636 305; x_wconf 53' lang='lat' dir='ltr'>serzana„</span> <span class='ocrx_word' id='word_1_5' title='bbox 671 266 767 296; x_wconf 86' lang='lat' dir='ltr'>etiam</span> <span class='ocrx_word' id='word_1_6' title='bbox 802 265 916 296; x_wconf 82' lang='lat' dir='ltr'>maria.</span> <span class='ocrx_word' id='word_1_7' title='bbox 969 264 1131 305; x_wconf 72' lang='lat' dir='ltr'>Stagnum</span> <span class='ocrx_word' id='word_1_8' title='bbox 1161 266 1242 295; x_wconf 57' lang='lat' dir='ltr'>esti</span> 
     </span>
     <span class='ocr_line' id='line_1_3' title="bbox 227 307 1211 352; baseline -0.008 -9"><span class='ocrx_word' id='word_1_9' title='bbox 227 321 316 352; x_wconf 79' lang='lat' dir='ltr'>aqua</span> <span class='ocrx_word' id='word_1_10' title='bbox 340 316 444 341; x_wconf 75' lang='lat' dir='ltr'>stans.</span> <span class='ocrx_word' id='word_1_11' title='bbox 491 308 700 340; x_wconf 77' lang='lat' dir='ltr'>Genezareth</span> <span class='ocrx_word' id='word_1_12' title='bbox 730 307 812 339; x_wconf 83' lang='lat' dir='ltr'>alias</span> <span class='ocrx_word' id='word_1_13' title='bbox 844 309 941 339; x_wconf 81' lang='lat' dir='ltr'>etiam</span> <span class='ocrx_word' id='word_1_14' title='bbox 977 309 1095 338; x_wconf 87' lang='lat' dir='ltr'>dicitur</span> <span class='ocrx_word' id='word_1_15' title='bbox 1124 308 1211 337; x_wconf 77' lang='lat' dir='ltr'>Ciue-</span> 
     </span>
     <span class='ocr_line' id='line_1_4' title="bbox 230 351 1210 394; baseline -0.002 -11"><span class='ocrx_word' id='word_1_16' title='bbox 230 354 306 383; x_wconf 69' lang='lat' dir='ltr'>reth.</span> <span class='ocrx_word' id='word_1_17' title='bbox 338 363 422 394; x_wconf 81' lang='lat' dir='ltr'>quae</span> <span class='ocrx_word' id='word_1_18' title='bbox 456 364 521 384; x_wconf 76' lang='lat' dir='ltr'>vox</span> <span class='ocrx_word' id='word_1_19' title='bbox 557 352 721 393; x_wconf 67' lang='lat' dir='ltr'>significat</span> <span class='ocrx_word' id='word_1_20' title='bbox 756 351 928 382; x_wconf 89' lang='lat' dir='ltr'>citharam.</span> <span class='ocrx_word' id='word_1_21' title='bbox 997 351 1062 382; x_wconf 84' lang='lat' dir='ltr'>Sed</span> <span class='ocrx_word' id='word_1_22' title='bbox 1099 356 1210 390; x_wconf 85' lang='lat' dir='ltr'>potest</span> 
     </span>
     <span class='ocr_line' id='line_1_5' title="bbox 227 392 1211 432; baseline -0.005 -4"><span class='ocrx_word' id='word_1_23' title='bbox 227 407 306 429; x_wconf 85' lang='lat' dir='ltr'>esse</span> <span class='ocrx_word' id='word_1_24' title='bbox 338 407 358 427; x_wconf 88' lang='lat' dir='ltr'>a</span> <span class='ocrx_word' id='word_1_25' title='bbox 394 396 475 430; x_wconf 61' lang='lat' dir='ltr'>Geli,</span> <span class='ocrx_word' id='word_1_26' title='bbox 512 396 542 426; x_wconf 92' lang='lat' dir='ltr'>id</span> <span class='ocrx_word' id='word_1_27' title='bbox 578 402 639 432; x_wconf 78' lang='lat' dir='ltr'>est,</span> <span class='ocrx_word' id='word_1_28' title='bbox 675 401 780 432; x_wconf 84' lang='lat' dir='ltr'>terra,</span> <span class='ocrx_word' id='word_1_29' title='bbox 825 400 858 425; x_wconf 88' lang='lat' dir='ltr'>et</span> <span class='ocrx_word' id='word_1_30' title='bbox 892 404 999 432; x_wconf 69' lang='lat' dir='ltr'>nemr,</span> <span class='ocrx_word' id='word_1_31' title='bbox 1044 392 1211 425; x_wconf 86' lang='lat' dir='ltr'>surculus.</span> 
     </span>
     <span class='ocr_line' id='line_1_6' title="bbox 226 437 1239 482; baseline -0.005 -11"><span class='ocrx_word' id='word_1_32' title='bbox 226 441 325 482; x_wconf 82' lang='lat' dir='ltr'>Aqua</span> <span class='ocrx_word' id='word_1_33' title='bbox 359 441 391 470; x_wconf 91' lang='lat' dir='ltr'>in</span> <span class='ocrx_word' id='word_1_34' title='bbox 432 440 496 470; x_wconf 90' lang='lat' dir='ltr'>hoc</span> <span class='ocrx_word' id='word_1_35' title='bbox 530 437 605 469; x_wconf 82' lang='lat' dir='ltr'>lacu</span> <span class='ocrx_word' id='word_1_36' title='bbox 627 438 687 469; x_wconf 85' lang='lat' dir='ltr'>fuit</span> <span class='ocrx_word' id='word_1_37' title='bbox 720 437 855 479; x_wconf 82' lang='lat' dir='ltr'>limpida</span> <span class='ocrx_word' id='word_1_38' title='bbox 878 443 910 467; x_wconf 90' lang='lat' dir='ltr'>et</span> <span class='ocrx_word' id='word_1_39' title='bbox 934 438 1027 468; x_wconf 73' lang='lat' dir='ltr'>ferax</span> <span class='ocrx_word' id='word_1_40' title='bbox 1061 437 1239 478; x_wconf 80' lang='lat' dir='ltr'>pisciuin.&#39;</span> 
     </span>
     <span class='ocr_line' id='line_1_7' title="bbox 228 479 1239 522; baseline -0.005 -8"><span class='ocrx_word' id='word_1_41' title='bbox 228 484 327 515; x_wconf 85' lang='lat' dir='ltr'>Circa</span> <span class='ocrx_word' id='word_1_42' title='bbox 347 482 439 514; x_wconf 88' lang='lat' dir='ltr'>illum</span> <span class='ocrx_word' id='word_1_43' title='bbox 452 481 571 519; x_wconf 80' lang='lat' dir='ltr'>lacum,</span> <span class='ocrx_word' id='word_1_44' title='bbox 584 481 774 513; x_wconf 82' lang='lat' dir='ltr'>habitarunt</span> <span class='ocrx_word' id='word_1_45' title='bbox 786 479 941 522; x_wconf 79' lang='lat' dir='ltr'>Apostoli</span> <span class='ocrx_word' id='word_1_46' title='bbox 958 486 991 513; x_wconf 91' lang='lat' dir='ltr'>ut</span> <span class='ocrx_word' id='word_1_47' title='bbox 1015 481 1211 522; x_wconf 80' lang='lat' dir='ltr'>piscatores.</span> <span class='ocrx_word' id='word_1_48' title='bbox 1236 498 1239 518; x_wconf 46' lang='lat'><em>5</em></span> 
     </span>
    </p>

    <p class='ocr_par' dir='ltr' id='par_1_3' title="bbox 1236 524 1239 534">
     <span class='ocr_line' id='line_1_8' title="bbox 1236 524 1239 534; baseline 0 0"><span class='ocrx_word' id='word_1_49' title='bbox 1236 524 1239 534; x_wconf 55' lang='lat' dir='ltr'><em>s</em></span> 
     </span>
    </p>
   </div>
   <div class='ocr_carea' id='block_1_3' title="bbox 224 690 1210 745">
    <p class='ocr_par' dir='ltr' id='par_1_4' title="bbox 224 690 1210 745">
     <span class='ocr_line' id='line_1_9' title="bbox 224 690 1210 745; baseline -0.003 -12"><span class='ocrx_word' id='word_1_50' title='bbox 224 693 302 733; x_wconf 86' lang='lat' dir='ltr'>De</span> <span class='ocrx_word' id='word_1_51' title='bbox 347 690 685 745; x_wconf 82' lang='lat' dir='ltr'>Principali</span> <span class='ocrx_word' id='word_1_52' title='bbox 728 690 856 730; x_wconf 88' lang='lat' dir='ltr'>loco</span> <span class='ocrx_word' id='word_1_53' title='bbox 892 690 1210 730; x_wconf 76' lang='lat' dir='ltr'>doetrinae</span> 
     </span>
    </p>
   </div>
   <div class='ocr_carea' id='block_1_4' title="bbox 413 767 1033 822">
    <p class='ocr_par' dir='ltr' id='par_1_5' title="bbox 413 767 1033 822">
     <span class='ocr_line' id='line_1_10' title="bbox 413 767 1033 822; baseline -0.002 -13"><span class='ocrx_word' id='word_1_54' title='bbox 413 769 467 809; x_wconf 83' lang='lat' dir='ltr'>in</span> <span class='ocrx_word' id='word_1_55' title='bbox 527 769 633 808; x_wconf 88' lang='lat' dir='ltr'>hoc</span> <span class='ocrx_word' id='word_1_56' title='bbox 690 767 1033 822; x_wconf 83' lang='lat' dir='ltr'>Evangelio.</span> 
     </span>
    </p>
   </div>
   <div class='ocr_carea' id='block_1_5' title="bbox 224 883 1238 972">
    <p class='ocr_par' dir='ltr' id='par_1_6' title="bbox 224 876 1238 972">
     <span class='ocr_line' id='line_1_11' title="bbox 312 883 1238 926; baseline -0.003 -8"><span class='ocrx_word' id='word_1_57' title='bbox 312 886 487 918; x_wconf 80' lang='lat' dir='ltr'>Caeterum</span> <span class='ocrx_word' id='word_1_58' title='bbox 511 883 708 926; x_wconf 78' lang='lat' dir='ltr'>exemplum,</span> <span class='ocrx_word' id='word_1_59' title='bbox 731 885 820 926; x_wconf 88' lang='lat' dir='ltr'>quod</span> <span class='ocrx_word' id='word_1_60' title='bbox 841 886 873 916; x_wconf 90' lang='lat' dir='ltr'>in</span> <span class='ocrx_word' id='word_1_61' title='bbox 896 885 1036 916; x_wconf 83' lang='lat' dir='ltr'>historia</span> <span class='ocrx_word' id='word_1_62' title='bbox 1062 886 1124 916; x_wconf 89' lang='lat' dir='ltr'>ista</span> <span class='ocrx_word' id='word_1_63' title='bbox 1138 894 1210 926; x_wconf 80' lang='lat' dir='ltr'>pro·</span> <span class='ocrx_word' id='word_1_64' title='bbox 1235 905 1238 919; x_wconf 73' lang='grc'><strong>.</strong></span> 
     </span>
     <span class='ocr_line' id='line_1_12' title="bbox 224 928 1238 972; baseline -0.003 -11"><span class='ocrx_word' id='word_1_65' title='bbox 224 931 368 972; x_wconf 82' lang='lat' dir='ltr'>ponitur,</span> <span class='ocrx_word' id='word_1_66' title='bbox 391 928 554 961; x_wconf 84' lang='lat' dir='ltr'>referatur</span> <span class='ocrx_word' id='word_1_67' title='bbox 576 930 619 960; x_wconf 86' lang='lat' dir='ltr'>ad</span> <span class='ocrx_word' id='word_1_68' title='bbox 643 938 847 960; x_wconf 83' lang='lat' dir='ltr'>communem</span> <span class='ocrx_word' id='word_1_69' title='bbox 870 929 1055 960; x_wconf 77' lang='lat' dir='ltr'>doctrinam</span> <span class='ocrx_word' id='word_1_70' title='bbox 1088 928 1129 959; x_wconf 86' lang='lat' dir='ltr'>(le</span> <span class='ocrx_word' id='word_1_71' title='bbox 1152 928 1211 959; x_wconf 90' lang='lat' dir='ltr'>mi-</span> <span class='ocrx_word' id='word_1_72' title='bbox 1234 931 1238 956; x_wconf 71' lang='grc' dir='ltr'>ι’</span> 
     </span>
    </p>
   </div>
   <div class='ocr_carea' id='block_1_6' title="bbox 224 972 1237 1024">
    <p class='ocr_par' dir='ltr' id='par_1_7' title="bbox 224 972 1237 1024">
     <span class='ocr_line' id='line_1_13' title="bbox 224 972 1237 1024; baseline -0.003 -18"><span class='ocrx_word' id='word_1_73' title='bbox 224 972 360 1006; x_wconf 84' lang='lat' dir='ltr'>raculis.</span> <span class='ocrx_word' id='word_1_74' title='bbox 1235 1009 1237 1024; x_wconf 60' lang='grc' dir='ltr'>Ι</span> 
     </span>
    </p>
   </div>
   <div class='ocr_carea' id='block_1_7' title="bbox 1236 568 1240 1123">
    <p class='ocr_par' dir='ltr' id='par_1_8' title="bbox 1236 568 1240 1123">
     <span class='ocr_line' id='line_1_14' title="bbox 1236 568 1240 1123; baseline 0 0"><span class='ocrx_word' id='word_1_75' title='bbox 1236 568 1240 1123; x_wconf 95' lang='lat' dir='ltr'> </span> 
     </span>
    </p>
   </div>
   <div class='ocr_carea' id='block_1_8' title="bbox 224 1146 1240 1203">
    <p class='ocr_par' dir='ltr' id='par_1_9' title="bbox 224 1146 1240 1203">
     <span class='ocr_line' id='line_1_15' title="bbox 224 1146 1240 1203; baseline -0.002 -14"><span class='ocrx_word' id='word_1_76' title='bbox 224 1149 339 1200; x_wconf 75' lang='lat' dir='ltr'>Quae</span> <span class='ocrx_word' id='word_1_77' title='bbox 370 1156 432 1188; x_wconf 75' lang='lat' dir='ltr'>est</span> <span class='ocrx_word' id='word_1_78' title='bbox 462 1148 687 1188; x_wconf 86' lang='lat' dir='ltr'>eommunis</span> <span class='ocrx_word' id='word_1_79' title='bbox 731 1147 914 1186; x_wconf 80' lang='lat' dir='ltr'>doctrina</span> <span class='ocrx_word' id='word_1_80' title='bbox 953 1146 1004 1186; x_wconf 93' lang='lat' dir='ltr'>de</span> <span class='ocrx_word' id='word_1_81' title='bbox 1034 1147 1209 1187; x_wconf 79' lang='lat' dir='ltr'>miracu-</span> <span class='ocrx_word' id='word_1_82' title='bbox 1233 1171 1240 1203; x_wconf 63' lang='lat' dir='ltr'><strong>f</strong></span> 
     </span>
    </p>
   </div>
   <div class='ocr_carea' id='block_1_9' title="bbox 221 1350 1237 1833">
    <p class='ocr_par' dir='ltr' id='par_1_10' title="bbox 221 1350 1211 1739">
     <span class='ocr_line' id='line_1_16' title="bbox 310 1350 1210 1388; baseline -0.002 -5"><span class='ocrx_word' id='word_1_83' title='bbox 310 1352 462 1388; x_wconf 86' lang='lat' dir='ltr'>Quatuor</span> <span class='ocrx_word' id='word_1_84' title='bbox 485 1357 562 1382; x_wconf 84' lang='lat' dir='ltr'>sunt</span> <span class='ocrx_word' id='word_1_85' title='bbox 586 1360 738 1382; x_wconf 81' lang='lat' dir='ltr'><strong>caussae.</strong></span> <span class='ocrx_word' id='word_1_86' title='bbox 769 1350 892 1388; x_wconf 73' lang='lat' dir='ltr'>Prima,</span> <span class='ocrx_word' id='word_1_87' title='bbox 917 1356 952 1381; x_wconf 86' lang='lat' dir='ltr'>ut</span> <span class='ocrx_word' id='word_1_88' title='bbox 976 1351 1042 1381; x_wconf 80' lang='lat' dir='ltr'>sint</span> <span class='ocrx_word' id='word_1_89' title='bbox 1064 1351 1210 1382; x_wconf 88' lang='lat' dir='ltr'>testimo-</span> 
     </span>
     <span class='ocr_line' id='line_1_17' title="bbox 226 1394 1210 1436; baseline -0.004 -7"><span class='ocrx_word' id='word_1_90' title='bbox 226 1397 314 1429; x_wconf 90' lang='lat' dir='ltr'>nium</span> <span class='ocrx_word' id='word_1_91' title='bbox 338 1397 379 1427; x_wconf 89' lang='lat' dir='ltr'>de</span> <span class='ocrx_word' id='word_1_92' title='bbox 413 1395 576 1433; x_wconf 80' lang='lat' dir='ltr'>doctrina,</span> <span class='ocrx_word' id='word_1_93' title='bbox 610 1395 699 1436; x_wconf 82' lang='lat' dir='ltr'>quod</span> <span class='ocrx_word' id='word_1_94' title='bbox 733 1394 890 1425; x_wconf 83' lang='lat' dir='ltr'>divinitus</span> <span class='ocrx_word' id='word_1_95' title='bbox 921 1404 959 1424; x_wconf 86' lang='lat' dir='ltr'>ea</span> <span class='ocrx_word' id='word_1_96' title='bbox 994 1394 1036 1424; x_wconf 84' lang='lat' dir='ltr'>sit</span> <span class='ocrx_word' id='word_1_97' title='bbox 1070 1394 1210 1431; x_wconf 78' lang='lat' dir='ltr'>tradita3</span> 
     </span>
     <span class='ocr_line' id='line_1_18' title="bbox 224 1436 1210 1480; baseline -0.005 -8"><span class='ocrx_word' id='word_1_98' title='bbox 224 1440 256 1472; x_wconf 85' lang='lat'>2.</span> <span class='ocrx_word' id='word_1_99' title='bbox 280 1445 318 1472; x_wconf 85' lang='lat' dir='ltr'>ut</span> <span class='ocrx_word' id='word_1_100' title='bbox 339 1439 405 1470; x_wconf 87' lang='lat' dir='ltr'>sint</span> <span class='ocrx_word' id='word_1_101' title='bbox 428 1438 684 1480; x_wconf 80' lang='lat' dir='ltr'>promissionum</span> <span class='ocrx_word' id='word_1_102' title='bbox 698 1437 900 1473; x_wconf 74' lang='lat' dir='ltr'>testimonia3</span> <span class='ocrx_word' id='word_1_103' title='bbox 924 1436 953 1468; x_wconf 88' lang='lat'>3.</span> <span class='ocrx_word' id='word_1_104' title='bbox 974 1443 1010 1468; x_wconf 90' lang='lat' dir='ltr'>ut</span> <span class='ocrx_word' id='word_1_105' title='bbox 1023 1438 1090 1467; x_wconf 85' lang='lat' dir='ltr'>sint</span> <span class='ocrx_word' id='word_1_106' title='bbox 1102 1447 1210 1468; x_wconf 82' lang='lat' dir='ltr'>exem-</span> 
     </span>
     <span class='ocr_line' id='line_1_19' title="bbox 223 1479 1210 1525; baseline -0.004 -11"><span class='ocrx_word' id='word_1_107' title='bbox 223 1482 281 1525; x_wconf 79' lang='lat' dir='ltr'>pla</span> <span class='ocrx_word' id='word_1_108' title='bbox 303 1481 551 1524; x_wconf 60' lang='lat' dir='ltr'>applicati01ii‘·;</span> <span class='ocrx_word' id='word_1_109' title='bbox 574 1487 609 1512; x_wconf 89' lang='lat' dir='ltr'>ut</span> <span class='ocrx_word' id='word_1_110' title='bbox 632 1481 698 1512; x_wconf 85' lang='lat' dir='ltr'>sint</span> <span class='ocrx_word' id='word_1_111' title='bbox 720 1480 919 1517; x_wconf 76' lang='lat' dir='ltr'>testimonia,</span> <span class='ocrx_word' id='word_1_112' title='bbox 942 1481 1032 1521; x_wconf 88' lang='lat' dir='ltr'>quod</span> <span class='ocrx_word' id='word_1_113' title='bbox 1054 1479 1109 1511; x_wconf 87' lang='lat' dir='ltr'>ille</span> <span class='ocrx_word' id='word_1_114' title='bbox 1122 1480 1210 1511; x_wconf 86' lang='lat' dir='ltr'>Mes-</span> 
     </span>
     <span class='ocr_line' id='line_1_20' title="bbox 223 1522 1208 1564; baseline -0.005 -6"><span class='ocrx_word' id='word_1_115' title='bbox 223 1527 293 1558; x_wconf 85' lang='lat' dir='ltr'>sias</span> <span class='ocrx_word' id='word_1_116' title='bbox 327 1526 369 1556; x_wconf 86' lang='lat' dir='ltr'>sit</span> <span class='ocrx_word' id='word_1_117' title='bbox 398 1526 507 1556; x_wconf 89' lang='lat' dir='ltr'>victor</span> <span class='ocrx_word' id='word_1_118' title='bbox 542 1525 669 1561; x_wconf 82' lang='lat' dir='ltr'>mortis,</span> <span class='ocrx_word' id='word_1_119' title='bbox 704 1524 747 1554; x_wconf 83' lang='lat' dir='ltr'>sit</span> <span class='ocrx_word' id='word_1_120' title='bbox 781 1523 1003 1564; x_wconf 81' lang='lat' dir='ltr'>omnipotens,</span> <span class='ocrx_word' id='word_1_121' title='bbox 1037 1524 1080 1554; x_wconf 90' lang='lat' dir='ltr'>sit</span> <span class='ocrx_word' id='word_1_122' title='bbox 1103 1522 1208 1554; x_wconf 67' lang='lat' dir='ltr'>Deus⁴</span> 
     </span>
     <span class='ocr_line' id='line_1_21' title="bbox 223 1565 1211 1611; baseline -0.004 -10"><span class='ocrx_word' id='word_1_123' title='bbox 223 1569 294 1602; x_wconf 82' lang='lat' dir='ltr'>Has</span> <span class='ocrx_word' id='word_1_124' title='bbox 317 1575 459 1611; x_wconf 89' lang='lat' dir='ltr'>quatuor</span> <span class='ocrx_word' id='word_1_125' title='bbox 482 1577 624 1599; x_wconf 82' lang='lat' dir='ltr'>caussas</span> <span class='ocrx_word' id='word_1_126' title='bbox 638 1567 803 1609; x_wconf 75' lang='lat' dir='ltr'>cogitetis,</span> <span class='ocrx_word' id='word_1_127' title='bbox 827 1577 901 1597; x_wconf 92' lang='lat' dir='ltr'>cum</span> <span class='ocrx_word' id='word_1_128' title='bbox 912 1565 1022 1608; x_wconf 79' lang='lat' dir='ltr'>legitis</span> <span class='ocrx_word' id='word_1_129' title='bbox 1035 1565 1211 1601; x_wconf 78' lang='lat' dir='ltr'>miracula3</span> 
     </span>
     <span class='ocr_line' id='line_1_22' title="bbox 224 1608 1210 1654; baseline -0.004 -10"><span class='ocrx_word' id='word_1_130' title='bbox 224 1613 301 1654; x_wconf 90' lang='lat' dir='ltr'>quia</span> <span class='ocrx_word' id='word_1_131' title='bbox 323 1617 419 1653; x_wconf 87' lang='lat' dir='ltr'>potes</span> <span class='ocrx_word' id='word_1_132' title='bbox 445 1611 555 1642; x_wconf 85' lang='lat' dir='ltr'>mirari</span> <span class='ocrx_word' id='word_1_133' title='bbox 578 1610 710 1652; x_wconf 80' lang='lat' dir='ltr'>aliquis,</span> <span class='ocrx_word' id='word_1_134' title='bbox 733 1608 850 1652; x_wconf 76' lang='lat' dir='ltr'>quales</span> <span class='ocrx_word' id='word_1_135' title='bbox 874 1610 940 1640; x_wconf 89' lang='lat' dir='ltr'>sint</span> <span class='ocrx_word' id='word_1_136' title='bbox 962 1608 1036 1640; x_wconf 83' lang='lat' dir='ltr'>libri</span> <span class='ocrx_word' id='word_1_137' title='bbox 1059 1609 1210 1651; x_wconf 76' lang='lat' dir='ltr'>Evange-</span> 
     </span>
     <span class='ocr_line' id='line_1_23' title="bbox 221 1652 1209 1692; baseline -0.004 -5"><span class='ocrx_word' id='word_1_138' title='bbox 221 1655 287 1688; x_wconf 83' lang='lat' dir='ltr'>lici.</span> <span class='ocrx_word' id='word_1_139' title='bbox 312 1655 465 1686; x_wconf 77' lang='lat' dir='ltr'>Recitant</span> <span class='ocrx_word' id='word_1_140' title='bbox 487 1652 657 1692; x_wconf 84' lang='lat' dir='ltr'>miracula,</span> <span class='ocrx_word' id='word_1_141' title='bbox 677 1664 745 1684; x_wconf 83' lang='lat' dir='ltr'>non</span> <span class='ocrx_word' id='word_1_142' title='bbox 768 1653 908 1683; x_wconf 88' lang='lat' dir='ltr'>recitant</span> <span class='ocrx_word' id='word_1_143' title='bbox 933 1652 1055 1684; x_wconf 82' lang='lat' dir='ltr'>multas</span> <span class='ocrx_word' id='word_1_144' title='bbox 1079 1654 1209 1684; x_wconf 89' lang='lat' dir='ltr'>concio-</span> 
     </span>
     <span class='ocr_line' id='line_1_24' title="bbox 221 1694 1187 1739; baseline -0.005 -9"><span class='ocrx_word' id='word_1_145' title='bbox 221 1709 282 1730; x_wconf 87' lang='lat' dir='ltr'>nes</span> <span class='ocrx_word' id='word_1_146' title='bbox 306 1697 359 1729; x_wconf 84' lang='lat' dir='ltr'>vel</span> <span class='ocrx_word' id='word_1_147' title='bbox 382 1703 575 1739; x_wconf 74' lang='lat' dir='ltr'>praecepta,</span> <span class='ocrx_word' id='word_1_148' title='bbox 599 1698 685 1728; x_wconf 90' lang='lat' dir='ltr'>sicut</span> <span class='ocrx_word' id='word_1_149' title='bbox 708 1696 744 1727; x_wconf 90' lang='lat' dir='ltr'>fit</span> <span class='ocrx_word' id='word_1_150' title='bbox 763 1697 794 1727; x_wconf 89' lang='lat' dir='ltr'>in</span> <span class='ocrx_word' id='word_1_151' title='bbox 819 1694 1036 1737; x_wconf 80' lang='lat' dir='ltr'>Philosophia</span> <span class='ocrx_word' id='word_1_152' title='bbox 1060 1695 1187 1727; x_wconf 88' lang='lat' dir='ltr'>morali.</span> 
     </span>
    </p>

    <p class='ocr_par' dir='ltr' id='par_1_11' title="bbox 309 1739 1238 1833">
     <span class='ocr_line' id='line_1_25' title="bbox 309 1739 1237 1833; baseline -0.002 -62"><span class='ocrx_word' id='word_1_153' title='bbox 309 1741 382 1772; x_wconf 84' lang='lat' dir='ltr'>Sint</span> <span class='ocrx_word' id='word_1_154' title='bbox 405 1741 504 1782; x_wconf 81' lang='lat' dir='ltr'>igitur</span> <span class='ocrx_word' id='word_1_155' title='bbox 527 1748 626 1771; x_wconf 85' lang='lat' dir='ltr'>notae</span> <span class='ocrx_word' id='word_1_156' title='bbox 648 1740 712 1771; x_wconf 88' lang='lat' dir='ltr'>hae</span> <span class='ocrx_word' id='word_1_157' title='bbox 736 1749 879 1771; x_wconf 78' lang='lat' dir='ltr'>caussae</span> <span class='ocrx_word' id='word_1_158' title='bbox 904 1740 1067 1770; x_wconf 79' lang='lat' dir='ltr'>omnibus.</span> <span class='ocrx_word' id='word_1_159' title='bbox 1101 1739 1209 1769; x_wconf 82' lang='lat' dir='ltr'>Prima</span> <span class='ocrx_word' id='word_1_160' title='bbox 1231 1754 1237 1833; x_wconf 63' lang='lat' dir='ltr'>l</span> 
     </span>
    </p>
   </div>
   <div class='ocr_carea' id='block_1_10' title="bbox 222 1205 1239 1554">
    <p class='ocr_par' dir='ltr' id='par_1_12' title="bbox 222 1205 1239 1554">
     <span class='ocr_line' id='line_1_26' title="bbox 222 1205 1239 1554; baseline -0.005 -286"><span class='ocrx_word' id='word_1_161' title='bbox 222 1228 278 1278; x_wconf 75' lang='lat' dir='ltr'>lis,</span> <span class='ocrx_word' id='word_1_162' title='bbox 315 1240 463 1280; x_wconf 86' lang='lat' dir='ltr'>quaere</span> <span class='ocrx_word' id='word_1_163' title='bbox 488 1226 718 1275; x_wconf 77' lang='lat' dir='ltr'>recitantur,</span> <span class='ocrx_word' id='word_1_164' title='bbox 749 1232 790 1264; x_wconf 79' lang='lat' dir='ltr'>et·</span> <span class='ocrx_word' id='word_1_165' title='bbox 821 1239 946 1278; x_wconf 85' lang='lat' dir='ltr'>quare</span> <span class='ocrx_word' id='word_1_166' title='bbox 972 1223 1079 1264; x_wconf 80' lang='lat' dir='ltr'>facta</span> <span class='ocrx_word' id='word_1_167' title='bbox 1096 1224 1208 1265; x_wconf 64' lang='lat' dir='ltr'>sunt?</span> <span class='ocrx_word' id='word_1_168' title='bbox 1233 1205 1239 1554; x_wconf 61' lang='grc' dir='ltr'>ι</span> 
     </span>
    </p>
   </div>
   <div class='ocr_carea' id='block_1_11' title="bbox 1233 1598 1241 1746">
    <p class='ocr_par' dir='ltr' id='par_1_13' title="bbox 1233 1598 1241 1746">
     <span class='ocr_line' id='line_1_27' title="bbox 1233 1598 1241 1746; baseline 0 1224"><span class='ocrx_word' id='word_1_169' title='bbox 1233 1598 1241 1746; x_wconf 95' lang='lat' dir='ltr'> </span> 
     </span>
    </p>
   </div>
   <div class='ocr_carea' id='block_1_12' title="bbox 222 1781 1209 2210">
    <p class='ocr_par' dir='ltr' id='par_1_14' title="bbox 222 1781 1209 2210">
     <span class='ocr_line' id='line_1_28' title="bbox 223 1781 1207 1824; baseline -0.004 -8"><span class='ocrx_word' id='word_1_170' title='bbox 223 1794 345 1816; x_wconf 83' lang='lat' dir='ltr'>caussa</span> <span class='ocrx_word' id='word_1_171' title='bbox 369 1790 432 1822; x_wconf 76' lang='lat' dir='ltr'>est,</span> <span class='ocrx_word' id='word_1_172' title='bbox 456 1791 487 1814; x_wconf 86' lang='lat' dir='ltr'>ut</span> <span class='ocrx_word' id='word_1_173' title='bbox 513 1783 577 1814; x_wconf 81' lang='lat' dir='ltr'>sint</span> <span class='ocrx_word' id='word_1_174' title='bbox 598 1783 788 1813; x_wconf 83' lang='lat' dir='ltr'>testimonia</span> <span class='ocrx_word' id='word_1_175' title='bbox 811 1783 994 1819; x_wconf 76' lang='lat' dir='ltr'>doctrinae,</span> <span class='ocrx_word' id='word_1_176' title='bbox 1019 1783 1096 1824; x_wconf 85' lang='lat' dir='ltr'>quia</span> <span class='ocrx_word' id='word_1_177' title='bbox 1114 1781 1207 1813; x_wconf 84' lang='lat' dir='ltr'>Deus</span> 
     </span>
     <span class='ocr_line' id='line_1_29' title="bbox 223 1825 1209 1867; baseline -0.004 -8"><span class='ocrx_word' id='word_1_178' title='bbox 223 1827 293 1860; x_wconf 86' lang='lat' dir='ltr'>vult</span> <span class='ocrx_word' id='word_1_179' title='bbox 314 1827 502 1859; x_wconf 81' lang='lat' dir='ltr'>Ecclesiam</span> <span class='ocrx_word' id='word_1_180' title='bbox 530 1833 658 1864; x_wconf 40' lang='lat' dir='ltr'>,certam</span> <span class='ocrx_word' id='word_1_181' title='bbox 693 1836 782 1863; x_wconf 88' lang='lat' dir='ltr'>esse,</span> <span class='ocrx_word' id='word_1_182' title='bbox 816 1826 904 1867; x_wconf 83' lang='lat' dir='ltr'>qued</span> <span class='ocrx_word' id='word_1_183' title='bbox 939 1825 1023 1857; x_wconf 84' lang='lat' dir='ltr'>haec</span> <span class='ocrx_word' id='word_1_184' title='bbox 1058 1825 1209 1856; x_wconf 82' lang='lat' dir='ltr'>doctrina</span> 
     </span>
     <span class='ocr_line' id='line_1_30' title="bbox 222 1867 1208 1911; baseline -0.004 -9"><span class='ocrx_word' id='word_1_185' title='bbox 222 1873 265 1902; x_wconf 85' lang='lat' dir='ltr'>sit</span> <span class='ocrx_word' id='word_1_186' title='bbox 287 1872 328 1901; x_wconf 87' lang='lat' dir='ltr'>ab</span> <span class='ocrx_word' id='word_1_187' title='bbox 352 1871 425 1911; x_wconf 86' lang='lat' dir='ltr'>ipso</span> <span class='ocrx_word' id='word_1_188' title='bbox 449 1871 580 1908; x_wconf 82' lang='lat' dir='ltr'>tradita,</span> <span class='ocrx_word' id='word_1_189' title='bbox 605 1880 702 1910; x_wconf 80' lang='lat' dir='ltr'>quam</span> <span class='ocrx_word' id='word_1_190' title='bbox 714 1869 815 1899; x_wconf 87' lang='lat' dir='ltr'>habet</span> <span class='ocrx_word' id='word_1_191' title='bbox 829 1867 1097 1900; x_wconf 58' lang='lat' dir='ltr'>Ecclesia-mult</span> <span class='ocrx_word' id='word_1_192' title='bbox 1121 1869 1208 1899; x_wconf 81' lang='lat' dir='ltr'>seire</span> 
     </span>
     <span class='ocr_line' id='line_1_31' title="bbox 224 1911 1208 1949; baseline -0.003 -4"><span class='ocrx_word' id='word_1_193' title='bbox 224 1915 411 1945; x_wconf 72' lang='lat' dir='ltr'>distinctam</span> <span class='ocrx_word' id='word_1_194' title='bbox 437 1923 514 1944; x_wconf 86' lang='lat' dir='ltr'>csse</span> <span class='ocrx_word' id='word_1_195' title='bbox 544 1912 631 1943; x_wconf 85' lang='lat' dir='ltr'>hanc</span> <span class='ocrx_word' id='word_1_196' title='bbox 662 1912 857 1949; x_wconf 75' lang='lat' dir='ltr'>doctrinam,</span> <span class='ocrx_word' id='word_1_197' title='bbox 892 1922 911 1943; x_wconf 88' lang='lat' dir='ltr'>a</span> <span class='ocrx_word' id='word_1_198' title='bbox 946 1913 1097 1943; x_wconf 87' lang='lat' dir='ltr'>doctrina</span> <span class='ocrx_word' id='word_1_199' title='bbox 1131 1911 1208 1942; x_wconf 89' lang='lat' dir='ltr'>Eth-</span> 
     </span>
     <span class='ocr_line' id='line_1_32' title="bbox 223 1955 1207 1996; baseline -0.004 -7"><span class='ocrx_word' id='word_1_200' title='bbox 223 1958 310 1995; x_wconf 73' lang='lat' dir='ltr'>nica,</span> <span class='ocrx_word' id='word_1_201' title='bbox 335 1963 367 1988; x_wconf 86' lang='lat' dir='ltr'>et</span> <span class='ocrx_word' id='word_1_202' title='bbox 385 1955 572 1987; x_wconf 73' lang='lat' dir='ltr'>Ecclesiam</span> <span class='ocrx_word' id='word_1_203' title='bbox 586 1957 707 1986; x_wconf 83' lang='lat' dir='ltr'>debere</span> <span class='ocrx_word' id='word_1_204' title='bbox 721 1965 797 1986; x_wconf 85' lang='lat' dir='ltr'>esse</span> <span class='ocrx_word' id='word_1_205' title='bbox 812 1961 1024 1996; x_wconf 76' lang='lat' dir='ltr'>segregatam</span> <span class='ocrx_word' id='word_1_206' title='bbox 1046 1956 1087 1986; x_wconf 85' lang='lat' dir='ltr'>ab</span> <span class='ocrx_word' id='word_1_207' title='bbox 1106 1955 1207 1985; x_wconf 86' lang='lat' dir='ltr'>omni—</span> 
     </span>
     <span class='ocr_line' id='line_1_33' title="bbox 223 1998 1207 2042; baseline -0.005 -10"><span class='ocrx_word' id='word_1_208' title='bbox 223 2002 286 2032; x_wconf 90' lang='lat' dir='ltr'>bus</span> <span class='ocrx_word' id='word_1_209' title='bbox 310 2000 627 2042; x_wconf 76' lang='lat' dir='ltr'>congregationibus</span> <span class='ocrx_word' id='word_1_210' title='bbox 652 1998 812 2029; x_wconf 75' lang='lat' dir='ltr'>Ethnicis.</span> <span class='ocrx_word' id='word_1_211' title='bbox 858 1998 997 2039; x_wconf 78' lang='lat' dir='ltr'>Semper</span> <span class='ocrx_word' id='word_1_212' title='bbox 1019 2005 1128 2029; x_wconf 89' lang='lat' dir='ltr'>autem</span> <span class='ocrx_word' id='word_1_213' title='bbox 1153 1999 1207 2028; x_wconf 91' lang='lat' dir='ltr'>de-</span> 
     </span>
     <span class='ocr_line' id='line_1_34' title="bbox 225 2040 1207 2082; baseline -0.004 -7"><span class='ocrx_word' id='word_1_214' title='bbox 225 2045 341 2075; x_wconf 86' lang='lat' dir='ltr'>bemus</span> <span class='ocrx_word' id='word_1_215' title='bbox 367 2043 486 2074; x_wconf 85' lang='lat' dir='ltr'>intueri</span> <span class='ocrx_word' id='word_1_216' title='bbox 520 2041 707 2073; x_wconf 75' lang='lat' dir='ltr'>Ecclesiam</span> <span class='ocrx_word' id='word_1_217' title='bbox 732 2040 906 2079; x_wconf 68' lang='lat' dir='ltr'>visibilem,</span> <span class='ocrx_word' id='word_1_218' title='bbox 943 2042 974 2072; x_wconf 91' lang='lat' dir='ltr'>in</span> <span class='ocrx_word' id='word_1_219' title='bbox 1009 2053 1075 2082; x_wconf 80' lang='lat' dir='ltr'>qua</span> <span class='ocrx_word' id='word_1_220' title='bbox 1109 2046 1207 2072; x_wconf 82' lang='lat' dir='ltr'>sonat</span> 
     </span>
     <span class='ocr_line' id='line_1_35' title="bbox 224 2084 1069 2126; baseline -0.004 -8"><span class='ocrx_word' id='word_1_221' title='bbox 224 2097 289 2118; x_wconf 76' lang='lat' dir='ltr'>vox</span> <span class='ocrx_word' id='word_1_222' title='bbox 313 2088 345 2117; x_wconf 90' lang='lat' dir='ltr'>in</span> <span class='ocrx_word' id='word_1_223' title='bbox 370 2092 527 2125; x_wconf 86' lang='lat' dir='ltr'>corrupta</span> <span class='ocrx_word' id='word_1_224' title='bbox 551 2084 734 2126; x_wconf 72' lang='lat' dir='ltr'>Evangelii,</span> <span class='ocrx_word' id='word_1_225' title='bbox 760 2091 793 2115; x_wconf 81' lang='lat' dir='ltr'>ut</span> <span class='ocrx_word' id='word_1_226' title='bbox 815 2094 917 2124; x_wconf 81' lang='lat' dir='ltr'>saepe</span> <span class='ocrx_word' id='word_1_227' title='bbox 940 2085 1069 2115; x_wconf 78' lang='lat' dir='ltr'>auditis.</span> 
     </span>
     <span class='ocr_line' id='line_1_36' title="bbox 309 2128 1206 2168; baseline -0.004 -7"><span class='ocrx_word' id='word_1_228' title='bbox 309 2129 464 2167; x_wconf 75' lang='lat' dir='ltr'>Secunda</span> <span class='ocrx_word' id='word_1_229' title='bbox 488 2139 619 2165; x_wconf 68' lang='lat' dir='ltr'>caussa,</span> <span class='ocrx_word' id='word_1_230' title='bbox 644 2135 720 2158; x_wconf 81' lang='lat' dir='ltr'>sunt</span> <span class='ocrx_word' id='word_1_231' title='bbox 739 2128 925 2158; x_wconf 79' lang='lat' dir='ltr'>testimonia</span> <span class='ocrx_word' id='word_1_232' title='bbox 937 2128 1206 2168; x_wconf 80' lang='lat' dir='ltr'>promissionum.</span> 
     </span>
     <span class='ocr_line' id='line_1_37' title="bbox 222 2171 1207 2210; baseline -0.005 -6"><span class='ocrx_word' id='word_1_233' title='bbox 222 2172 406 2204; x_wconf 82' lang='lat' dir='ltr'>Promissio</span> <span class='ocrx_word' id='word_1_234' title='bbox 430 2172 470 2202; x_wconf 86' lang='lat' dir='ltr'>de</span> <span class='ocrx_word' id='word_1_235' title='bbox 494 2171 620 2201; x_wconf 80' lang='lat' dir='ltr'>Messia</span> <span class='ocrx_word' id='word_1_236' title='bbox 644 2172 741 2202; x_wconf 79' lang='lat' dir='ltr'>dicit:</span> <span class='ocrx_word' id='word_1_237' title='bbox 771 2172 910 2209; x_wconf 46' lang='grc' dir='ltr'>ὄψι-ἰήιε</span> <span class='ocrx_word' id='word_1_238' title='bbox 934 2171 1085 2200; x_wconf 76' lang='lat' dir='ltr'>Dominus</span> <span class='ocrx_word' id='word_1_239' title='bbox 1114 2180 1207 2210; x_wconf 78' lang='lat' dir='ltr'>super</span> 
     </span>
    </p>
   </div>
   <div class='ocr_carea' id='block_1_13' title="bbox 1230 1972 1235 2162">
    <p class='ocr_par' dir='ltr' id='par_1_15' title="bbox 1230 1972 1235 2162">
     <span class='ocr_line' id='line_1_38' title="bbox 1230 1972 1235 2162; baseline 0 808"><span class='ocrx_word' id='word_1_240' title='bbox 1230 1972 1235 2162; x_wconf 95' lang='lat' dir='ltr'> </span> 
     </span>
    </p>
   </div>
   <div class='ocr_carea' id='block_1_14' title="bbox 224 2213 1207 2299">
    <p class='ocr_par' dir='ltr' id='par_1_16' title="bbox 224 2213 1207 2299">
     <span class='ocr_line' id='line_1_39' title="bbox 225 2213 1207 2255; baseline -0.001 -10"><span class='ocrx_word' id='word_1_241' title='bbox 225 2227 269 2245; x_wconf 72' lang='lat' dir='ltr'>me</span> <span class='ocrx_word' id='word_1_242' title='bbox 322 2216 363 2247; x_wconf 86' lang='lat' dir='ltr'>ad</span> <span class='ocrx_word' id='word_1_243' title='bbox 420 2215 676 2245; x_wconf 79' lang='lat' dir='ltr'>annuntiandum</span> <span class='ocrx_word' id='word_1_244' title='bbox 737 2213 953 2255; x_wconf 69' lang='lat' dir='ltr'>Evangelium</span> <span class='ocrx_word' id='word_1_245' title='bbox 1010 2215 1097 2245; x_wconf 82' lang='lat' dir='ltr'>misit</span> <span class='ocrx_word' id='word_1_246' title='bbox 1144 2224 1207 2244; x_wconf 86' lang='lat' dir='ltr'>me.</span> 
     </span>
     <span class='ocr_line' id='line_1_40' title="bbox 224 2256 1207 2299; baseline -0.006 -8"><span class='ocrx_word' id='word_1_247' title='bbox 224 2259 267 2290; x_wconf 82' lang='lat' dir='ltr'>Et</span> <span class='ocrx_word' id='word_1_248' title='bbox 308 2259 396 2299; x_wconf 86' lang='lat' dir='ltr'>apud</span> <span class='ocrx_word' id='word_1_249' title='bbox 436 2257 569 2289; x_wconf 78' lang='lat' dir='ltr'>Esaiam</span> <span class='ocrx_word' id='word_1_250' title='bbox 613 2258 743 2288; x_wconf 82' lang='lat' dir='ltr'>dicitur:</span> <span class='ocrx_word' id='word_1_251' title='bbox 792 2256 875 2286; x_wconf 63' lang='lat' dir='ltr'>Ecce</span> <span class='ocrx_word' id='word_1_252' title='bbox 920 2257 1054 2287; x_wconf 62' lang='lat' dir='ltr'>dila-{ns</span> <span class='ocrx_word' id='word_1_253' title='bbox 1093 2267 1207 2295; x_wconf 71' lang='lat' dir='ltr'>servas,</span> 
     </span>
    </p>
   </div>
   <div class='ocr_carea' id='block_1_15' title="bbox 220 2300 1236 2688">
    <p class='ocr_par' dir='ltr' id='par_1_17' title="bbox 220 2300 1236 2688">
     <span class='ocr_line' id='line_1_41' title="bbox 222 2300 1205 2343; baseline -0.004 -11"><span class='ocrx_word' id='word_1_254' title='bbox 222 2313 282 2343; x_wconf 80' lang='lat' dir='ltr'>quo</span> <span class='ocrx_word' id='word_1_255' title='bbox 313 2302 461 2331; x_wconf 71' lang='lat' dir='ltr'>delector.</span> <span class='ocrx_word' id='word_1_256' title='bbox 514 2302 607 2337; x_wconf 82' lang='lat' dir='ltr'>Item,</span> <span class='ocrx_word' id='word_1_257' title='bbox 645 2300 803 2329; x_wconf 73' lang='lat' dir='ltr'>Calantum</span> <span class='ocrx_word' id='word_1_258' title='bbox 838 2305 1016 2339; x_wconf 76' lang='lat' dir='ltr'>quassulwn</span> <span class='ocrx_word' id='word_1_259' title='bbox 1046 2311 1107 2329; x_wconf 83' lang='lat' dir='ltr'>non</span> <span class='ocrx_word' id='word_1_260' title='bbox 1137 2310 1205 2329; x_wconf 67' lang='lat' dir='ltr'>eon-</span> 
     </span>
     <span class='ocr_line' id='line_1_42' title="bbox 220 2342 1207 2385; baseline -0.002 -10"><span class='ocrx_word' id='word_1_261' title='bbox 220 2347 348 2385; x_wconf 73' lang='lat' dir='ltr'>frinyet,</span> <span class='ocrx_word' id='word_1_262' title='bbox 418 2344 488 2376; x_wconf 83' lang='lat' dir='ltr'>Hae</span> <span class='ocrx_word' id='word_1_263' title='bbox 527 2344 766 2384; x_wconf 75' lang='lat' dir='ltr'>promissiones</span> <span class='ocrx_word' id='word_1_264' title='bbox 796 2342 981 2375; x_wconf 80' lang='lat' dir='ltr'>referantur</span> <span class='ocrx_word' id='word_1_265' title='bbox 1015 2354 1130 2374; x_wconf 74' lang='lat' dir='ltr'>omnes</span> <span class='ocrx_word' id='word_1_266' title='bbox 1164 2343 1207 2374; x_wconf 87' lang='lat' dir='ltr'>ad</span> 
     </span>
     <span class='ocr_line' id='line_1_43' title="bbox 223 2382 1235 2430; baseline -0.005 -10"><span class='ocrx_word' id='word_1_267' title='bbox 223 2391 360 2430; x_wconf 79' lang='lat' dir='ltr'>primam</span> <span class='ocrx_word' id='word_1_268' title='bbox 385 2388 652 2429; x_wconf 74' lang='lat' dir='ltr'>promissionem:</span> <span class='ocrx_word' id='word_1_269' title='bbox 677 2387 782 2415; x_wconf 71' lang='lat' dir='ltr'>Senwn</span> <span class='ocrx_word' id='word_1_270' title='bbox 796 2386 930 2415; x_wconf 76' lang='lat' dir='ltr'>mulieris</span> <span class='ocrx_word' id='word_1_271' title='bbox 948 2387 1142 2416; x_wconf 60' lang='lat' dir='ltr'>conculcabit</span> <span class='ocrx_word' id='word_1_272' title='bbox 1156 2397 1208 2415; x_wconf 71' lang='lat' dir='ltr'>ca-</span> <span class='ocrx_word' id='word_1_273' title='bbox 1231 2382 1235 2416; x_wconf 97' lang='grc' dir='ltr'>Ι</span> 
     </span>
     <span class='ocr_line' id='line_1_44' title="bbox 220 2428 1208 2471; baseline -0.002 -10"><span class='ocrx_word' id='word_1_274' title='bbox 220 2436 278 2471; x_wconf 77' lang='lat' dir='ltr'>put</span> <span class='ocrx_word' id='word_1_275' title='bbox 300 2433 466 2470; x_wconf 70' lang='lat' dir='ltr'>serpentis:</span> <span class='ocrx_word' id='word_1_276' title='bbox 505 2430 535 2461; x_wconf 87' lang='lat' dir='ltr'>id</span> <span class='ocrx_word' id='word_1_277' title='bbox 559 2436 622 2467; x_wconf 76' lang='lat' dir='ltr'>est,</span> <span class='ocrx_word' id='word_1_278' title='bbox 652 2428 829 2460; x_wconf 82' lang='lat' dir='ltr'>Diabolum</span> <span class='ocrx_word' id='word_1_279' title='bbox 854 2436 883 2459; x_wconf 85' lang='lat' dir='ltr'>et</span> <span class='ocrx_word' id='word_1_280' title='bbox 916 2431 987 2461; x_wconf 68' lang='lat' dir='ltr'>eihs</span> <span class='ocrx_word' id='word_1_281' title='bbox 1018 2430 1208 2471; x_wconf 79' lang='lat' dir='ltr'>potentiam,</span> 
     </span>
     <span class='ocr_line' id='line_1_45' title="bbox 223 2473 1207 2516; baseline -0.004 -10"><span class='ocrx_word' id='word_1_282' title='bbox 223 2474 315 2507; x_wconf 62' lang='lat' dir='ltr'>tollet</span> <span class='ocrx_word' id='word_1_283' title='bbox 339 2481 515 2516; x_wconf 84' lang='lat' dir='ltr'>peccatum</span> <span class='ocrx_word' id='word_1_284' title='bbox 539 2479 570 2504; x_wconf 85' lang='lat' dir='ltr'>et</span> <span class='ocrx_word' id='word_1_285' title='bbox 594 2480 742 2509; x_wconf 83' lang='lat' dir='ltr'>mortem,</span> <span class='ocrx_word' id='word_1_286' title='bbox 767 2478 799 2503; x_wconf 92' lang='lat' dir='ltr'>et</span> <span class='ocrx_word' id='word_1_287' title='bbox 822 2474 971 2503; x_wconf 71' lang='lat' dir='ltr'>restituet</span> <span class='ocrx_word' id='word_1_288' title='bbox 997 2474 1095 2504; x_wconf 82' lang='lat' dir='ltr'>nobis</span> <span class='ocrx_word' id='word_1_289' title='bbox 1115 2473 1207 2504; x_wconf 89' lang='lat' dir='ltr'>iusti-</span> 
     </span>
     <span class='ocr_line' id='line_1_46' title="bbox 224 2515 1207 2550; baseline -0.003 -1"><span class='ocrx_word' id='word_1_290' title='bbox 224 2519 300 2549; x_wconf 82' lang='lat' dir='ltr'>tiam</span> <span class='ocrx_word' id='word_1_291' title='bbox 325 2525 356 2549; x_wconf 87' lang='lat' dir='ltr'>et</span> <span class='ocrx_word' id='word_1_292' title='bbox 381 2519 477 2548; x_wconf 69' lang='lat' dir='ltr'>vitam</span> <span class='ocrx_word' id='word_1_293' title='bbox 512 2523 690 2548; x_wconf 88' lang='lat' dir='ltr'>aeternam.</span> <span class='ocrx_word' id='word_1_294' title='bbox 736 2515 833 2550; x_wconf 87' lang='lat' dir='ltr'>Quod</span> <span class='ocrx_word' id='word_1_295' title='bbox 867 2522 976 2546; x_wconf 84' lang='lat' dir='ltr'>autem</span> <span class='ocrx_word' id='word_1_296' title='bbox 1009 2516 1094 2547; x_wconf 80' lang='lat' dir='ltr'>hacc</span> <span class='ocrx_word' id='word_1_297' title='bbox 1128 2526 1207 2547; x_wconf 80' lang='lat' dir='ltr'>vere</span> 
     </span>
     <span class='ocr_line' id='line_1_47' title="bbox 224 2557 1236 2600; baseline -0.003 -8"><span class='ocrx_word' id='word_1_298' title='bbox 224 2560 316 2599; x_wconf 84' lang='lat' dir='ltr'>flant,</span> <span class='ocrx_word' id='word_1_299' title='bbox 339 2561 527 2592; x_wconf 82' lang='lat' dir='ltr'>declaratur</span> <span class='ocrx_word' id='word_1_300' title='bbox 551 2561 582 2591; x_wconf 89' lang='lat' dir='ltr'>in</span> <span class='ocrx_word' id='word_1_301' title='bbox 609 2558 806 2600; x_wconf 76' lang='lat' dir='ltr'>Evangelio,</span> <span class='ocrx_word' id='word_1_302' title='bbox 836 2557 988 2589; x_wconf 81' lang='lat' dir='ltr'>videlicet</span> <span class='ocrx_word' id='word_1_303' title='bbox 1018 2559 1120 2590; x_wconf 82' lang='lat' dir='ltr'>tilium</span> <span class='ocrx_word' id='word_1_304' title='bbox 1143 2558 1206 2589; x_wconf 81' lang='lat' dir='ltr'>Dei</span> <span class='ocrx_word' id='word_1_305' title='bbox 1231 2567 1236 2596; x_wconf 76' lang='grc' dir='ltr'>ῑ</span> 
     </span>
     <span class='ocr_line' id='line_1_48' title="bbox 223 2602 1208 2641; baseline -0.002 -6"><span class='ocrx_word' id='word_1_306' title='bbox 223 2603 287 2635; x_wconf 87' lang='lat' dir='ltr'>Dei</span> <span class='ocrx_word' id='word_1_307' title='bbox 311 2614 388 2635; x_wconf 75' lang='lat' dir='ltr'>esse</span> <span class='ocrx_word' id='word_1_308' title='bbox 412 2604 558 2641; x_wconf 75' lang='lat' dir='ltr'>missum,</span> <span class='ocrx_word' id='word_1_309' title='bbox 594 2610 623 2634; x_wconf 92' lang='lat' dir='ltr'>et</span> <span class='ocrx_word' id='word_1_310' title='bbox 659 2603 848 2633; x_wconf 80' lang='lat' dir='ltr'>restitueret</span> <span class='ocrx_word' id='word_1_311' title='bbox 876 2602 972 2632; x_wconf 78' lang='lat' dir='ltr'>nobis</span> <span class='ocrx_word' id='word_1_312' title='bbox 997 2603 1153 2633; x_wconf 74' lang='lat' dir='ltr'>iustitiam</span> <span class='ocrx_word' id='word_1_313' title='bbox 1177 2608 1208 2633; x_wconf 90' lang='lat' dir='ltr'>et</span> 
     </span>
     <span class='ocr_line' id='line_1_49' title="bbox 224 2644 1208 2688; baseline -0.002 -10"><span class='ocrx_word' id='word_1_314' title='bbox 224 2647 323 2680; x_wconf 83' lang='lat' dir='ltr'>vitam</span> <span class='ocrx_word' id='word_1_315' title='bbox 346 2653 524 2678; x_wconf 82' lang='lat' dir='ltr'>aeternam.</span> <span class='ocrx_word' id='word_1_316' title='bbox 572 2646 612 2678; x_wconf 88' lang='lat' dir='ltr'>Et</span> <span class='ocrx_word' id='word_1_317' title='bbox 645 2646 735 2688; x_wconf 85' lang='lat' dir='ltr'>quod</span> <span class='ocrx_word' id='word_1_318' title='bbox 768 2650 940 2686; x_wconf 85' lang='lat' dir='ltr'>praeterea</span> <span class='ocrx_word' id='word_1_319' title='bbox 975 2644 1007 2674; x_wconf 90' lang='lat' dir='ltr'>in</span> <span class='ocrx_word' id='word_1_320' title='bbox 1043 2645 1105 2676; x_wconf 76' lang='lat' dir='ltr'>hac</span> <span class='ocrx_word' id='word_1_321' title='bbox 1141 2646 1208 2676; x_wconf 73' lang='lat' dir='ltr'>vita</span> 
     </span>
    </p>
   </div>
   <div class='ocr_carea' id='block_1_16' title="bbox 871 169 1608 203">
    <p class='ocr_par' dir='ltr' id='par_1_18' title="bbox 871 169 1608 203">
     <span class='ocr_line' id='line_1_50' title="bbox 871 169 1608 203; baseline 0.003 -2"><span class='ocrx_word' id='word_1_322' title='bbox 871 171 981 202; x_wconf 61' lang='lat' dir='ltr'>Ptin..</span> <span class='ocrx_word' id='word_1_323' title='bbox 1006 170 1107 201; x_wconf 83' lang='lat' dir='ltr'>MEL.</span> <span class='ocrx_word' id='word_1_324' title='bbox 1132 169 1319 202; x_wconf 82' lang='lat' dir='ltr'><strong>SCRIPTA</strong></span> <span class='ocrx_word' id='word_1_325' title='bbox 1344 170 1608 203; x_wconf 73' lang='lat' dir='ltr'>EXEGETICA.</span> 
     </span>
    </p>
   </div>
   <div class='ocr_carea' id='block_1_17' title="bbox 1234 1132 1399 1160">
    <p class='ocr_par' dir='ltr' id='par_1_19' title="bbox 1234 1132 1399 1160">
     <span class='ocr_line' id='line_1_51' title="bbox 1234 1132 1399 1160; baseline 0.006 -1"><span class='ocrx_word' id='word_1_326' title='bbox 1234 1146 1236 1159; x_wconf 70' lang='lat'>1</span> <span class='ocrx_word' id='word_1_327' title='bbox 1262 1132 1333 1160; x_wconf 75' lang='lat' dir='ltr'>zcirs</span> <span class='ocrx_word' id='word_1_328' title='bbox 1355 1132 1399 1160; x_wconf 77' lang='lat' dir='ltr'>ia.</span> 
     </span>
    </p>
   </div>
   <div class='ocr_carea' id='block_1_18' title="bbox 2184 175 2248 209">
    <p class='ocr_par' dir='ltr' id='par_1_20' title="bbox 2184 175 2248 209">
     <span class='ocr_line' id='line_1_52' title="bbox 2184 175 2248 209; baseline 0.047 -3"><span class='ocrx_word' id='word_1_329' title='bbox 2184 175 2248 209; x_wconf 77' lang='lat'>848</span> 
     </span>
    </p>
   </div>
   <div class='ocr_carea' id='block_1_19' title="bbox 1265 264 2247 302">
    <p class='ocr_par' dir='ltr' id='par_1_21' title="bbox 1265 264 2247 302">
     <span class='ocr_line' id='line_1_53' title="bbox 1265 264 2247 302; baseline 0.006 -7"><span class='ocrx_word' id='word_1_330' title='bbox 1265 271 1377 295; x_wconf 88' lang='lat' dir='ltr'>servet</span> <span class='ocrx_word' id='word_1_331' title='bbox 1414 264 1612 297; x_wconf 60' lang='lat' dir='ltr'>Ecclesiam.</span> <span class='ocrx_word' id='word_1_332' title='bbox 1679 266 1762 297; x_wconf 86' lang='lat' dir='ltr'>Nam</span> <span class='ocrx_word' id='word_1_333' title='bbox 1803 268 1990 298; x_wconf 82' lang='lat' dir='ltr'>testimonia</span> <span class='ocrx_word' id='word_1_334' title='bbox 2029 269 2062 299; x_wconf 88' lang='lat' dir='ltr'>in</span> <span class='ocrx_word' id='word_1_335' title='bbox 2095 267 2247 302; x_wconf 70' lang='lat' dir='ltr'>Ecclesia</span> 
     </span>
    </p>
   </div>
   <div class='ocr_carea' id='block_1_20' title="bbox 1236 307 2246 352">
    <p class='ocr_par' dir='ltr' id='par_1_22' title="bbox 1236 307 2246 352">
     <span class='ocr_line' id='line_1_54' title="bbox 1236 307 2246 352; baseline 0.006 -14"><span class='ocrx_word' id='word_1_336' title='bbox 1236 313 1239 336; x_wconf 60' lang='grc' dir='ltr'>ἒ</span> <span class='ocrx_word' id='word_1_337' title='bbox 1265 308 1361 339; x_wconf 84' lang='lat' dir='ltr'>etiam</span> <span class='ocrx_word' id='word_1_338' title='bbox 1386 307 1450 339; x_wconf 90' lang='lat' dir='ltr'>hoc</span> <span class='ocrx_word' id='word_1_339' title='bbox 1475 307 1768 350; x_wconf 79' lang='lat' dir='ltr'>comprehendunt,</span> <span class='ocrx_word' id='word_1_340' title='bbox 1803 311 1891 352; x_wconf 86' lang='lat' dir='ltr'>quod</span> <span class='ocrx_word' id='word_1_341' title='bbox 1915 310 2008 342; x_wconf 89' lang='lat' dir='ltr'>Deus</span> <span class='ocrx_word' id='word_1_342' title='bbox 2045 309 2122 343; x_wconf 87' lang='lat' dir='ltr'>velit</span> <span class='ocrx_word' id='word_1_343' title='bbox 2151 314 2246 344; x_wconf 81' lang='lat' dir='ltr'>etiam</span> 
     </span>
    </p>
   </div>
   <div class='ocr_carea' id='block_1_21' title="bbox 1263 350 2247 387">
    <p class='ocr_par' dir='ltr' id='par_1_23' title="bbox 1263 350 2247 387">
     <span class='ocr_line' id='line_1_55' title="bbox 1263 350 2247 387; baseline 0.005 -6"><span class='ocrx_word' id='word_1_344' title='bbox 1263 351 1296 381; x_wconf 94' lang='lat' dir='ltr'>in</span> <span class='ocrx_word' id='word_1_345' title='bbox 1320 350 1383 382; x_wconf 89' lang='lat' dir='ltr'>hac</span> <span class='ocrx_word' id='word_1_346' title='bbox 1407 352 1472 382; x_wconf 79' lang='lat' dir='ltr'>vita</span> <span class='ocrx_word' id='word_1_347' title='bbox 1507 362 1642 383; x_wconf 74' lang='lat' dir='ltr'>servare</span> <span class='ocrx_word' id='word_1_348' title='bbox 1666 351 1863 383; x_wconf 83' lang='lat' dir='ltr'>Ecclesiam.</span> <span class='ocrx_word' id='word_1_349' title='bbox 1931 354 2024 385; x_wconf 83' lang='lat' dir='ltr'>Sicut</span> <span class='ocrx_word' id='word_1_350' title='bbox 2057 353 2140 385; x_wconf 81' lang='lat' dir='ltr'>alias</span> <span class='ocrx_word' id='word_1_351' title='bbox 2169 355 2247 387; x_wconf 87' lang='lat' dir='ltr'>dici-</span> 
     </span>
    </p>
   </div>
   <div class='ocr_carea' id='block_1_22' title="bbox 1238 396 2248 438">
    <p class='ocr_par' dir='ltr' id='par_1_24' title="bbox 1238 396 2248 438">
     <span class='ocr_line' id='line_1_56' title="bbox 1238 396 2248 438; baseline 0.006 -14"><span class='ocrx_word' id='word_1_352' title='bbox 1238 400 1328 432; x_wconf 63' lang='lat' dir='ltr'>,tur,</span> <span class='ocrx_word' id='word_1_353' title='bbox 1365 406 1424 426; x_wconf 86' lang='lat' dir='ltr'>cur</span> <span class='ocrx_word' id='word_1_354' title='bbox 1458 396 1623 435; x_wconf 78' lang='lat' dir='ltr'>promissa</span> <span class='ocrx_word' id='word_1_355' title='bbox 1658 396 1723 426; x_wconf 73' lang='lat' dir='ltr'>sint</span> <span class='ocrx_word' id='word_1_356' title='bbox 1757 397 1854 427; x_wconf 84' lang='lat' dir='ltr'>etiam</span> <span class='ocrx_word' id='word_1_357' title='bbox 1890 398 1977 428; x_wconf 76' lang='lat' dir='ltr'>bona</span> <span class='ocrx_word' id='word_1_358' title='bbox 2011 397 2201 438; x_wconf 85' lang='lat' dir='ltr'>corporalia</span> <span class='ocrx_word' id='word_1_359' title='bbox 2228 409 2248 430; x_wconf 78' lang='lat' dir='ltr'>a</span> 
     </span>
    </p>
   </div>
   <div class='ocr_carea' id='block_1_23' title="bbox 1263 436 2250 652">
    <p class='ocr_par' dir='ltr' id='par_1_25' title="bbox 1263 436 1350 469">
     <span class='ocr_line' id='line_1_57' title="bbox 1263 436 1350 469; baseline -0.011 0"><span class='ocrx_word' id='word_1_360' title='bbox 1263 436 1350 469; x_wconf 85' lang='lat' dir='ltr'>Deo.</span> 
     </span>
    </p>

    <p class='ocr_par' dir='ltr' id='par_1_26' title="bbox 1263 480 2250 652">
     <span class='ocr_line' id='line_1_58' title="bbox 1351 480 2247 524; baseline 0.003 -12"><span class='ocrx_word' id='word_1_361' title='bbox 1351 481 1534 513; x_wconf 74' lang='lat' dir='ltr'>Promissio</span> <span class='ocrx_word' id='word_1_362' title='bbox 1559 482 1599 512; x_wconf 91' lang='lat' dir='ltr'>de</span> <span class='ocrx_word' id='word_1_363' title='bbox 1622 480 1747 513; x_wconf 47' lang='lat' dir='ltr'>Mes-sia</span> <span class='ocrx_word' id='word_1_364' title='bbox 1770 482 1918 513; x_wconf 87' lang='lat' dir='ltr'>continet</span> <span class='ocrx_word' id='word_1_365' title='bbox 1941 482 2166 524; x_wconf 84' lang='lat' dir='ltr'>principaliter</span> <span class='ocrx_word' id='word_1_366' title='bbox 2189 485 2247 515; x_wconf 84' lang='lat' dir='ltr'>bo-</span> 
     </span>
     <span class='ocr_line' id='line_1_59' title="bbox 1263 524 2250 565; baseline 0.004 -11"><span class='ocrx_word' id='word_1_367' title='bbox 1263 533 1307 554; x_wconf 81' lang='lat' dir='ltr'>na</span> <span class='ocrx_word' id='word_1_368' title='bbox 1329 531 1481 556; x_wconf 83' lang='lat' dir='ltr'>aeterna:</span> <span class='ocrx_word' id='word_1_369' title='bbox 1512 525 1572 555; x_wconf 77' lang='lat' dir='ltr'>sed</span> <span class='ocrx_word' id='word_1_370' title='bbox 1608 531 1714 555; x_wconf 70' lang='lat' dir='ltr'>tamen</span> <span class='ocrx_word' id='word_1_371' title='bbox 1749 524 1929 565; x_wconf 87' lang='lat' dir='ltr'>pollicetur</span> <span class='ocrx_word' id='word_1_372' title='bbox 1961 527 2060 558; x_wconf 86' lang='lat' dir='ltr'>etiam</span> <span class='ocrx_word' id='word_1_373' title='bbox 2094 527 2183 558; x_wconf 87' lang='lat' dir='ltr'>bona</span> <span class='ocrx_word' id='word_1_374' title='bbox 2216 528 2250 559; x_wconf 83' lang='lat' dir='ltr'>iu</span> 
     </span>
     <span class='ocr_line' id='line_1_60' title="bbox 1263 566 2250 612; baseline 0.005 -15"><span class='ocrx_word' id='word_1_375' title='bbox 1263 566 1327 598; x_wconf 87' lang='lat' dir='ltr'>hac</span> <span class='ocrx_word' id='word_1_376' title='bbox 1351 569 1427 599; x_wconf 82' lang='lat' dir='ltr'>vita.</span> <span class='ocrx_word' id='word_1_377' title='bbox 1474 568 1586 603; x_wconf 82' lang='lat' dir='ltr'>Quare</span> <span class='ocrx_word' id='word_1_378' title='bbox 1621 568 1779 608; x_wconf 81' lang='lat' dir='ltr'>promittit</span> <span class='ocrx_word' id='word_1_379' title='bbox 1814 569 1901 599; x_wconf 88' lang='lat' dir='ltr'>bona</span> <span class='ocrx_word' id='word_1_380' title='bbox 1919 570 1951 599; x_wconf 93' lang='lat' dir='ltr'>in</span> <span class='ocrx_word' id='word_1_381' title='bbox 1975 569 2039 600; x_wconf 87' lang='lat' dir='ltr'>hac</span> <span class='ocrx_word' id='word_1_382' title='bbox 2061 569 2149 601; x_wconf 73' lang='lat' dir='ltr'>vita?</span> <span class='ocrx_word' id='word_1_383' title='bbox 2173 570 2250 612; x_wconf 85' lang='lat' dir='ltr'>quia</span> 
     </span>
     <span class='ocr_line' id='line_1_61' title="bbox 1263 610 2250 652; baseline 0.004 -11"><span class='ocrx_word' id='word_1_384' title='bbox 1263 617 1397 650; x_wconf 81' lang='lat' dir='ltr'>oportet</span> <span class='ocrx_word' id='word_1_385' title='bbox 1425 621 1501 642; x_wconf 82' lang='lat' dir='ltr'>esse</span> <span class='ocrx_word' id='word_1_386' title='bbox 1529 610 1673 652; x_wconf 83' lang='lat' dir='ltr'>aliquam</span> <span class='ocrx_word' id='word_1_387' title='bbox 1697 610 1883 643; x_wconf 84' lang='lat' dir='ltr'>Ecclesiam</span> <span class='ocrx_word' id='word_1_388' title='bbox 1909 612 1940 643; x_wconf 92' lang='lat' dir='ltr'>in</span> <span class='ocrx_word' id='word_1_389' title='bbox 1975 611 2038 643; x_wconf 88' lang='lat' dir='ltr'>hac</span> <span class='ocrx_word' id='word_1_390' title='bbox 2062 613 2140 644; x_wconf 84' lang='lat' dir='ltr'>vita.</span> <span class='ocrx_word' id='word_1_391' title='bbox 2185 613 2250 649; x_wconf 85' lang='lat' dir='ltr'>Qui</span> 
     </span>
    </p>
   </div>
   <div class='ocr_carea' id='block_1_24' title="bbox 1245 653 2249 697">
    <p class='ocr_par' dir='ltr' id='par_1_27' title="bbox 1245 653 2249 697">
     <span class='ocr_line' id='line_1_62' title="bbox 1245 653 2249 697; baseline 0.004 -13"><span class='ocrx_word' id='word_1_392' title='bbox 1245 653 1317 688; x_wconf 81' lang='lat' dir='ltr'>,hic</span> <span class='ocrx_word' id='word_1_393' title='bbox 1341 666 1406 686; x_wconf 89' lang='lat' dir='ltr'>non</span> <span class='ocrx_word' id='word_1_394' title='bbox 1430 654 1564 686; x_wconf 83' lang='lat' dir='ltr'>inchoat</span> <span class='ocrx_word' id='word_1_395' title='bbox 1598 655 1798 695; x_wconf 79' lang='lat' dir='ltr'>agnitionem</span> <span class='ocrx_word' id='word_1_396' title='bbox 1833 654 1913 693; x_wconf 91' lang='lat' dir='ltr'>Dei,</span> <span class='ocrx_word' id='word_1_397' title='bbox 1946 656 1979 686; x_wconf 92' lang='lat' dir='ltr'>in</span> <span class='ocrx_word' id='word_1_398' title='bbox 2002 665 2069 697; x_wconf 90' lang='lat' dir='ltr'>quo</span> <span class='ocrx_word' id='word_1_399' title='bbox 2103 667 2171 687; x_wconf 87' lang='lat' dir='ltr'>nun</span> <span class='ocrx_word' id='word_1_400' title='bbox 2193 666 2249 688; x_wconf 82' lang='lat' dir='ltr'>ac·</span> 
     </span>
    </p>
   </div>
   <div class='ocr_carea' id='block_1_25' title="bbox 1264 697 2248 739">
    <p class='ocr_par' dir='ltr' id='par_1_28' title="bbox 1264 697 2248 739">
     <span class='ocr_line' id='line_1_63' title="bbox 1264 697 2248 739; baseline 0.004 -12"><span class='ocrx_word' id='word_1_401' title='bbox 1264 699 1413 730; x_wconf 67' lang='lat' dir='ltr'>cenditur</span> <span class='ocrx_word' id='word_1_402' title='bbox 1442 698 1525 729; x_wconf 79' lang='lat' dir='ltr'>fides</span> <span class='ocrx_word' id='word_1_403' title='bbox 1560 698 1593 728; x_wconf 91' lang='lat' dir='ltr'>in</span> <span class='ocrx_word' id='word_1_404' title='bbox 1626 697 1691 728; x_wconf 79' lang='lat' dir='ltr'>hac</span> <span class='ocrx_word' id='word_1_405' title='bbox 1726 698 1803 736; x_wconf 84' lang='lat' dir='ltr'>vita,</span> <span class='ocrx_word' id='word_1_406' title='bbox 1835 697 1892 729; x_wconf 88' lang='lat' dir='ltr'>ille</span> <span class='ocrx_word' id='word_1_407' title='bbox 1926 698 2093 739; x_wconf 87' lang='lat' dir='ltr'>periturus</span> <span class='ocrx_word' id='word_1_408' title='bbox 2128 706 2182 730; x_wconf 84' lang='lat' dir='ltr'>est</span> <span class='ocrx_word' id='word_1_409' title='bbox 2216 700 2248 731; x_wconf 85' lang='lat' dir='ltr'>in</span> 
     </span>
    </p>
   </div>
   <div class='ocr_carea' id='block_1_26' title="bbox 1237 739 2249 779">
    <p class='ocr_par' dir='ltr' id='par_1_29' title="bbox 1237 739 2249 779">
     <span class='ocr_line' id='line_1_64' title="bbox 1237 739 2249 779; baseline -0.001 -6"><span class='ocrx_word' id='word_1_410' title='bbox 1237 757 1238 763; x_wconf 56' lang='lat'>¹</span> <span class='ocrx_word' id='word_1_411' title='bbox 1264 742 1352 774; x_wconf 89' lang='lat' dir='ltr'>omni</span> <span class='ocrx_word' id='word_1_412' title='bbox 1375 742 1590 779; x_wconf 77' lang='lat' dir='ltr'>aeternitate,</span> <span class='ocrx_word' id='word_1_413' title='bbox 1615 739 1679 779; x_wconf 83' lang='lat' dir='ltr'>vel,</span> <span class='ocrx_word' id='word_1_414' title='bbox 1703 747 1738 772; x_wconf 90' lang='lat' dir='ltr'>ut</span> <span class='ocrx_word' id='word_1_415' title='bbox 1751 740 1907 772; x_wconf 80' lang='lat' dir='ltr'>Iohannis</span> <span class='ocrx_word' id='word_1_416' title='bbox 1931 741 1962 772; x_wconf 85' lang='grc'>3.</span> <span class='ocrx_word' id='word_1_417' title='bbox 1987 742 2081 773; x_wconf 84' lang='lat' dir='ltr'>dicit:</span> <span class='ocrx_word' id='word_1_418' title='bbox 2107 742 2167 778; x_wconf 79' lang='lat' dir='ltr'>Qui</span> <span class='ocrx_word' id='word_1_419' title='bbox 2188 753 2249 772; x_wconf 82' lang='lat' dir='ltr'>non</span> 
     </span>
    </p>
   </div>
   <div class='ocr_carea' id='block_1_27' title="bbox 1264 784 2249 823">
    <p class='ocr_par' dir='ltr' id='par_1_30' title="bbox 1264 784 2249 823">
     <span class='ocr_line' id='line_1_65' title="bbox 1264 784 2249 823; baseline 0.002 -9"><span class='ocrx_word' id='word_1_420' title='bbox 1264 785 1364 814; x_wconf 83' lang='lat' dir='ltr'>credit</span> <span class='ocrx_word' id='word_1_421' title='bbox 1387 786 1419 814; x_wconf 86' lang='lat' dir='ltr'>in</span> <span class='ocrx_word' id='word_1_422' title='bbox 1442 784 1567 821; x_wconf 70' lang='lat' dir='ltr'>Filium,</span> <span class='ocrx_word' id='word_1_423' title='bbox 1596 785 1658 813; x_wconf 81' lang='lat' dir='ltr'>iam</span> <span class='ocrx_word' id='word_1_424' title='bbox 1693 784 1913 814; x_wconf 68' lang='lat' dir='ltr'>condemnatus</span> <span class='ocrx_word' id='word_1_425' title='bbox 1941 788 1997 815; x_wconf 70' lang='lat' dir='ltr'>est.</span> <span class='ocrx_word' id='word_1_426' title='bbox 2049 785 2140 823; x_wconf 82' lang='lat' dir='ltr'>ltem,</span> <span class='ocrx_word' id='word_1_427' title='bbox 2166 785 2249 816; x_wconf 80' lang='lat' dir='ltr'>Esto</span> 
     </span>
    </p>
   </div>
   <div class='ocr_carea' id='block_1_28' title="bbox 1259 827 2257 868">
    <p class='ocr_par' dir='ltr' id='par_1_31' title="bbox 1259 827 2257 868">
     <span class='ocr_line' id='line_1_66' title="bbox 1259 827 2257 868; baseline 0.001 -11"><span class='ocrx_word' id='word_1_428' title='bbox 1259 828 1364 868; x_wconf 80' lang='lat' dir='ltr'>fidelis</span> <span class='ocrx_word' id='word_1_429' title='bbox 1382 837 1476 867; x_wconf 81' lang='lat' dir='ltr'>nsque</span> <span class='ocrx_word' id='word_1_430' title='bbox 1500 827 1543 856; x_wconf 78' lang='lat' dir='ltr'>tul</span> <span class='ocrx_word' id='word_1_431' title='bbox 1566 831 1702 865; x_wconf 71' lang='lat' dir='ltr'>morte-711,</span> <span class='ocrx_word' id='word_1_432' title='bbox 1734 831 1763 857; x_wconf 80' lang='lat' dir='ltr'>et</span> <span class='ocrx_word' id='word_1_433' title='bbox 1787 827 1870 857; x_wconf 71' lang='lat' dir='ltr'>dubo</span> <span class='ocrx_word' id='word_1_434' title='bbox 1901 828 1962 857; x_wconf 76' lang='lat' dir='ltr'><em>sibi</em></span> <span class='ocrx_word' id='word_1_435' title='bbox 1984 838 2131 858; x_wconf 82' lang='lat' dir='ltr'>coronam</span> <span class='ocrx_word' id='word_1_436' title='bbox 2153 830 2257 861; x_wconf 59' lang='lat' dir='ltr'>vitae.</span> 
     </span>
    </p>
   </div>
   <div class='ocr_carea' id='block_1_29' title="bbox 1260 869 2251 2252">
    <p class='ocr_par' dir='ltr' id='par_1_32' title="bbox 1261 869 2251 1550">
     <span class='ocr_line' id='line_1_67' title="bbox 1263 869 2249 913; baseline 0.002 -11"><span class='ocrx_word' id='word_1_437' title='bbox 1263 871 1307 902; x_wconf 90' lang='lat' dir='ltr'>Ut</span> <span class='ocrx_word' id='word_1_438' title='bbox 1330 871 1430 913; x_wconf 84' lang='lat' dir='ltr'>igitur</span> <span class='ocrx_word' id='word_1_439' title='bbox 1462 871 1504 901; x_wconf 85' lang='lat' dir='ltr'>sit</span> <span class='ocrx_word' id='word_1_440' title='bbox 1537 869 1714 908; x_wconf 77' lang='lat' dir='ltr'>Ecclesia,</span> <span class='ocrx_word' id='word_1_441' title='bbox 1750 871 1868 902; x_wconf 86' lang='lat' dir='ltr'>dantur</span> <span class='ocrx_word' id='word_1_442' title='bbox 1902 871 1998 902; x_wconf 80' lang='lat' dir='ltr'>etiam</span> <span class='ocrx_word' id='word_1_443' title='bbox 2033 871 2195 904; x_wconf 87' lang='lat' dir='ltr'>beneficia</span> <span class='ocrx_word' id='word_1_444' title='bbox 2216 872 2249 903; x_wconf 84' lang='lat' dir='ltr'>in</span> 
     </span>
     <span class='ocr_line' id='line_1_68' title="bbox 1263 913 2249 955; baseline 0 -9"><span class='ocrx_word' id='word_1_445' title='bbox 1263 914 1326 946; x_wconf 81' lang='lat' dir='ltr'>hae</span> <span class='ocrx_word' id='word_1_446' title='bbox 1349 915 1428 952; x_wconf 77' lang='lat' dir='ltr'>vita,</span> <span class='ocrx_word' id='word_1_447' title='bbox 1451 913 1510 944; x_wconf 90' lang='lat' dir='ltr'>sed</span> <span class='ocrx_word' id='word_1_448' title='bbox 1534 914 1653 944; x_wconf 82' lang='lat' dir='ltr'>dantur</span> <span class='ocrx_word' id='word_1_449' title='bbox 1677 924 1750 944; x_wconf 86' lang='lat' dir='ltr'>cum</span> <span class='ocrx_word' id='word_1_450' title='bbox 1774 915 1971 955; x_wconf 78' lang='lat' dir='ltr'>exceptione</span> <span class='ocrx_word' id='word_1_451' title='bbox 1994 915 2103 946; x_wconf 83' lang='lat' dir='ltr'>crucis</span> <span class='ocrx_word' id='word_1_452' title='bbox 2127 921 2160 946; x_wconf 89' lang='lat' dir='ltr'>et</span> <span class='ocrx_word' id='word_1_453' title='bbox 2197 924 2249 947; x_wconf 81' lang='lat' dir='ltr'>ca-</span> 
     </span>
     <span class='ocr_line' id='line_1_69' title="bbox 1262 955 2250 1000; baseline 0.002 -12"><span class='ocrx_word' id='word_1_454' title='bbox 1262 957 1462 1000; x_wconf 78' lang='lat' dir='ltr'>stigationis.</span> <span class='ocrx_word' id='word_1_455' title='bbox 1510 955 1663 991; x_wconf 82' lang='lat' dir='ltr'>Quantae</span> <span class='ocrx_word' id='word_1_456' title='bbox 1686 964 1764 988; x_wconf 84' lang='lat' dir='ltr'>sunt</span> <span class='ocrx_word' id='word_1_457' title='bbox 1788 958 1902 988; x_wconf 79' lang='lat' dir='ltr'>ruinae</span> <span class='ocrx_word' id='word_1_458' title='bbox 1937 958 2070 999; x_wconf 82' lang='lat' dir='ltr'>generis</span> <span class='ocrx_word' id='word_1_459' title='bbox 2104 957 2250 997; x_wconf 84' lang='lat' dir='ltr'>humani,</span> 
     </span>
     <span class='ocr_line' id='line_1_70' title="bbox 1263 998 2250 1040; baseline 0 -8"><span class='ocrx_word' id='word_1_460' title='bbox 1263 1007 1294 1033; x_wconf 83' lang='lat' dir='ltr'>et</span> <span class='ocrx_word' id='word_1_461' title='bbox 1317 1007 1427 1031; x_wconf 85' lang='lat' dir='ltr'>tamen</span> <span class='ocrx_word' id='word_1_462' title='bbox 1447 1001 1532 1030; x_wconf 87' lang='lat' dir='ltr'>inter</span> <span class='ocrx_word' id='word_1_463' title='bbox 1551 998 1624 1030; x_wconf 84' lang='lat' dir='ltr'>illas</span> <span class='ocrx_word' id='word_1_464' title='bbox 1640 1000 1789 1031; x_wconf 76' lang='lat' dir='ltr'>miserias</span> <span class='ocrx_word' id='word_1_465' title='bbox 1811 1007 1924 1032; x_wconf 83' lang='lat' dir='ltr'>servat</span> <span class='ocrx_word' id='word_1_466' title='bbox 1936 1000 2030 1032; x_wconf 88' lang='lat' dir='ltr'>Deus</span> <span class='ocrx_word' id='word_1_467' title='bbox 2050 999 2250 1040; x_wconf 84' lang='lat' dir='ltr'>Ecclesiam,</span> 
     </span>
     <span class='ocr_line' id='line_1_71' title="bbox 1262 1043 2250 1085; baseline -0.001 -9"><span class='ocrx_word' id='word_1_468' title='bbox 1262 1052 1295 1076; x_wconf 91' lang='lat' dir='ltr'>et</span> <span class='ocrx_word' id='word_1_469' title='bbox 1318 1049 1652 1084; x_wconf 67' lang='lat' dir='ltr'>sei&#39;vatquassatan13</span> <span class='ocrx_word' id='word_1_470' title='bbox 1676 1043 1752 1084; x_wconf 83' lang='lat' dir='ltr'>quia</span> <span class='ocrx_word' id='word_1_471' title='bbox 1766 1043 1920 1074; x_wconf 83' lang='lat' dir='ltr'>Ecclesia</span> <span class='ocrx_word' id='word_1_472' title='bbox 1942 1044 2040 1075; x_wconf 84' lang='lat' dir='ltr'>etiam</span> <span class='ocrx_word' id='word_1_473' title='bbox 2065 1045 2163 1075; x_wconf 83' lang='lat' dir='ltr'>sentit</span> <span class='ocrx_word' id='word_1_474' title='bbox 2176 1055 2250 1085; x_wconf 86' lang='lat' dir='ltr'>par-</span> 
     </span>
     <span class='ocr_line' id='line_1_72' title="bbox 1261 1085 2250 1125; baseline -0.003 -6"><span class='ocrx_word' id='word_1_475' title='bbox 1261 1094 1327 1119; x_wconf 87' lang='lat' dir='ltr'>tem</span> <span class='ocrx_word' id='word_1_476' title='bbox 1340 1085 1468 1117; x_wconf 86' lang='lat' dir='ltr'>illarum</span> <span class='ocrx_word' id='word_1_477' title='bbox 1493 1085 1727 1117; x_wconf 85' lang='lat' dir='ltr'>calamitatum.</span> <span class='ocrx_word' id='word_1_478' title='bbox 1759 1085 1871 1115; x_wconf 76' lang='lat' dir='ltr'>chns</span> <span class='ocrx_word' id='word_1_479' title='bbox 1892 1087 1996 1116; x_wconf 76' lang='lat' dir='ltr'>tleeuer</span> <span class='ocrx_word' id='word_1_480' title='bbox 2008 1087 2098 1120; x_wconf 81' lang='lat' dir='ltr'>wird,</span> <span class='ocrx_word' id='word_1_481' title='bbox 2117 1087 2250 1125; x_wconf 73' lang='lat' dir='ltr'>sosz&#39;ilm</span> 
     </span>
     <span class='ocr_line' id='line_1_73' title="bbox 1447 1127 2250 1162; baseline 0.002 -2"><span class='ocrx_word' id='word_1_482' title='bbox 1447 1129 1625 1160; x_wconf 80' lang='lat' dir='ltr'>Praeterea</span> <span class='ocrx_word' id='word_1_483' title='bbox 1649 1127 1721 1160; x_wconf 83' lang='lat' dir='ltr'>vult</span> <span class='ocrx_word' id='word_1_484' title='bbox 1742 1128 1837 1160; x_wconf 75' lang='lat' dir='ltr'>Deus</span> <span class='ocrx_word' id='word_1_485' title='bbox 1871 1130 1949 1161; x_wconf 81' lang='lat' dir='ltr'>sciri</span> <span class='ocrx_word' id='word_1_486' title='bbox 1984 1128 2040 1160; x_wconf 86' lang='lat' dir='ltr'>illa</span> <span class='ocrx_word' id='word_1_487' title='bbox 2065 1131 2152 1161; x_wconf 86' lang='lat' dir='ltr'>bona</span> <span class='ocrx_word' id='word_1_488' title='bbox 2182 1141 2250 1162; x_wconf 89' lang='lat' dir='ltr'>non</span> 
     </span>
     <span class='ocr_line' id='line_1_74' title="bbox 1262 1171 2250 1213; baseline -0.001 -7"><span class='ocrx_word' id='word_1_489' title='bbox 1262 1184 1344 1206; x_wconf 84' lang='lat' dir='ltr'>casu</span> <span class='ocrx_word' id='word_1_490' title='bbox 1369 1173 1477 1204; x_wconf 85' lang='lat' dir='ltr'>obiici.</span> <span class='ocrx_word' id='word_1_491' title='bbox 1525 1174 1603 1202; x_wconf 86' lang='lat' dir='ltr'>Item</span> <span class='ocrx_word' id='word_1_492' title='bbox 1628 1171 1699 1203; x_wconf 84' lang='lat' dir='ltr'>vult</span> <span class='ocrx_word' id='word_1_493' title='bbox 1726 1172 1824 1203; x_wconf 85' lang='lat' dir='ltr'>fidem</span> <span class='ocrx_word' id='word_1_494' title='bbox 1848 1173 1996 1204; x_wconf 84' lang='lat' dir='ltr'>exerceri</span> <span class='ocrx_word' id='word_1_495' title='bbox 2015 1173 2172 1213; x_wconf 85' lang='lat' dir='ltr'>petitione</span> <span class='ocrx_word' id='word_1_496' title='bbox 2195 1174 2250 1205; x_wconf 88' lang='lat' dir='ltr'>bo-</span> 
     </span>
     <span class='ocr_line' id='line_1_75' title="bbox 1262 1214 2250 1256; baseline -0.001 -8"><span class='ocrx_word' id='word_1_497' title='bbox 1262 1227 1378 1248; x_wconf 88' lang='lat' dir='ltr'>norum</span> <span class='ocrx_word' id='word_1_498' title='bbox 1404 1214 1636 1256; x_wconf 81' lang='lat' dir='ltr'>corporalium.</span> <span class='ocrx_word' id='word_1_499' title='bbox 1684 1214 1765 1246; x_wconf 88' lang='lat' dir='ltr'>Vult</span> <span class='ocrx_word' id='word_1_500' title='bbox 1799 1216 1879 1247; x_wconf 81' lang='lat' dir='ltr'>sciri</span> <span class='ocrx_word' id='word_1_501' title='bbox 1906 1227 2022 1247; x_wconf 88' lang='lat' dir='ltr'>omnes</span> <span class='ocrx_word' id='word_1_502' title='bbox 2056 1217 2250 1256; x_wconf 88' lang='lat' dir='ltr'>promissio—</span> 
     </span>
     <span class='ocr_line' id='line_1_76' title="bbox 1262 1256 2250 1301; baseline 0.003 -13"><span class='ocrx_word' id='word_1_503' title='bbox 1262 1270 1320 1292; x_wconf 70' lang='lat' dir='ltr'>nes</span> <span class='ocrx_word' id='word_1_504' title='bbox 1356 1257 1550 1299; x_wconf 81' lang='lat' dir='ltr'>corporales</span> <span class='ocrx_word' id='word_1_505' title='bbox 1595 1256 1789 1289; x_wconf 80' lang='lat' dir='ltr'>referendas</span> <span class='ocrx_word' id='word_1_506' title='bbox 1824 1269 1901 1290; x_wconf 80' lang='lat' dir='ltr'>esse</span> <span class='ocrx_word' id='word_1_507' title='bbox 1949 1260 1991 1290; x_wconf 87' lang='lat' dir='ltr'>ad</span> <span class='ocrx_word' id='word_1_508' title='bbox 2031 1259 2250 1301; x_wconf 83' lang='lat' dir='ltr'>spiritualem:</span> 
     </span>
     <span class='ocr_line' id='line_1_77' title="bbox 1263 1300 2251 1344; baseline 0.002 -10"><span class='ocrx_word' id='word_1_509' title='bbox 1263 1304 1338 1344; x_wconf 80' lang='lat' dir='ltr'>quia</span> <span class='ocrx_word' id='word_1_510' title='bbox 1362 1300 1500 1344; x_wconf 68' lang='lat' dir='ltr'>piopter</span> <span class='ocrx_word' id='word_1_511' title='bbox 1530 1301 1698 1332; x_wconf 59' lang='lat' dir='ltr'>Christum</span> <span class='ocrx_word' id='word_1_512' title='bbox 1733 1311 1848 1333; x_wconf 87' lang='lat' dir='ltr'>omnes</span> <span class='ocrx_word' id='word_1_513' title='bbox 1883 1303 2122 1342; x_wconf 81' lang='lat' dir='ltr'>promissiones</span> <span class='ocrx_word' id='word_1_514' title='bbox 2157 1309 2251 1336; x_wconf 77' lang='lat' dir='ltr'>ratae</span> 
     </span>
     <span class='ocr_line' id='line_1_78' title="bbox 1262 1344 2250 1388; baseline 0 -11"><span class='ocrx_word' id='word_1_515' title='bbox 1262 1351 1352 1383; x_wconf 81' lang='lat' dir='ltr'>sunt,</span> <span class='ocrx_word' id='word_1_516' title='bbox 1378 1351 1410 1377; x_wconf 85' lang='lat' dir='ltr'>et</span> <span class='ocrx_word' id='word_1_517' title='bbox 1443 1345 1564 1376; x_wconf 87' lang='lat' dir='ltr'>debent</span> <span class='ocrx_word' id='word_1_518' title='bbox 1601 1354 1677 1375; x_wconf 87' lang='lat' dir='ltr'>esse</span> <span class='ocrx_word' id='word_1_519' title='bbox 1711 1344 2050 1377; x_wconf 83' lang='lat' dir='ltr'>eonnnonefactiones</span> <span class='ocrx_word' id='word_1_520' title='bbox 2085 1346 2126 1376; x_wconf 88' lang='lat' dir='ltr'>de</span> <span class='ocrx_word' id='word_1_521' title='bbox 2153 1347 2250 1388; x_wconf 88' lang='lat' dir='ltr'>spiri—</span> 
     </span>
     <span class='ocr_line' id='line_1_79' title="bbox 1262 1388 2250 1429; baseline -0.001 -9"><span class='ocrx_word' id='word_1_522' title='bbox 1262 1388 1583 1429; x_wconf 82' lang='lat' dir='ltr'>tualipromissione-</span> <span class='ocrx_word' id='word_1_523' title='bbox 1608 1388 1854 1423; x_wconf 86' lang='lat' dir='ltr'>Quandodicis:</span> <span class='ocrx_word' id='word_1_524' title='bbox 1869 1389 1985 1419; x_wconf 78' lang='lat' dir='ltr'>Panem</span> <span class='ocrx_word' id='word_1_525' title='bbox 2006 1391 2250 1429; x_wconf 74' lang='lat' dir='ltr'>uostrzcmquoti-</span> 
     </span>
     <span class='ocr_line' id='line_1_80' title="bbox 1263 1431 2250 1474; baseline 0.003 -13"><span class='ocrx_word' id='word_1_526' title='bbox 1263 1432 1390 1462; x_wconf 69' lang='lat' dir='ltr'>clinnum</span> <span class='ocrx_word' id='word_1_527' title='bbox 1413 1432 1455 1461; x_wconf 82' lang='lat' dir='ltr'>da</span> <span class='ocrx_word' id='word_1_528' title='bbox 1485 1431 1574 1461; x_wconf 81' lang='lat' dir='ltr'>nobis</span> <span class='ocrx_word' id='word_1_529' title='bbox 1600 1431 1712 1469; x_wconf 76' lang='lat' dir='ltr'>hodie;</span> <span class='ocrx_word' id='word_1_530' title='bbox 1743 1431 1855 1462; x_wconf 85' lang='lat' dir='ltr'>statim</span> <span class='ocrx_word' id='word_1_531' title='bbox 1885 1432 1986 1463; x_wconf 90' lang='lat' dir='ltr'>debes</span> <span class='ocrx_word' id='word_1_532' title='bbox 2011 1432 2177 1474; x_wconf 81' lang='lat' dir='ltr'>cogitare:</span> <span class='ocrx_word' id='word_1_533' title='bbox 2206 1432 2250 1464; x_wconf 79' lang='lat' dir='ltr'>Et</span> 
     </span>
     <span class='ocr_line' id='line_1_81' title="bbox 1262 1474 2248 1518; baseline 0.002 -13"><span class='ocrx_word' id='word_1_534' title='bbox 1262 1477 1383 1505; x_wconf 76' lang='lat' dir='ltr'>remitte</span> <span class='ocrx_word' id='word_1_535' title='bbox 1405 1474 1494 1504; x_wconf 71' lang='lat' dir='ltr'>nobis</span> <span class='ocrx_word' id='word_1_536' title='bbox 1527 1474 1633 1504; x_wconf 73' lang='lat' dir='ltr'>debita</span> <span class='ocrx_word' id='word_1_537' title='bbox 1656 1478 1785 1511; x_wconf 76' lang='lat' dir='ltr'>nostr-(13</span> <span class='ocrx_word' id='word_1_538' title='bbox 1821 1475 1898 1517; x_wconf 84' lang='lat' dir='ltr'>quia</span> <span class='ocrx_word' id='word_1_539' title='bbox 1920 1475 2013 1507; x_wconf 79' lang='lat' dir='ltr'>Deus</span> <span class='ocrx_word' id='word_1_540' title='bbox 2038 1476 2093 1507; x_wconf 87' lang='lat' dir='ltr'>dat</span> <span class='ocrx_word' id='word_1_541' title='bbox 2116 1486 2248 1518; x_wconf 81' lang='lat' dir='ltr'>panem,</span> 
     </span>
     <span class='ocr_line' id='line_1_82' title="bbox 1263 1516 1773 1550; baseline -0.006 0"><span class='ocrx_word' id='word_1_542' title='bbox 1263 1525 1298 1550; x_wconf 88' lang='lat' dir='ltr'>ut</span> <span class='ocrx_word' id='word_1_543' title='bbox 1321 1520 1363 1550; x_wconf 73' lang='lat' dir='ltr'>sit</span> <span class='ocrx_word' id='word_1_544' title='bbox 1386 1519 1566 1550; x_wconf 80' lang='lat' dir='ltr'>membrum</span> <span class='ocrx_word' id='word_1_545' title='bbox 1587 1516 1773 1549; x_wconf 87' lang='lat' dir='ltr'>Ecclesiae.</span> 
     </span>
    </p>

    <p class='ocr_par' dir='ltr' id='par_1_33' title="bbox 1260 1559 2249 2252">
     <span class='ocr_line' id='line_1_83' title="bbox 1350 1559 2248 1603; baseline 0.002 -11"><span class='ocrx_word' id='word_1_546' title='bbox 1350 1561 1474 1600; x_wconf 84' lang='lat' dir='ltr'>Tertio,</span> <span class='ocrx_word' id='word_1_547' title='bbox 1504 1559 1669 1592; x_wconf 70' lang='lat' dir='ltr'>Mil-acula</span> <span class='ocrx_word' id='word_1_548' title='bbox 1692 1566 1826 1591; x_wconf 81' lang='lat' dir='ltr'>monent</span> <span class='ocrx_word' id='word_1_549' title='bbox 1858 1563 1899 1592; x_wconf 91' lang='lat' dir='ltr'>de</span> <span class='ocrx_word' id='word_1_550' title='bbox 1929 1560 2151 1602; x_wconf 85' lang='lat' dir='ltr'>applicatione</span> <span class='ocrx_word' id='word_1_551' title='bbox 2173 1572 2248 1603; x_wconf 87' lang='lat' dir='ltr'>pro—</span> 
     </span>
     <span class='ocr_line' id='line_1_84' title="bbox 1264 1604 2248 1646; baseline 0 -10"><span class='ocrx_word' id='word_1_552' title='bbox 1264 1605 1443 1636; x_wconf 79' lang='lat' dir='ltr'>missionis.</span> <span class='ocrx_word' id='word_1_553' title='bbox 1508 1604 1580 1635; x_wconf 83' lang='lat' dir='ltr'>Huc</span> <span class='ocrx_word' id='word_1_554' title='bbox 1619 1605 1763 1644; x_wconf 88' lang='lat' dir='ltr'>pertinet</span> <span class='ocrx_word' id='word_1_555' title='bbox 1803 1604 1954 1635; x_wconf 87' lang='lat' dir='ltr'>doctrina</span> <span class='ocrx_word' id='word_1_556' title='bbox 1984 1611 2101 1636; x_wconf 86' lang='lat' dir='ltr'>contra</span> <span class='ocrx_word' id='word_1_557' title='bbox 2131 1617 2248 1646; x_wconf 84' lang='grc' dir='ltr'><strong><em>προςω-</em></strong></span> 
     </span>
     <span class='ocr_line' id='line_1_85' title="bbox 1264 1647 2249 1694; baseline -0.001 -14"><span class='ocrx_word' id='word_1_558' title='bbox 1264 1652 1432 1694; x_wconf 42' lang='grc' dir='ltr'>ποληψίανέ</span> <span class='ocrx_word' id='word_1_559' title='bbox 1466 1648 1497 1679; x_wconf 88' lang='lat' dir='ltr'>id</span> <span class='ocrx_word' id='word_1_560' title='bbox 1534 1653 1596 1685; x_wconf 85' lang='lat' dir='ltr'>est,</span> <span class='ocrx_word' id='word_1_561' title='bbox 1630 1647 1860 1688; x_wconf 82' lang='lat' dir='ltr'>acceptionem</span> <span class='ocrx_word' id='word_1_562' title='bbox 1894 1657 2126 1688; x_wconf 86' lang='lat' dir='ltr'>personarum,</span> <span class='ocrx_word' id='word_1_563' title='bbox 2162 1657 2249 1689; x_wconf 85' lang='lat' dir='ltr'>quae</span> 
     </span>
     <span class='ocr_line' id='line_1_86' title="bbox 1264 1689 2248 1731; baseline -0.001 -8"><span class='ocrx_word' id='word_1_564' title='bbox 1264 1698 1314 1723; x_wconf 86' lang='lat' dir='ltr'>est</span> <span class='ocrx_word' id='word_1_565' title='bbox 1348 1693 1428 1722; x_wconf 85' lang='lat' dir='ltr'>dare</span> <span class='ocrx_word' id='word_1_566' title='bbox 1462 1689 1614 1731; x_wconf 85' lang='lat' dir='ltr'>aequalia</span> <span class='ocrx_word' id='word_1_567' title='bbox 1644 1689 1884 1731; x_wconf 84' lang='lat' dir='ltr'>inaequalibus.</span> <span class='ocrx_word' id='word_1_568' title='bbox 1946 1690 2021 1721; x_wconf 89' lang='lat' dir='ltr'>Non</span> <span class='ocrx_word' id='word_1_569' title='bbox 2056 1696 2181 1722; x_wconf 89' lang='lat' dir='ltr'>tantum</span> <span class='ocrx_word' id='word_1_570' title='bbox 2215 1691 2248 1722; x_wconf 87' lang='lat' dir='ltr'>in</span> 
     </span>
     <span class='ocr_line' id='line_1_87' title="bbox 1264 1732 2248 1766; baseline -0.001 0"><span class='ocrx_word' id='word_1_571' title='bbox 1264 1735 1482 1766; x_wconf 82' lang='lat' dir='ltr'>concionibus</span> <span class='ocrx_word' id='word_1_572' title='bbox 1506 1734 1575 1764; x_wconf 81' lang='lat' dir='ltr'>suis</span> <span class='ocrx_word' id='word_1_573' title='bbox 1610 1734 1670 1764; x_wconf 81' lang='lat' dir='ltr'>sed</span> <span class='ocrx_word' id='word_1_574' title='bbox 1701 1734 1796 1764; x_wconf 82' lang='lat' dir='ltr'>etiam</span> <span class='ocrx_word' id='word_1_575' title='bbox 1830 1733 1863 1763; x_wconf 92' lang='lat' dir='ltr'>in</span> <span class='ocrx_word' id='word_1_576' title='bbox 1898 1732 2065 1765; x_wconf 86' lang='lat' dir='ltr'>miraculis</span> <span class='ocrx_word' id='word_1_577' title='bbox 2095 1734 2248 1765; x_wconf 90' lang='lat' dir='ltr'>omnibus</span> 
     </span>
     <span class='ocr_line' id='line_1_88' title="bbox 1262 1775 2245 1819; baseline -0.002 -9"><span class='ocrx_word' id='word_1_578' title='bbox 1262 1779 1380 1819; x_wconf 87' lang='lat' dir='ltr'>recipit</span> <span class='ocrx_word' id='word_1_579' title='bbox 1404 1777 1557 1809; x_wconf 80' lang='lat' dir='ltr'>Christus</span> <span class='ocrx_word' id='word_1_580' title='bbox 1591 1786 1705 1807; x_wconf 72' lang='lat' dir='ltr'>omnes</span> <span class='ocrx_word' id='word_1_581' title='bbox 1741 1778 1794 1817; x_wconf 85' lang='lat' dir='ltr'>qui</span> <span class='ocrx_word' id='word_1_582' title='bbox 1829 1775 2021 1807; x_wconf 78' lang='lat' dir='ltr'>offeruntur.</span> <span class='ocrx_word' id='word_1_583' title='bbox 2065 1776 2141 1808; x_wconf 90' lang='lat' dir='ltr'>Non</span> <span class='ocrx_word' id='word_1_584' title='bbox 2164 1775 2245 1809; x_wconf 83' lang='lat' dir='ltr'>facit</span> 
     </span>
     <span class='ocr_line' id='line_1_89' title="bbox 1262 1820 2247 1861; baseline -0.002 -8"><span class='ocrx_word' id='word_1_585' title='bbox 1262 1823 1438 1853; x_wconf 85' lang='lat' dir='ltr'>discrimen</span> <span class='ocrx_word' id='word_1_586' title='bbox 1463 1822 1546 1851; x_wconf 86' lang='lat' dir='ltr'>inter</span> <span class='ocrx_word' id='word_1_587' title='bbox 1558 1820 1698 1851; x_wconf 72' lang='lat' dir='ltr'>ludaeos</span> <span class='ocrx_word' id='word_1_588' title='bbox 1712 1825 1744 1850; x_wconf 88' lang='lat' dir='ltr'>et</span> <span class='ocrx_word' id='word_1_589' title='bbox 1756 1826 1889 1861; x_wconf 79' lang='lat' dir='ltr'>gentes3</span> <span class='ocrx_word' id='word_1_590' title='bbox 1911 1820 2028 1860; x_wconf 81' lang='lat' dir='ltr'>recipit</span> <span class='ocrx_word' id='word_1_591' title='bbox 2045 1820 2247 1861; x_wconf 85' lang='lat' dir='ltr'>meretrices,</span> 
     </span>
     <span class='ocr_line' id='line_1_90' title="bbox 1261 1862 2245 1905; baseline -0.002 -9"><span class='ocrx_word' id='word_1_592' title='bbox 1261 1864 1422 1901; x_wconf 67' lang='lat' dir='ltr'>latrones.</span> <span class='ocrx_word' id='word_1_593' title='bbox 1437 1864 1497 1895; x_wconf 83' lang='lat' dir='ltr'>sed</span> <span class='ocrx_word' id='word_1_594' title='bbox 1506 1871 1614 1894; x_wconf 82' lang='lat' dir='ltr'>tamen</span> <span class='ocrx_word' id='word_1_595' title='bbox 1628 1864 1659 1894; x_wconf 92' lang='lat' dir='ltr'>in</span> <span class='ocrx_word' id='word_1_596' title='bbox 1674 1862 1749 1900; x_wconf 59' lang='lat' dir='ltr'>illis,</span> <span class='ocrx_word' id='word_1_597' title='bbox 1763 1873 1848 1905; x_wconf 82' lang='lat' dir='ltr'>quos</span> <span class='ocrx_word' id='word_1_598' title='bbox 1856 1864 1983 1904; x_wconf 77' lang='lat' dir='ltr'>recipit,</span> <span class='ocrx_word' id='word_1_599' title='bbox 1997 1862 2143 1904; x_wconf 84' lang='lat' dir='ltr'>postulat</span> <span class='ocrx_word' id='word_1_600' title='bbox 2156 1862 2245 1895; x_wconf 90' lang='lat' dir='ltr'>Con-</span> 
     </span>
     <span class='ocr_line' id='line_1_91' title="bbox 1261 1905 2245 1947; baseline -0.001 -8"><span class='ocrx_word' id='word_1_601' title='bbox 1261 1909 1449 1940; x_wconf 83' lang='lat' dir='ltr'>versionem</span> <span class='ocrx_word' id='word_1_602' title='bbox 1463 1913 1495 1938; x_wconf 89' lang='lat' dir='ltr'>et</span> <span class='ocrx_word' id='word_1_603' title='bbox 1509 1906 1631 1938; x_wconf 76' lang='lat' dir='ltr'>Fidem.</span> <span class='ocrx_word' id='word_1_604' title='bbox 1646 1906 1791 1937; x_wconf 81' lang='lat' dir='ltr'>Servant</span> <span class='ocrx_word' id='word_1_605' title='bbox 1802 1906 1889 1939; x_wconf 77' lang='lat' dir='ltr'>hanc</span> <span class='ocrx_word' id='word_1_606' title='bbox 1898 1905 2128 1947; x_wconf 80' lang='lat' dir='ltr'>aequalitatem</span> <span class='ocrx_word' id='word_1_607' title='bbox 2136 1905 2245 1938; x_wconf 84' lang='lat' dir='ltr'>Deus:</span> 
     </span>
     <span class='ocr_line' id='line_1_92' title="bbox 1260 1949 2246 1992; baseline -0.001 -10"><span class='ocrx_word' id='word_1_608' title='bbox 1260 1960 1433 1992; x_wconf 83' lang='lat' dir='ltr'>peccatum</span> <span class='ocrx_word' id='word_1_609' title='bbox 1446 1951 1478 1981; x_wconf 92' lang='lat' dir='ltr'>in</span> <span class='ocrx_word' id='word_1_610' title='bbox 1491 1951 1643 1981; x_wconf 75' lang='lat' dir='ltr'>omnihus</span> <span class='ocrx_word' id='word_1_611' title='bbox 1654 1949 2034 1980; x_wconf 77' lang='lat' dir='ltr'>damnatuniversaliter.</span> <span class='ocrx_word' id='word_1_612' title='bbox 2045 1949 2083 1979; x_wconf 73' lang='lat' dir='ltr'>{d</span> <span class='ocrx_word' id='word_1_613' title='bbox 2093 1950 2246 1992; x_wconf 81' lang='lat' dir='ltr'>congruit</span> 
     </span>
     <span class='ocr_line' id='line_1_93' title="bbox 1260 1993 2245 2034; baseline -0.002 -8"><span class='ocrx_word' id='word_1_614' title='bbox 1260 1995 1403 2026; x_wconf 80' lang='lat' dir='ltr'>iustitiae</span> <span class='ocrx_word' id='word_1_615' title='bbox 1427 1994 1501 2031; x_wconf 84' lang='lat' dir='ltr'>Dei,</span> <span class='ocrx_word' id='word_1_616' title='bbox 1524 1999 1559 2024; x_wconf 90' lang='lat' dir='ltr'>ut</span> <span class='ocrx_word' id='word_1_617' title='bbox 1583 1993 1714 2023; x_wconf 77' lang='lat' dir='ltr'>damnet</span> <span class='ocrx_word' id='word_1_618' title='bbox 1738 1999 1913 2033; x_wconf 77' lang='lat' dir='ltr'>peccatum</span> <span class='ocrx_word' id='word_1_619' title='bbox 1927 1998 1958 2023; x_wconf 75' lang='lat' dir='ltr'>ct</span> <span class='ocrx_word' id='word_1_620' title='bbox 1970 1993 2103 2023; x_wconf 84' lang='lat' dir='ltr'>damnet</span> <span class='ocrx_word' id='word_1_621' title='bbox 2126 2002 2245 2034; x_wconf 81' lang='lat' dir='ltr'>aequa-</span> 
     </span>
     <span class='ocr_line' id='line_1_94' title="bbox 1260 2035 2245 2076; baseline -0.003 -8"><span class='ocrx_word' id='word_1_622' title='bbox 1260 2038 1334 2069; x_wconf 87' lang='lat' dir='ltr'>liter</span> <span class='ocrx_word' id='word_1_623' title='bbox 1359 2038 1390 2068; x_wconf 89' lang='lat' dir='ltr'>in</span> <span class='ocrx_word' id='word_1_624' title='bbox 1414 2038 1578 2073; x_wconf 86' lang='lat' dir='ltr'>omnibus,</span> <span class='ocrx_word' id='word_1_625' title='bbox 1601 2046 1669 2066; x_wconf 89' lang='lat' dir='ltr'>non</span> <span class='ocrx_word' id='word_1_626' title='bbox 1692 2035 1796 2076; x_wconf 84' lang='lat' dir='ltr'>parcit</span> <span class='ocrx_word' id='word_1_627' title='bbox 1820 2035 1957 2066; x_wconf 69' lang='lat' dir='ltr'>Daxidi:</span> <span class='ocrx_word' id='word_1_628' title='bbox 1980 2035 2026 2064; x_wconf 82' lang='lat' dir='ltr'>Er</span> <span class='ocrx_word' id='word_1_629' title='bbox 2043 2036 2158 2073; x_wconf 56' lang='grc' dir='ltr'>,τίν-αἴκε</span> <span class='ocrx_word' id='word_1_630' title='bbox 2179 2037 2245 2065; x_wconf 83' lang='lat' dir='ltr'>sein</span> 
     </span>
     <span class='ocr_line' id='line_1_95' title="bbox 1261 2078 2242 2120; baseline -0.002 -8"><span class='ocrx_word' id='word_1_631' title='bbox 1261 2080 1476 2113; x_wconf 79' lang='lat' dir='ltr'>adulterium.</span> <span class='ocrx_word' id='word_1_632' title='bbox 1499 2079 1602 2119; x_wconf 70' lang='lat' dir='ltr'>ylm&#39;clz</span> <span class='ocrx_word' id='word_1_633' title='bbox 1624 2089 1659 2107; x_wconf 72' lang='lat' dir='ltr'>so</span> <span class='ocrx_word' id='word_1_634' title='bbox 1686 2078 1745 2107; x_wconf 74' lang='lat' dir='ltr'>:ool</span> <span class='ocrx_word' id='word_1_635' title='bbox 1767 2078 1814 2106; x_wconf 79' lang='lat' dir='ltr'>als</span> <span class='ocrx_word' id='word_1_636' title='bbox 1837 2078 2068 2120; x_wconf 69' lang='lat' dir='ltr'>Tyrannorum</span> <span class='ocrx_word' id='word_1_637' title='bbox 2103 2089 2242 2120; x_wconf 80' lang='lat' dir='ltr'>quorum</span> 
     </span>
     <span class='ocr_line' id='line_1_96' title="bbox 1262 2121 2245 2165; baseline -0.003 -10"><span class='ocrx_word' id='word_1_638' title='bbox 1262 2134 1405 2165; x_wconf 85' lang='lat' dir='ltr'>cunque.</span> <span class='ocrx_word' id='word_1_639' title='bbox 1451 2122 1511 2153; x_wconf 81' lang='lat' dir='ltr'>Est</span> <span class='ocrx_word' id='word_1_640' title='bbox 1536 2128 1643 2153; x_wconf 84' lang='lat' dir='ltr'>autem</span> <span class='ocrx_word' id='word_1_641' title='bbox 1679 2122 1878 2152; x_wconf 81' lang='lat' dir='ltr'>constitutus</span> <span class='ocrx_word' id='word_1_642' title='bbox 1903 2121 1991 2153; x_wconf 84' lang='lat' dir='ltr'>filius</span> <span class='ocrx_word' id='word_1_643' title='bbox 2015 2122 2179 2153; x_wconf 83' lang='lat' dir='ltr'>Mediator</span> <span class='ocrx_word' id='word_1_644' title='bbox 2212 2127 2245 2154; x_wconf 81' lang='lat' dir='ltr'>et</span> 
     </span>
     <span class='ocr_line' id='line_1_97' title="bbox 1261 2164 2243 2209; baseline -0.002 -11"><span class='ocrx_word' id='word_1_645' title='bbox 1261 2169 1471 2209; x_wconf 70' lang='lat' dir='ltr'>deprecator,</span> <span class='ocrx_word' id='word_1_646' title='bbox 1492 2172 1521 2196; x_wconf 84' lang='lat' dir='ltr'>ct</span> <span class='ocrx_word' id='word_1_647' title='bbox 1544 2166 1587 2195; x_wconf 90' lang='lat' dir='ltr'>ibi</span> <span class='ocrx_word' id='word_1_648' title='bbox 1601 2176 1717 2196; x_wconf 65' lang='lat' dir='ltr'>rursus</span> <span class='ocrx_word' id='word_1_649' title='bbox 1730 2164 1912 2206; x_wconf 86' lang='lat' dir='ltr'>aequaliter</span> <span class='ocrx_word' id='word_1_650' title='bbox 1925 2175 1963 2196; x_wconf 87' lang='lat' dir='ltr'>se</span> <span class='ocrx_word' id='word_1_651' title='bbox 1976 2165 2092 2196; x_wconf 85' lang='lat' dir='ltr'>habet:</span> <span class='ocrx_word' id='word_1_652' title='bbox 2116 2165 2243 2196; x_wconf 80' lang='lat' dir='ltr'>Omnes</span> 
     </span>
     <span class='ocr_line' id='line_1_98' title="bbox 1261 2207 2129 2252; baseline -0.005 -10"><span class='ocrx_word' id='word_1_653' title='bbox 1261 2209 1491 2252; x_wconf 78' lang='lat' dir='ltr'>confugientes</span> <span class='ocrx_word' id='word_1_654' title='bbox 1515 2209 1556 2239; x_wconf 80' lang='lat' dir='ltr'>ad</span> <span class='ocrx_word' id='word_1_655' title='bbox 1579 2207 1691 2239; x_wconf 76' lang='lat' dir='ltr'>rilium</span> <span class='ocrx_word' id='word_1_656' title='bbox 1716 2209 1916 2249; x_wconf 88' lang='lat' dir='ltr'>recipiuntur</span> <span class='ocrx_word' id='word_1_657' title='bbox 1937 2207 2129 2249; x_wconf 81' lang='lat' dir='ltr'>aequaliter.</span> 
     </span>
    </p>
   </div>
   <div class='ocr_carea' id='block_1_30' title="bbox 1347 2268 2244 2482">
    <p class='ocr_par' dir='ltr' id='par_1_34' title="bbox 1348 2268 2244 2428">
     <span class='ocr_line' id='line_1_99' title="bbox 1348 2268 2244 2307; baseline -0.004 -6"><span class='ocrx_word' id='word_1_658' title='bbox 1348 2270 1488 2301; x_wconf 73' lang='lat' dir='ltr'>Contra:</span> <span class='ocrx_word' id='word_1_659' title='bbox 1513 2269 1599 2297; x_wconf 66' lang='lat' dir='ltr'>Dens</span> <span class='ocrx_word' id='word_1_660' title='bbox 1618 2269 1674 2297; x_wconf 75' lang='lat' dir='ltr'>tlrrt</span> <span class='ocrx_word' id='word_1_661' title='bbox 1702 2268 1838 2302; x_wconf 65' lang='lat' dir='ltr'>Danz&#39;eh&#39;.</span> <span class='ocrx_word' id='word_1_662' title='bbox 1863 2268 1975 2307; x_wconf 68' lang='lat' dir='ltr'>Ioseph</span> <span class='ocrx_word' id='word_1_663' title='bbox 1999 2272 2029 2298; x_wconf 80' lang='lat' dir='ltr'>ct</span> <span class='ocrx_word' id='word_1_664' title='bbox 2053 2268 2127 2297; x_wconf 75' lang='lat' dir='ltr'>allis</span> <span class='ocrx_word' id='word_1_665' title='bbox 2150 2269 2244 2298; x_wconf 79' lang='lat' dir='ltr'>maio-</span> 
     </span>
     <span class='ocr_line' id='line_1_100' title="bbox 1414 2311 2244 2351; baseline -0.002 -9"><span class='ocrx_word' id='word_1_666' title='bbox 1414 2324 1452 2342; x_wconf 75' lang='lat' dir='ltr'>ra</span> <span class='ocrx_word' id='word_1_667' title='bbox 1475 2313 1559 2341; x_wconf 76' lang='lat' dir='ltr'>dona</span> <span class='ocrx_word' id='word_1_668' title='bbox 1584 2323 1672 2351; x_wconf 75' lang='lat' dir='ltr'>qnam</span> <span class='ocrx_word' id='word_1_669' title='bbox 1692 2312 1768 2342; x_wconf 74' lang='lat' dir='ltr'>tibi.-</span> <span class='ocrx_word' id='word_1_670' title='bbox 1791 2313 1822 2342; x_wconf 77' lang='lat' dir='ltr'>id</span> <span class='ocrx_word' id='word_1_671' title='bbox 1846 2317 1916 2348; x_wconf 83' lang='lat' dir='ltr'>est,</span> <span class='ocrx_word' id='word_1_672' title='bbox 1937 2315 2029 2341; x_wconf 76' lang='lat' dir='ltr'>ornat</span> <span class='ocrx_word' id='word_1_673' title='bbox 2041 2311 2114 2341; x_wconf 82' lang='lat' dir='ltr'>illos</span> <span class='ocrx_word' id='word_1_674' title='bbox 2131 2322 2244 2351; x_wconf 75' lang='lat' dir='ltr'>mayna</span> 
     </span>
     <span class='ocr_line' id='line_1_101' title="bbox 1416 2354 2243 2395; baseline -0.002 -10"><span class='ocrx_word' id='word_1_675' title='bbox 1416 2357 1572 2395; x_wconf 69' lang='lat' dir='ltr'>sapientia</span> <span class='ocrx_word' id='word_1_676' title='bbox 1597 2357 1823 2389; x_wconf 67' lang='lat' dir='ltr'>raticiniormn,</span> <span class='ocrx_word' id='word_1_677' title='bbox 1848 2354 1946 2385; x_wconf 71' lang='lat' dir='ltr'>evehit</span> <span class='ocrx_word' id='word_1_678' title='bbox 1970 2355 2013 2384; x_wconf 75' lang='lat' dir='ltr'>ml</span> <span class='ocrx_word' id='word_1_679' title='bbox 2034 2354 2168 2393; x_wconf 76' lang='grc' dir='ltr'><em>ῃίονίαηι</em></span> <span class='ocrx_word' id='word_1_680' title='bbox 2186 2365 2243 2393; x_wconf 84' lang='lat' dir='ltr'>pu·</span> 
     </span>
     <span class='ocr_line' id='line_1_102' title="bbox 1415 2399 1543 2428; baseline 0.008 -1"><span class='ocrx_word' id='word_1_681' title='bbox 1415 2399 1543 2428; x_wconf 65' lang='lat' dir='ltr'>blicam:</span> 
     </span>
    </p>

    <p class='ocr_par' dir='ltr' id='par_1_35' title="bbox 1347 2441 1894 2482">
     <span class='ocr_line' id='line_1_103' title="bbox 1347 2441 1894 2482; baseline 0.002 -11"><span class='ocrx_word' id='word_1_682' title='bbox 1347 2442 1434 2482; x_wconf 72' lang='lat' dir='ltr'>Eryo</span> <span class='ocrx_word' id='word_1_683' title='bbox 1457 2452 1518 2471; x_wconf 77' lang='lat' dir='ltr'>uon</span> <span class='ocrx_word' id='word_1_684' title='bbox 1541 2446 1641 2471; x_wconf 59' lang='grc' dir='ltr'>ενα-(ιε</span> <span class='ocrx_word' id='word_1_685' title='bbox 1665 2441 1894 2480; x_wconf 64' lang='lat' dir='ltr'>aequalitatem.</span> 
     </span>
    </p>
   </div>
   <div class='ocr_carea' id='block_1_31' title="bbox 1261 2509 2243 2682">
    <p class='ocr_par' dir='ltr' id='par_1_36' title="bbox 1261 2509 2243 2682">
     <span class='ocr_line' id='line_1_104' title="bbox 1348 2509 2243 2551; baseline -0.002 -9"><span class='ocrx_word' id='word_1_686' title='bbox 1348 2511 1546 2551; x_wconf 76' lang='lat' dir='ltr'>Respondeo</span> <span class='ocrx_word' id='word_1_687' title='bbox 1569 2511 1610 2541; x_wconf 83' lang='lat' dir='ltr'>ad</span> <span class='ocrx_word' id='word_1_688' title='bbox 1635 2511 1860 2541; x_wconf 63' lang='lat' dir='ltr'>Amet-edens:</span> <span class='ocrx_word' id='word_1_689' title='bbox 1884 2509 1979 2541; x_wconf 84' lang='lat' dir='ltr'>Deus</span> <span class='ocrx_word' id='word_1_690' title='bbox 1997 2515 2111 2541; x_wconf 84' lang='lat' dir='ltr'>servat</span> <span class='ocrx_word' id='word_1_691' title='bbox 2122 2519 2243 2550; x_wconf 82' lang='lat' dir='ltr'>aequa·</span> 
     </span>
     <span class='ocr_line' id='line_1_105' title="bbox 1261 2553 2242 2595; baseline -0.004 -9"><span class='ocrx_word' id='word_1_692' title='bbox 1261 2555 1384 2586; x_wconf 86' lang='lat' dir='ltr'>litatem</span> <span class='ocrx_word' id='word_1_693' title='bbox 1418 2555 1451 2585; x_wconf 89' lang='lat' dir='ltr'>in</span> <span class='ocrx_word' id='word_1_694' title='bbox 1486 2554 1604 2592; x_wconf 70' lang='lat' dir='ltr'>donis.</span> <span class='ocrx_word' id='word_1_695' title='bbox 1640 2564 1724 2595; x_wconf 80' lang='lat' dir='ltr'>quae</span> <span class='ocrx_word' id='word_1_696' title='bbox 1748 2555 1804 2584; x_wconf 83' lang='lat' dir='ltr'>dat</span> <span class='ocrx_word' id='word_1_697' title='bbox 1845 2560 1980 2594; x_wconf 87' lang='lat' dir='ltr'>propter</span> <span class='ocrx_word' id='word_1_698' title='bbox 2014 2553 2242 2589; x_wconf 72' lang='lat' dir='ltr'>ministerium,</span> 
     </span>
     <span class='ocr_line' id='line_1_106' title="bbox 1261 2594 2241 2632; baseline -0.004 -3"><span class='ocrx_word' id='word_1_699' title='bbox 1261 2597 1334 2630; x_wconf 81' lang='lat' dir='ltr'>aliis</span> <span class='ocrx_word' id='word_1_700' title='bbox 1357 2596 1460 2629; x_wconf 83' lang='lat' dir='ltr'>aliter.</span> <span class='ocrx_word' id='word_1_701' title='bbox 1496 2596 1581 2631; x_wconf 86' lang='lat' dir='ltr'>Quia</span> <span class='ocrx_word' id='word_1_702' title='bbox 1611 2598 1695 2627; x_wconf 86' lang='lat' dir='ltr'>enim</span> <span class='ocrx_word' id='word_1_703' title='bbox 1719 2597 1899 2627; x_wconf 85' lang='lat' dir='ltr'>ministeria</span> <span class='ocrx_word' id='word_1_704' title='bbox 1923 2594 2025 2627; x_wconf 90' lang='lat' dir='ltr'>multa</span> <span class='ocrx_word' id='word_1_705' title='bbox 2048 2602 2137 2632; x_wconf 89' lang='lat' dir='ltr'>sunt,</span> <span class='ocrx_word' id='word_1_706' title='bbox 2161 2594 2241 2625; x_wconf 78' lang='lat' dir='ltr'>facit</span> 
     </span>
     <span class='ocr_line' id='line_1_107' title="bbox 1261 2637 2239 2682; baseline -0.005 -9"><span class='ocrx_word' id='word_1_707' title='bbox 1261 2642 1395 2673; x_wconf 80' lang='lat' dir='ltr'>diversa</span> <span class='ocrx_word' id='word_1_708' title='bbox 1428 2650 1561 2682; x_wconf 84' lang='lat' dir='ltr'>organa.</span> <span class='ocrx_word' id='word_1_709' title='bbox 1620 2641 1760 2681; x_wconf 81' lang='lat' dir='ltr'>Oportet</span> <span class='ocrx_word' id='word_1_710' title='bbox 1801 2638 1886 2670; x_wconf 85' lang='lat' dir='ltr'>alios</span> <span class='ocrx_word' id='word_1_711' title='bbox 1926 2648 2006 2670; x_wconf 85' lang='lat' dir='ltr'>esse</span> <span class='ocrx_word' id='word_1_712' title='bbox 2040 2637 2239 2674; x_wconf 53' lang='lat' dir='ltr'>bellatores}</span> 
     </span>
    </p>
   </div>
  </div>
 </body>
</html>
