2343 2970
191 147 253 177 227

372 272 479 321 Quid
513 274 633 326 igitur
663 273 758 313 facit
791 272 1004 327 Synodus‘?

278 388 404 429 Synodi
430 399 492 419 non
518 391 661 421 condunt
686 400 792 421 novos
817 387 975 419 articulos
999 388 1085 426 fidei,
1110 389 1170 419 sed

191 437 315 462 tantum
335 432 512 462 ostendunt
531 432 774 463 consessionem
793 443 897 463 suam.
933 431 1026 462 Deus
1040 441 1170 472 semper

192 481 302 505 servat
344 473 473 516 aliquos
515 476 544 505 in
587 474 739 506 Ecclesia
775 482 865 505 zcctc
900 475 1101 510 sentientes3
1134 481 1169 505 ut

191 522 339 557 tempore
364 519 528 557 passionis
553 518 673 549 Christi
700 518 802 549 Maria
826 518 957 549 retinuit
982 516 1070 548 hunc
1094 518 1169 548 arti—

192 559 316 591 culum:
343 560 473 599 Oportet
493 561 602 590 fllium
627 566 707 591 tuam
721 563 804 600 puli.
852 560 985 591 Sciebat
1000 560 1168 591 Christum

190 613 268 634 esse
292 614 403 643 regem
430 610 613 641 ueternum,
643 611 672 635 ct
698 611 803 634 tamen
829 602 989 640 futurum,
1022 611 1057 634 ut
1080 605 1167 634 occi-

192 647 334 676 deretur.
392 646 533 685 Legerat
570 647 771 688 Prophetas,
812 647 867 676 ubi
908 645 998 677 clare
1033 647 1166 678 dicitur:

189 689 322 718 Messius
356 690 528 719 ora-‘delum
588 690 743 721 Manebat
774 700 856 730 ergo
886 689 1020 720 tirmiter
1049 690 1079 719 in
1105 690 1168 720 hac

191 733 363 763 sententia.
418 731 568 773 Apostoli
593 734 758 763 habehant
782 731 855 774 plus
881 732 1032 773 caliginis
1057 740 1085 762 et
1112 733 1167 763 du-

190 775 397 805 bitationum:
422 777 470 806 sic
494 777 522 805 in
549 775 621 806 aliis
645 775 883 806 controversiis
909 774 961 806 alii
992 774 1082 815 pluS‚
1113 775 1166 806 alii

189 818 297 848 minus
321 817 403 848 lucis
428 818 559 849 habent.
596 819 707 860 ltaque
721 819 878 860 Synodus
904 825 994 849 recte
1018 819 1166 849 iudicans

189 867 314 891 tantum
339 862 401 891 edit
429 860 672 892 conse-..sionem
697 873 802 899 suam,
828 862 916 899 dicit,
941 862 1016 902 quid
1042 863 1166 899 credat,

190 910 332 935 testatur
355 915 392 934 se
417 906 605 934 ‹vonas-mire
630 916 702 936 cum
729 915 807 935 vera
831 905 1000 939 ‹locu-ina,
1032 916 1092 936 uec
1116 911 1163 935 est

190 948 305 983 iudex,
329 948 387 977 sed
412 948 472 987 ipsi
498 948 687 987 &cripit-rae
711 947 866 988 relinquit
889 948 1054 979 iudicium.

278 990 439 1021 l'ontilicii
465 991 664 1021 contrarium
688 992 728 1021 dc
753 991 815 1022 hac
839 1002 873 1021 re
896 992 1053 1022 sentiunt.
1105 990 1167 1021 Ra-

189 1033 279 1073 piunt
314 1033 374 1063 sibi
410 1034 640 1064 auctoritatem
669 1034 798 1065 dicendi
827 1034 1008 1065 sententias
1033 1040 1167 1075 propter

190 1076 387 1107 ordinariam
404 1084 612 1116 potestatem,
633 1088 729 1118 quam
749 1078 860 1108 dicunt
878 1077 1071 1108 instructam
1090 1087 1168 1108 esse

188 1126 354 1160 potestate
377 1121 468 1161 legia
493 1120 748 1161 interpretandi,
773 1121 918 1151 mutandi
950 1128 1002 1151 aut
1039 1121 1168 1160 dispen-

191 1163 284 1192 sandi
321 1174 379 1203 pro
415 1163 568 1200 arbi-irio,
607 1164 691 1194 >jem
726 1163 978 1194 panormitanus
1018 1164 1166 1204 scripsit:

191 1204 261 1235 Non
293 1205 364 1234 bene
394 1205 598 1235 romulus-sec
621 1206 707 1235 Dens
737 1206 915 1240 Ecclesiae,
947 1208 974 1235 si
1008 1217 1069 1236 non
1099 1206 1168 1235 rell-

189 1250 304 1288 quisset
327 1250 356 1277 ei
374 1253 560 1288 potestatem
585 1249 791 1288 dispensandi
811 1249 850 1278 cie
869 1251 924 1279 iur.
953 1249 1070 1279 (Ιίτίιιο.
1107 1249 1168 1280 Hic

189 1300 283 1322 error
306 1298 354 1322 est
379 1302 420 1323 cx
444 1292 653 1332 igaoratione
677 1293 873 1323 discriminis
896 1291 981 1335 legis
1005 1300 1033 1323 et
1060 1292 1168 1323 Evan-

192 1332 288 1376 gelii,
312 1335 388 1366 item
411 1334 618 1375 politicorum
642 1336 854 1372 iudiciorum.
878 1342 909 1366 et
934 1345 1059 1373 eorum,
1082 1345 1167 1376 quae

187 1383 263 1408 sunt
287 1378 319 1408 in
342 1377 505 1409 Ecclesia.

275 1420 336 1452 Est
358 1421 390 1452 in
408 1420 560 1452 Ecclesia
582 1422 825 1462 interpretatim
850 1428 923 1452 sunt
950 1421 1083 1457 iudicia;
1107 1423 1166 1452 sed

187 1462 272 1495 haec
294 1474 361 1495 non
385 1471 461 1495 sunt
484 1463 601 1495 similia
624 1463 777 1506 politicis.
813 1464 848 1495 ln
872 1463 1014 1496 concilio
1038 1464 1166 1496 Niceno

187 1517 254 1537 non
278 1507 495 1539 condiderunt
514 1507 631 1539 Patres
654 1518 776 1540 novum
800 1506 973 1540 articulum
998 1507 1086 1546 fidei,
1107 1508 1167 1538 sed

189 1550 362 1581 ediderunt
385 1549 630 1582 confessionem
655 1561 759 1583 suam.
806 1551 862 1582 Sic
886 1552 918 1582 in
942 1550 1079 1592 Synodo
1099 1551 1167 1581 An—

188 1592 343 1624 tiochena
367 1593 550 1636 Gregorius
574 1593 872 1626 Neocaesariensis
895 1594 994 1625 edidit
1016 1592 1168 1635 pulcher-

187 1637 301 1668 rimam
325 1635 572 1669 consessionem
596 1643 711 1669 contra
734 1637 998 1670 samosatenum.
1031 1635 1168 1667 Talibus

188 1678 348 1721 exemplis
371 1679 617 1711 confessionum
643 1679 733 1712 multi
758 1680 994 1712 confirmantur
1021 1680 1054 1711 in
1078 1680 1167 1711 veris

188 1723 374 1754 sententiis.
410 1723 476 1754 Sed
495 1722 605 1754 valent
629 1724 816 1755 testimonia
838 1722 895 1754 illa
920 1722 1167 1754 confessionum

188 1771 325 1807 propter
347 1768 614 1807 perspicuitatem
639 1767 729 1797 verbi
753 1766 833 1804 Dei,
865 1777 929 1798 non
953 1771 1089 1808 propter
1111 1776 1168 1798 au-

189 1809 374 1840 ctoritatem
395 1810 581 1841 humanam.

274 1876 315 1908 Et
350 1888 546 1919 quamquam
580 1888 710 1919 semper
744 1877 834 1909 multi
871 1885 945 1909 sunt
981 1889 1046 1909 non
1078 1885 1169 1910 recte

189 1921 371 1951 sentientes
396 1931 504 1962 neque
527 1921 778 1962 acquiescentes
803 1922 996 1953 testimoniis
1021 1922 1062 1953 de
1085 1922 1169 1953 veri-

188 1969 272 1998 tate,
307 1973 416 1995 tamen
450 1963 544 1996 Deus
578 1965 650 2004 ipsc
681 1965 813 1995 tandem
845 1971 896 1995 est
924 1965 1036 2000 iudex3
1070 1971 1104 1996 ut
1135 1965 1168 1995 in

189 2007 369 2038 certamine
405 2005 642 2047 Apostolorum
673 2017 744 2038 cum
776 2007 902 2038 ludaeis
932 2009 1071 2039 obtinuit
1099 2015 1168 2039 tan-

189 2050 262 2080 dcm
301 2051 424 2081 veritas
463 2049 579 2081 deletis
620 2050 736 2090 impiis.
798 2050 951 2092 Apostoli
992 2052 1169 2083 dicebant:

189 2092 329 2134 Oportet
351 2093 448 2124 istam
474 2100 617 2124 vestram
641 2091 787 2134 politiam
812 2094 948 2131 destrui,
974 2102 1003 2125 et
1030 2104 1166 2125 cessare

190 2135 299 2167 cultus
322 2135 511 2173 Levitico-s,
539 2137 637 2176 idque
662 2135 815 2168 Christus
845 2137 942 2168 etiam
965 2143 1041 2169 ante
1065 2144 1166 2169 testa-

189 2185 242 2210 tus
266 2177 384 2210 fuerat.
430 2178 538 2210 ludaei
563 2180 775 2220 opponebant
798 2178 943 2221 politiam
966 2181 1062 2211 istam
1085 2181 1165 2212 divi-

188 2222 278 2253 nitus
311 2223 521 2253 constitutam
557 2232 648 2253 esse:
683 2221 761 2253 ldeo
790 2229 947 2264 perpetuo
977 2234 1165 2255 mansuram

188 2275 277 2296 esse.
322 2263 531 2307 Pugnabant,
554 2264 619 2296 hoc
643 2264 799 2305 templum
823 2264 929 2296 solum
952 2276 1029 2298 esse
1052 2268 1082 2298 in
1108 2276 1164 2308 ge-

189 2318 269 2339 nere
302 2308 466 2346 humano,
499 2309 555 2340 ubi
591 2306 669 2339 velit
703 2308 796 2339 Deus
827 2309 989 2340 invocari:
1024 2310 1165 2351 ideoque

189 2361 254 2382 non
277 2362 379 2393 posse
403 2350 526 2383 delere.
571 2350 733 2393 Utrinque
757 2352 942 2383 citabantur
966 2353 1054 2384 dicta
1078 2352 1166 2384 Scri-

188 2400 325 2435 pturae,
359 2395 418 2426 sed
449 2394 543 2426 Deus
572 2395 706 2425 tandem
736 2394 864 2425 diremit.
891 2395 956 2426 hoc
986 2401 1165 2434 certamen,

189 2436 299 2469 deleta
331 2437 436 2469 altera
471 2443 573 2479 parte.
630 2437 678 2468 lta
707 2437 926 2469 adversantur
954 2439 1082 2470 veritati
1106 2438 1168 2470 Pa-

189 2480 303 2521 pistae.
349 2480 414 2512 Sed
438 2480 531 2512 Deus
556 2480 687 2512 tandem
709 2480 875 2512 iudicabit.

824 150 934 182 pun..
960 151 1063 182 MEL.
1093 149 1280 183 SCRIPTA
1305 151 1569 184 EXEGETICA.

2138 157 2203 189 228

1237 289 1317 331 Ubi
1349 291 1400 331 sit
1432 293 1721 333 resistendum:
1754 309 1826 335 seu
1859 310 1939 349 quo
1972 296 2023 336 sit
2055 296 2184 337 disce-

1253 369 1443 419 dendum,
1476 370 1582 410 sacta
1615 371 1861 411 seiunctione
1894 373 1946 412 ab
1980 373 2177 414 ordinaria

1606 456 1816 502 potestate.

1309 554 1481 586 Postrema
1515 562 1566 586 est
1601 558 1770 597 quaestio:
1817 557 1884 591 Quo
1922 559 1964 586 sit
1994 559 2199 597 fuyiendum‘?

1192 591 1313 639 lquia.
1350 605 1379 628 ut
1414 609 1513 639 supra
1546 599 1627 637 dixi,
1662 610 1728 630 non
1760 607 1836 631 sunt
1860 600 2031 631 faciendae
2055 600 2199 632 infinitae

1192 642 1195 701 Ι
1221 641 1467 680 dissipationes.
1515 642 1716 683 Fugicndcm
1742 650 1791 673 est
1815 644 1914 684 igitur
1938 644 1978 674 ad
1999 643 2199 675 Ecclesiam:

1193 709 1195 712 .
1220 684 1252 714 id
1282 690 1348 722 est,
1384 685 1424 714 ad
1455 691 1583 715 coctum
1613 684 1896 726 amplectentium,
1932 695 1961 717 et
1993 687 2199 718 retinentium

1221 737 1336 757 vocem
1362 728 1585 769 incorruptam
1615 728 1806 769 Evangelii,
1841 730 2028 771 ubicunque
2057 728 2111 760 ille
2136 737 2199 767 est,

1221 770 1347 800 etiamsi
1372 781 1451 801 suas
1477 781 1608 812 quoque
1632 770 1730 802 hahet
1756 772 1962 804 infirmitates
2031 773 2198 815 Agnosci-

1192 806 1273 843 itur
1307 814 1391 844 enim
1428 813 1579 845 Ecclesia
1615 825 1654 845 ex
1690 814 1921 848 tundamento.
1957 826 2019 846 nec
2055 814 2200 847 defendit

1221 854 1309 886 idola
1343 858 1570 896 pertinaciter,
1607 868 1667 888 nec
1702 858 1853 889 interficit
1884 858 2033 890 homines
2063 866 2200 900 propter

1220 896 1326 928 falsos
1352 897 1459 929 cultus
1485 907 1515 930 ct
1539 910 1690 937 errores3
1715 902 1797 932 sicut
1822 901 1947 932 faciunt
1971 901 2027 939 illi,
2045 903 2098 943 qui
2123 908 2198 933 sunt

1220 940 1336 972 hostes
1368 953 1467 973 verae
1496 941 1679 974 Ecclesiae.
1727 943 1848 985 Magna
1874 950 1923 975 est
1950 944 2032 975 haec
2056 943 2199 975 felicitas

1220 991 1251 1015 et
1288 985 1408 1016 bonum
1443 987 1579 1027 ingens,
1614 996 1691 1017 esse
1724 987 1755 1016 in
1780 986 1929 1018 Ecclesia
1963 987 2034 1024 tali,
2068 987 2123 1018 ubi
2148 993 2199 1018 est

1221 1028 1387 1058 mediocre
1411 1029 1632 1059 ministerium.
1668 1029 1765 1064 Quod
1785 1031 1812 1060 si
1836 1041 1901 1061 non
1927 1040 2106 1071 possumus
2131 1040 2200 1061 cor-

1222 1071 1356 1111 poribus
1382 1072 1507 1102 versari
1532 1072 1562 1102 in
1587 1070 1643 1102 tuli
1670 1078 1778 1109 coetu,
1802 1079 1910 1104 tamen
1934 1074 2122 1114 ubicunque
2147 1082 2200 1103 sn-

1224 1124 1313 1151 mus,
1349 1114 1509 1144 debemus
1545 1124 1606 1145 nos
1641 1115 1821 1156 adiungere
1856 1117 1978 1157 gemitu
2010 1124 2039 1147 ct
2065 1117 2201 1147 invoca-

1221 1157 1320 1187 tione.
1358 1155 1485 1198 Singuli
1504 1157 1599 1188 etiam
1621 1158 1779 1188 debemus
1803 1157 1917 1189 fovere
1941 1165 1971 1189 et
1996 1169 2116 1190 ornare
2140 1168 2199 1201 pro

1223 1200 1416 1236 vocatione⁴
1446 1201 1605 1231 eiusmodi
1632 1207 1768 1236 coetus,
1799 1211 1863 1232 non
1888 1200 2058 1233 includere
2082 1212 2144 1233 nos
2167 1202 2200 1232 in

1222 1241 1380 1284 angulos:
1405 1253 1469 1273 nun
1489 1253 1649 1284 quaerere
1667 1242 1810 1285 aliquam
1831 1243 2033 1285 spiritualem
2053 1251 2082 1276 et
2101 1254 2202 1287 ange-

1222 1284 1317 1316 licam
1347 1285 1550 1324 Ecclesiam,
1587 1297 1672 1328 quae
1700 1286 1810 1318 nullas
1838 1285 1957 1319 habeat
1981 1288 2202 1324 infirmitates,

1222 1329 1281 1359 sed
1316 1335 1445 1360 manete
1479 1330 1511 1359 in
1547 1331 1709 1361 socictate
1743 1331 1869 1371 piorum
1905 1336 2076 1368 coetuum,
2110 1331 2202 1362 iuxta

1222 1370 1346 1402 Psalmi
1369 1378 1595 1413 praeceptum:
1630 1372 1755 1412 Royate
1783 1373 1862 1403 bona
1893 1373 2099 1409 Hier-malem,
2132 1383 2201 1413 pasc

1221 1414 1315 1444 multa
1339 1414 1541 1453 diliyeniibus
1564 1426 1639 1446 eam.

1308 1688 1506 1720 Schismatis
1529 1698 1649 1720 nomen
1674 1695 1724 1720 est
1748 1700 1767 1720 a
1791 1691 1914 1729 σχίζειν,
1934 1689 2085 1721 scindere.
2122 1688 2200 1721 lnde

1222 1737 1350 1772 σχίσμα,
1373 1733 1535 1766 seiunctio,
1560 1730 1614 1763 vel
1637 1733 1808 1771 separatio.
1855 1732 1959 1764 Estne
1982 1731 2117 1771 licitum,
2136 1732 2200 1775 pri-

1223 1781 1333 1807 vatum
1375 1774 1518 1816 aliquem
1558 1775 1729 1806 instituere
1769 1776 2029 1807 communionem
2067 1776 2099 1806 in
2139 1785 2200 1807 sua

1223 1818 1345 1849 domo?
1388 1816 1512 1849 Paulus
1535 1818 1658 1850 diserte
1680 1818 1746 1849 hoc
1768 1817 1934 1859 prohibet:
1958 1826 1990 1850 et
2014 1817 2106 1850 Deus
2131 1817 2201 1850 vult

1222 1860 1393 1893 Ecclesias
1417 1871 1494 1892 csse
1519 1870 1723 1903 congressus
1746 1871 1805 1892 seu
1830 1868 1945 1893 coetus
1968 1861 2140 1903 publicos,
2167 1868 2199 1893 et

1224 1915 1361 1936 coenam
1390 1904 1523 1936 Domini
1557 1914 1634 1936 esse
1669 1914 1805 1936 nervum
1841 1905 2112 1946 congt·e‹⁷·ationis
2141 1915 2199 1945 pu-

1223 1947 1341 1979 blicae.
1401 1948 1530 1981 Quoties
1560 1949 1746 1982 convenitis,
1781 1948 1883 1988 inquit
1907 1947 1978 1979 Pau
1995 1957 2043 1979 us.
2099 1946 2199 1978 Esset

1222 1990 1386 2029 schisma,
1420 1992 1448 2022 si
1483 2001 1545 2031 ego
1582 1989 1698 2021 vellem
1733 1991 1764 2021 in
1799 2000 1872 2021 mea
1901 1991 1998 2022 domo
2027 1990 2200 2022 instituere

1224 2033 1370 2065 Coenam
1394 2032 1544 2069 Domini;
1577 2039 1611 2064 ut
1641 2040 1688 2064 est
1715 2031 1826 2065 sabula
1851 2044 1971 2074 sparsa
1994 2039 2070 2064 ante
2093 2043 2200 2065 annos

1221 2077 1263 2108 20
1292 2077 1333 2108 de
1361 2087 1412 2107 me
1440 2076 1472 2106 in
1501 2074 1577 2107 aula
1607 2074 1794 2114 Marchica,
1829 2086 1880 2107 me
1910 2075 1978 2108 tale
2008 2075 2131 2118 aliquid
2153 2074 2199 2108 fe-

1222 2121 1320 2151 cisse.
1366 2117 1505 2151 Multum
1537 2119 1692 2149 vanitatis
1721 2125 1773 2150 est
1801 2119 1832 2150 in
1857 2118 1957 2157 aulis,
1993 2120 2067 2151 ideo
2091 2119 2200 2150 Midas

1221 2164 1327 2204 pictus
1351 2168 1402 2194 est
1425 2160 1500 2193 latis
1525 2162 1673 2193 auribus.
1706 2160 1767 2192 Est
1786 2162 2000 2194 usitatissima
2023 2163 2106 2193 ratio
2131 2172 2200 2194 cre·

1220 2206 1336 2237 scendi
1359 2206 1392 2236 in
1414 2203 1509 2241 aulis,
1529 2214 1690 2245 spargere
1713 2211 1809 2246 grata
1833 2204 1996 2237 Dominis.
2042 2205 2200 2237 Libenter

1219 2249 1395 2281 audiuntur
1418 2249 1449 2279 in
1474 2246 1558 2279 aulis
1581 2246 1725 2279 fabulae.

1407 2422 1470 2462 De
1502 2422 1701 2462 vocabulo
1734 2422 2014 2463 anathematis.

1309 2517 1455 2562 Ἀνάθεμα
1488 2520 1655 2563 significat
1688 2522 1820 2564 proprie
1853 2521 1976 2563 aliquid
2004 2521 2200 2560 dedicatum,

1867 2563 2054 2596 Anathema
2076 2563 2199 2639 aligpgg

1224 2567 1265 2598 ab
1295 2564 1477 2605 ἀνατίθημι,
1510 2564 1543 2596 id
1571 2571 1641 2603 est,
1674 2575 1810 2605 repono.

1224 2608 1404 2650 repositum
1433 2605 1573 2650 templo,
1607 2605 1734 2639 scilicet
1768 2608 1811 2639 ad
1845 2608 2064 2639 mactandum.

1192 851 1196 867 ι

1328 1593 1389 1625 ΕΧ
1414 1594 1530 1626 ALus
1554 1594 1822 1626 RHAPSODllS
1848 1594 2096 1627 EXCERPTA.
