2374 2985
105 199 148 231 85

285 321 287 324 ι
315 294 448 343 Quare
482 294 607 333 maior
639 292 877 347 Prophetis?
1107 318 1113 354 ‚-

194 411 278 446 Quia
310 416 361 441 est
394 409 568 441 inchoator
590 409 845 450 praedicationis
869 409 947 439 novi
969 406 1083 439 Testa-
1107 402 1111 450 ζ

108 454 224 489 menti;
247 453 389 484 ostendit
400 452 557 483 Messinm
581 452 644 483 iam
667 461 744 483 esse
767 451 946 482 exhibitum
970 451 1085 491 digito,
1107 458 1112 481 ι

107 497 149 528 de
178 506 243 538 quo
277 494 395 536 reliqui
429 495 610 536 prophetae
644 504 759 526 omnes
783 499 908 525 tantum
931 494 1084 524 vaticinia
1108 485 1113 533 ξ

106 540 294 571 ediderunt:
317 537 557 569 administravit
580 547 699 569 novam
723 537 962 573 ceremoniam,
995 537 1085 567 vide-

107 581 184 613 licet
215 581 438 623 Baptismum‚
471 586 504 612 et
536 581 661 621 recepit
694 586 824 622 genteS.
880 578 974 610 Haec
1008 584 1085 610 sunt

106 634 209 666 opera
231 624 408 665 praeconis
430 624 463 654 in
486 632 574 654 novo
586 622 810 654 Testamento.
848 621 959 663 Itaque
982 627 1017 653 ut
1039 622 1086 652 in—

106 666 311 710 telligeretur
332 668 374 697 ab
393 667 563 703 omnibus,
591 665 678 706 quod
709 666 749 696 ad
773 675 894 696 novum
919 669 951 695 et
974 665 1086 706 singu-

106 709 178 742 lare
202 710 416 741 ministem‘um
440 708 659 740 inchoandum
687 714 823 739 vocatus
846 713 955 745 esset,
979 707 1086 738 disce-

109 753 157 784 dit
178 764 200 784 a
221 751 363 794 templo,
385 750 539 793 relinquit
562 751 810 782 successionem
832 748 1011 792 legitimam
1029 760 1086 790 pa·
1109 771 1112 776 .

107 797 184 832 tris3
208 796 296 837 quia,
321 805 394 826 cum
413 800 512 826 natus
535 799 624 825 esset
645 794 678 824 in
697 793 784 824 tribu
798 791 1009 830 sacerdotali,
1033 793 1085 823 de·
1106 782 1113 841 ff

108 839 209 870 bebat
230 838 424 869 sacrificare
445 838 477 868 in
501 835 640 877 templo:
662 835 742 867 facit
755 842 872 868 contra
886 835 1085 867 ordinariam
1108 844 1113 871 ι

108 881 338 913 auctoritatem
360 879 565 917 Pontificum,
589 885 621 909 et
644 879 864 910 sacerdotum.
899 878 1086 910 concinna·
1108 873 1114 909 l

107 930 160 955 tur
181 923 214 953 in
236 923 378 954 deserto.
424 922 460 953 Id
481 932 549 953 non
572 927 624 953 est
647 921 752 953 simile
777 922 927 953 secessui
952 921 1086 952 Antonii
1109 912 1114 964 Ι

107 972 139 997 et
160 964 387 997 Eremitarum.
427 964 498 996 Nec
519 963 663 996 humana
680 966 890 1002 auctoritate,
914 964 973 995 sed
997 974 1087 995 man-

107 1008 184 1039 dato
208 1008 318 1039 divine
340 1006 557 1049 praedicavit,
579 1013 611 1038 et
633 1008 811 1049 baptizavit
833 1007 865 1038 in
889 1008 1033 1037 deserto.

191 1050 249 1081 Sic
276 1056 386 1082 autern
414 1050 625 1082 nominarunt
650 1049 773 1082 inculta
802 1049 878 1081 loca
905 1056 997 1080 trans
1021 1049 1087 1080 Ior-

106 1092 242 1131 danem,
271 1103 356 1134 quae
378 1091 601 1134 appellatione
625 1095 744 1132 Eremz’,
773 1093 927 1123 distincta
955 1091 1089 1124 fu‹.unt
1109 1064 1116 1130 l

105 1145 126 1166 a
148 1134 244 1167 cultis
268 1134 371 1173 loeis,
403 1135 511 1177 qualia
541 1142 636 1166 erant
664 1136 746 1170 citra
776 1136 956 1166 Iordanem.
1002 1135 1087 1166 Nam

107 1177 258 1210 Galilaea
281 1185 313 1209 et
331 1178 467 1210 finitima
484 1177 561 1209 loea
579 1177 711 1210 fuerunt
730 1179 959 1210 amoenissima
979 1179 1088 1219 regio3

105 1221 150 1251 ibi
182 1219 315 1252 fuerunt
353 1220 537 1253 balsamum
571 1227 602 1252 et
635 1227 800 1257 aromata;
840 1221 899 1252 fuit
934 1219 1086 1252 sei-tilitas

105 1272 227 1305 magna
263 1259 485 1305 plurimarum‘
511 1270 543 1294 et
578 1264 774 1305 optimarum
814 1274 933 1295 rerum.
996 1262 1087 1294 Talis

106 1307 242 1337 ubertas
275 1317 342 1337 non
374 1305 434 1337 suit
467 1305 565 1344 ultra,
599 1316 658 1337 seu
681 1312 771 1337 trans
806 1307 994 1343 Iordanem,
1032 1307 1086 1337 ubi

104 1346 238 1380 ruerunt
270 1348 345 1380 loca
377 1348 512 1380 horrida
545 1354 576 1380 et
605 1348 729 1380 inculta
763 1359 882 1380 versus
917 1349 1115 1386 Arabiam.1

104 1389 148 1422 Et
176 1396 286 1423 tamen
320 1401 388 1423 non
418 1401 558 1432 prorsus
591 1392 635 1422 ibi
666 1390 725 1422 fuit
755 1391 912 1423 solitudo.
956 1390 1116 1769 Passnn³

105 1430 239 1465 suerunt
266 1434 310 1465 ibi
338 1435 432 1466 vicus
463 1440 494 1465 et
522 1435 614 1476 pagi:
643 1435 730 1466 sicut
756 1445 818 1466 nec
840 1434 966 1466 Arabia
988 1433 1087 1476 plane

105 1475 250 1508 solitudo
273 1475 344 1515 fuit,
367 1477 494 1508 etiamsi
518 1478 605 1509 dicta
628 1483 681 1508 est
698 1478 822 1509 arabia
839 1479 978 1519 deserta,
1002 1488 1087 1519 quae

105 1523 139 1550 et
156 1521 296 1552 Petraea
317 1520 379 1552 suit
400 1521 584 1558 nominata,
611 1521 653 1551 ab
678 1521 798 1562 oppido
818 1520 915 1552 huius
937 1521 1087 1552 nominis.

105 1561 163 1594 Sic
185 1568 293 1594 autem
315 1568 544 1605 argumentor:

235 1650 330 1681 Aemo
352 1649 443 1679 (lebet
461 1651 576 1688 facere
597 1649 735 1681 schisma
758 1653 792 1681 in
818 1649 980 1682 Eccleu·a.·

236 1693 394 1722 Iohannes
413 1694 497 1730 facie
518 1694 678 1724 schisma.-

238 1734 322 1771 Eryo
344 1735 541 1766 horribiliter
561 1740 682 1774 peccat.

194 1824 395 1867 Respondeo
419 1826 462 1856 ad
487 1827 660 1858 Maiorem:
684 1829 818 1859 haerens
840 1830 995 1868 schisma,
1025 1829 1107 1859 sci„

107 1866 184 1898 licet
206 1869 279 1899 sine
308 1870 461 1900 mandato
486 1869 561 1908 Dei,
583 1869 637 1901 vel
661 1870 825 1912 generali,
856 1871 910 1902 vel
938 1870 1086 1912 speciali,

106 1910 137 1942 is
152 1915 271 1951 peccat.
296 1911 459 1942 Iohannes
480 1911 557 1943 fecit
572 1913 730 1951 schisma,
753 1913 938 1945 discessita
952 1913 1086 1954 templo,
1109 1912 1115 1977 Ξ

106 1958 140 1984 et
162 1954 344 1985 ministerio
367 1955 553 1994 ordinario,
582 1956 642 1987 sed
665 1956 818 1987 mandato
842 1957 970 1991 divino;
1002 1958 1088 1987 sicut

107 1995 219 2028 Lucas
243 1997 362 2038 inquit,
398 1999 527 2029 Factum
550 2009 620 2030 esse
643 2001 689 2030 ad
709 2010 777 2030 eum
801 2001 927 2031 verbum
951 2000 1087 2030 Domini.

106 2037 150 2070 Et
177 2039 210 2069 in
233 2039 334 2070 Esaia
366 2041 569 2080 praedictum
597 2040 704 2073 suerat
734 2043 775 2072 de
804 2052 889 2073 voce
913 2041 1086 2073 clamantis

106 2081 139 2112 in
163 2082 306 2113 deserto.
350 2082 540 2123 Baptismus
569 2085 666 2115 etiam
697 2085 768 2115 eius
797 2086 954 2115 scribitur
984 2083 1087 2115 fuisse

108 2125 271 2161 eonsilium
294 2127 363 2165 Dei,
386 2126 498 2157 Lucae
520 2127 549 2157 7.
591 2127 632 2157 Et
651 2126 902 2167 Christusideo
926 2128 1087 2168 baptizari

109 2167 149 2203 ab
174 2176 213 2198 eo
236 2165 355 2206 voluit,
384 2174 421 2198 ut
447 2170 541 2200 daret
563 2171 784 2201 testimonium
808 2171 879 2202 eius
903 2170 1086 2211 Bapfismo,

108 2212 191 2256 quad
211 2215 298 2242 esset
318 2221 361 2242 ez·
383 2214 474 2251 coelo,
497 2223 560 2244 non
583 2215 622 2244 ab
645 2214 831 2245 hominibus.

194 2252 298 2288 Huius
329 2256 510 2296 argumenti
540 2254 737 2287 solutionem
768 2257 864 2287 etiam
888 2266 950 2286 nos
973 2262 1087 2286 tenere

109 2301 265 2332 debemus
289 2296 354 2327 hoc
376 2303 540 2338 tempore,
569 2300 700 2340 quando
725 2300 879 2330 obiiciunt
910 2300 1005 2329 nobis
1030 2299 1086 2329 ad·
1109 2311 1113 2329 ι

107 2345 263 2374 versarii.
287 2340 375 2380 quod
395 2340 496 2371 simus
520 2347 674 2372 auctores
688 2341 889 2378 schismatis,
914 2342 1002 2382 quod
1022 2342 1086 2371 dis·
1109 2333 1113 2385 ξ

109 2387 306 2417 οεςςεγὶςωξ.
330 2393 347 2412 a
373 2382 587 2415 Pontificibus
611 2390 643 2415 et
666 2384 852 2425 Episcopis.
888 2384 931 2414 At
954 2383 1000 2414 illi
1023 2394 1086 2414 nos
1108 2387 1113 2429 ξ

108 2427 237 2468 priores
262 2430 438 2460 eiecerunt.
494 2425 622 2457 Deinde
646 2428 752 2459 coacti
776 2427 915 2459 fecimus
940 2427 1086 2458 schisma
1108 2431 1113 2471 ξ

107 2472 262 2501 mandato
291 2472 320 2501 εἶ’
340 2471 353 2486 ·”
372 2478 411 2494 ¹³-
465 2468 560 2504 Quo?
598 2471 636 2501 Se·
663 2474 735 2510 qui-s·
763 2472 853 2502 alind
880 2472 1085 2509 Eranyelsmn
1108 2480 1113 2507 1

108 2514 208 2548 docet,
233 2517 275 2545 sit
295 2524 377 2545 ana-1.
434 2522 473 2542 ἀ.
519 2511 613 2545 Item:
649 2515 759 2553 thyc'te
782 2515 876 2545 idola.
1108 2512 1112 2531 ³

195 2556 268 2588 Hoc
301 2567 417 2599 gener-2
491 2561 524 2586 et
558 2557 858 2587 communissimum
898 2534 1112 2587 mandatuml

109 2599 215 2641 magis
238 2609 301 2630 nos
326 2599 443 2641 obliga,
513 2608 585 2629 uam
608 2599 636 2629 si
660 2606 774 2630 essent
797 2599 951 2630 mandata
973 2600 1085 2639 singu·
1107 2583 1112 2629 l

107 2639 199 2675 laria.
245 2642 327 2674 Cum
358 2643 494 2674 VVorum
539 2651 567 2672 ιε
600 2640 782 2684 allegarem
817 2640 1001 2683 exemplum
1037 2631 1112 2674 {ml

794 195 1008 226 I'OSTILLA
1035 193 1433 225 MELANTHONJANA.

2077 195 2118 225 845

1136 288 1267 324 hannis,
1291 287 1492 325 Hieremiae,
1516 294 1547 318 et
1570 287 1726 325 aliorum,
1750 289 1802 329 qui
1827 289 2052 319 discesserunt
2077 290 2117 318 ab

1137 331 1301 362 ordinaria
1324 331 1540 366 auctoritate3
1565 331 1695 361 dicebat
1718 330 1858 368 Bauius,
1889 333 1957 362 Non
1977 334 2118 370 patroci-

1136 375 1214 405 nari
1233 376 1322 405 nobis
1345 375 1423 405 llaec
1446 375 1610 413 exempla:
1639 377 1713 413 quia
1736 378 1801 405 sm!
1821 377 2017 413 εἰηῃιιΙανῖα,
2041 384 2120 413 qnae

1136 420 1260 448 τήιὶίανὶ
1280 419 1354 448 aliis
1376 427 1439 447 non
1461 419 1565 448 [ἐι-ειη.
1611 416 1881 457 Respondebamz
1918 419 1983 448 Nos
2002 419 2119 448 luthere

1136 462 1322 491 mandatum
1344 462 1539 491 universale:
1569 464 1602 490 ec
1628 461 1686 490 Ιιοε
1715 462 1810 491 mullo
1838 460 1939 499 maffl's
1962 469 2021 491 7105
2043 461 2117 491 oblt-

1134 504 1217 542 yari,
1240 513 1332 541 quam
1353 503 1386 534 si
1405 504 1570 542 sz'nyulare
1593 503 1775 534 mandatum
1797 503 1999 534 haberemus.

1200 686 1291 734 Quo
1323 691 1504 738 tempore
1537 683 1613 724 fuit
1644 691 1811 724 vocatus
1844 690 1885 723 et
1917 684 2058 724 missus

1517 752 1743 793 Iohannes?

1228 869 1256 899 A
1270 868 1544 899 Maccahaeorum
1568 875 1729 910 tempore,
1754 878 1860 909 usque
1871 869 1913 899 ad
1926 868 2120 909 Baptistam,

1140 916 1217 942 sunt
1240 912 1315 942 anni
1339 911 1470 942 circiter
1493 917 1623 943 centum
1653 911 1899 953 quinquaginta.
1943 910 2033 943 Intra
2054 911 2120 943 hoc

1140 960 1268 994 tempus
1297 961 1390 985 ortae
1418 960 1496 985 sunt
1524 960 1638 985 sectae
1666 960 1733 985 tres
1764 955 1795 986 in
1826 953 1981 985 Ecclesia
2010 953 2120 996 populi

1140 997 1276 1028 Iudaici:
1306 997 1410 1037 prima
1439 1003 1510 1028 erat
1537 996 1813 1033 Pharisaeorum3
1842 995 1967 1034 altera,
1995 998 2119 1029 Saddu-

1141 1050 1313 1071 caeorum:
1337 1040 1433 1070 tertia
1457 1039 1669 1071 Essa-eorum.

1204 1120 1207 1123 v
1226 1100 1354 1131 Nomen
1385 1101 1558 1132 Pharisaei
1587 1099 1754 1141 significat
1776 1103 1985 1139 interpretem
1999 1122 2006 1133 ,
2031 1100 2117 1132 sicut

1141 1153 1227 1174 nunc
1258 1143 1395 1174 dicimus
1426 1145 1603 1174 Doctorem.
1659 1141 1726 1173 Alii
1758 1142 1924 1174 deducunt
1951 1152 2073 1174 nomen
2101 1154 2120 1174 a

1139 1189 1372 1225 seyreqalc'one,
1397 1186 1491 1226 quasi
1504 1186 1609 1223 dicas,
1627 1186 1812 1216 seiunctum
1825 1191 1882 1216 aut
1895 1191 2118 1227 segregatum,

1139 1233 1191 1260 ein.
1213 1229 1408 1267 somlerliny.
1443 1227 1509 1259 Sed
1533 1228 1638 1270 magis
1660 1228 1766 1269 probo
1789 1228 1932 1268 priorem
1951 1226 2120 1269 Etymolo—

1140 1271 1237 1312 giam,
1260 1277 1296 1301 ut
1319 1270 1519 1302 Pharisaeus
1544 1270 1580 1301 fit
1601 1274 1779 1311 interpres,
1803 1274 1980 1311 expositor,
2003 1272 2120 1302 doctor.

1140 1314 1338 1345 Retinebant
1359 1313 1392 1344 hi
1416 1313 1614 1354 prophetas,
1650 1314 1872 1345 delendcbant
1904 1313 2032 1345 animae
2065 1314 2121 1344 im—

1140 1355 1382 1393 mortalitatem,
1407 1362 1439 1387 et
1462 1357 1741 1388 resurrectionem
1765 1366 1960 1397 corporum;
1988 1357 2048 1387 sed
2071 1366 2120 1388 er-

1140 1401 1259 1431 rabant
1281 1400 1323 1430 de
1351 1398 1520 1431 intellectu
1544 1398 1647 1440 legis,
1681 1400 1722 1430 de
1749 1399 1870 1430 iustitia
1900 1409 2013 1430 coram
2036 1398 2123 1437 Deo,

1141 1444 1183 1474 de
1206 1442 1392 1481 sacrificiis,
1416 1443 1456 1474 de
1480 1443 1710 1474 traditionibus
1730 1441 1891 1483 humanis,
1915 1442 1956 1474 de
1979 1452 2123 1483 persona

1140 1492 1173 1517 et
1196 1485 1325 1523 officio,
1349 1492 1381 1517 et
1403 1495 1507 1527 regno
1530 1485 1675 1517 Messiae
1698 1495 1853 1527 prorsus,
1876 1492 1911 1516 ut
1933 1485 2043 1517 adhuc
2065 1484 2123 1516 ho-

1141 1529 1193 1560 die
1224 1535 1335 1560 errant
1358 1529 1481 1560 Iudaei.
1525 1527 1760 1570 Intelligebant
1787 1527 1896 1570 legem
1926 1533 2051 1559 tantum
2081 1528 2123 1559 de

1140 1578 1277 1603 externa
1300 1571 1491 1612 disciplina:
1525 1572 1696 1613 fingebant
1725 1581 1764 1603 se
1786 1570 1922 1612 implere
1944 1569 2068 1613 legem,
2092 1577 2124 1601 et

1139 1614 1228 1646 illam
1251 1614 1474 1657 impletionem
1498 1616 1684 1646 consistere
1712 1615 1745 1645 in
1773 1615 1918 1646 externis
1949 1614 2122 1655 operibus:

1140 1659 1333 1700 cogitabant
1356 1668 1393 1689 se
1416 1668 1494 1689 esse
1506 1658 1613 1689 iustos
1631 1656 1821 1699 disciplina;
1844 1657 2008 1689 sacrificia
2030 1662 2122 1698 puta-

1142 1702 1220 1732 bant
1242 1703 1361 1732 mereri
1396 1711 1436 1732 ex
1460 1711 1560 1741 opere
1584 1707 1720 1742 operato
1748 1701 1977 1732 remissionem
2006 1709 2122 1741 pecca-

1139 1750 1261 1774 torum:
1297 1743 1510 1775 cumulabant
1532 1743 1653 1775 multas
1676 1753 1783 1775 novas
1807 1743 2019 1780 traditiones,
2042 1748 2122 1774 tam-

1140 1797 1238 1827 quam
1262 1785 1372 1817 cultus
1395 1786 1474 1817 Dei:
1510 1797 1576 1817 non
1610 1792 1728 1817 norant
1761 1787 1946 1818 doctrinam
1980 1786 2021 1817 de
2047 1784 2121 1816 fide.

1139 1830 1352 1860 Somniabant
1383 1829 1539 1860 Messiam
1573 1827 1646 1860 fore
1679 1829 1844 1859 hominem
1877 1834 2021 1861 tantum,
2056 1838 2122 1860 non

1139 1873 1371 1913 agnoscebant
1394 1872 1424 1902 in
1449 1882 1488 1903 eo
1512 1878 1662 1903 naturam
1676 1872 1833 1902 divinam:
1857 1882 1924 1903 non
1937 1871 2123 1902 sentiebant

1139 1925 1212 1945 eum
1235 1915 1328 1951 mitti,
1351 1920 1385 1945 ut
1407 1920 1584 1956 pateretur,
1605 1920 1637 1946 et
1661 1914 1755 1945 fieret
1777 1915 1911 1946 victima
1933 1924 1993 1954 pro
2012 1914 2122 1950 nobis,

1140 1963 1173 1987 et
1196 1958 1383 1988 restitueret
1407 1958 1617 1988 credentibus
1640 1958 1814 1995 iustitiam,
1839 1963 1872 1988 et
1894 1957 1994 1988 vitam
2017 1963 2123 1988 aeter—

1138 2010 1224 2030 nam.
1286 1999 1472 2042 Fingebam
1507 2011 1580 2032 eum
1614 2005 1872 2041 propagaturum
1906 2010 1982 2031 esse
2015 1998 2121 2041 legem

1139 2043 1249 2084 MOysi
1274 2043 1305 2073 in
1328 2049 1431 2074 totum
1455 2044 1630 2081 mundum,
1660 2043 1916 2074 instauraturum
1938 2044 2122 2084 potentiam

1139 2084 1272 2127 politiae
1296 2085 1470 2123 Iudaicae,
1495 2093 1733 2128 occupatorum
1755 2086 1910 2127 imperia,
1932 2092 1965 2117 et
1988 2085 2122 2126 partitu—

1137 2139 1210 2159 rum
1234 2130 1434 2168 provmcias.

1225 2171 1412 2202 Sadducaei
1442 2182 1560 2202 nomen
1590 2172 1757 2213 significat
1786 2172 1889 2209 idem,
1920 2171 2009 2212 quod
2032 2171 2121 2202 iusti·

1139 2214 1267 2252 ilarius,
1291 2216 1456 2253 aZzulcle‘le,
1480 2216 1597 2245 iustus·
1622 2213 1686 2245 Alii
1710 2214 1836 2246 faciunt
1859 2214 2120 2246 schismaticumt

1139 2257 1206 2288 Sed
1229 2263 1308 2297 puto
1332 2257 1408 2289 illos
1437 2269 1456 2288 a
1479 2258 1602 2289 iustitia
1625 2268 1663 2288 se
1686 2258 1893 2293 nominasse3
1920 2258 2014 2298 quia,
2046 2267 2121 2288 cum

1139 2306 1311 2341 negarent,
1335 2301 1461 2332 animas
1484 2311 1563 2332 esse
1587 2299 1807 2337 immortales,
1838 2311 1911 2332 cum
1941 2300 2117 2331 abiiceren.

1139 2344 1415 2374 resurrectionem
1450 2350 1664 2377 mortuorum,
1699 2344 1863 2374 ornabant
1897 2353 1934 2374 se
1961 2353 2119 2384 arrogan-

1138 2386 1264 2417 tissimo
1288 2385 1345 2416 illo
1369 2384 1481 2424 titulo,
1512 2387 1600 2428 quod
1630 2387 1734 2417 videri
1757 2384 1932 2424 volebant,
1962 2395 2000 2416 se
2028 2384 2119 2416 nullo

1138 2429 1308 2469 proposito
1342 2431 1488 2470 praemio
1523 2435 1699 2460 secuturae
1734 2430 1831 2465 vitae,
1865 2435 1975 2460 tamen
2010 2426 2120 2458 colere

1138 2473 1302 2503 iustitiam.
1348 2471 1555 2503 Reiiciebant
1590 2482 1705 2503 omnes
1734 2471 1928 2513 prophetas.
1979 2470 2118 2501 Tantum

1137 2513 1279 2556 Moysen
1304 2517 1489 2546 retinebant
1518 2516 1550 2545 in
1574 2516 1740 2556 speciem,
1770 2524 1830 2545 seu
1853 2525 1913 2555 pro
1937 2513 2060 2551 forma,
2087 2521 2117 2543 et

1136 2555 1261 2599 legem;
1286 2559 1362 2599 quia
1384 2560 1616 2599 agnoscebant
1639 2567 1779 2589 necesse
1803 2566 1897 2596 esse,
1924 2557 1993 2598 regi
2017 2555 2119 2587 homi-

1138 2610 1197 2631 nes
1221 2599 1331 2642 aliqua
1361 2600 1532 2642 religione.
1577 2601 1770 2631 Sentiebant
1804 2598 1883 2630 nihil
1917 2607 2044 2632 restare
2078 2599 2118 2629 de

1137 2643 1271 2674 homine
1299 2650 1375 2684 post
1406 2650 1560 2680 morten1;
1592 2654 1657 2675 non
1681 2643 1839 2681 animam,
1869 2653 1936 2674 non
1966 2643 2117 2674 iudicium:

1752 2702 1780 2727 3.
