2343 2970
173 154 235 187 971
815 154 926 186 Ptin„
950 155 1052 187 MEL.
1076 153 1265 188 SCRIPTA
1285 152 1553 188 EXEGETICA.
2126 157 2193 191 972

264 250 390 282 Tertius
412 251 500 282 locus
524 255 574 281 est
598 251 760 291 expositio
779 248 1010 290 similitudinis,
1035 250 1068 282 in
1092 260 1157 293 qua
1298 247 1434 280 Reditus
1458 255 1537 284 sum
1556 246 1723 290 duplices:
1745 249 1839 292 φόρος
1861 256 1894 283 01
1917 251 2009 288 τέλος.
2045 253 2125 288 τέλος
2137 257 2191 285 est

174 291 254 325 facit
288 298 430 334 quatuor
465 303 588 335 genera
619 293 827 324 auditorium.
879 292 1024 325 Primum
1049 303 1156 336 genus
1210 290 1368 334 vectigal,
1387 293 1475 334 quod
1495 293 1647 334 penditur
1670 293 1711 325 de
1734 294 1846 332 rebus,
1869 304 1955 336 quae
1979 295 2190 328 invehuntur.

173 341 225 368 est
250 345 375 374 eorum,
410 337 464 378 qui
498 346 636 376 prorsus
672 346 737 367 nou
762 342 878 367 curant
901 338 1048 368 verbum.
1094 336 1156 368 Ta·
1208 334 1302 376 φόρος
1324 335 1479 367 tributum
1504 341 1640 373 certam,
1664 336 1752 377 quod
1775 346 1817 368 ex
1841 343 1930 369 terra
1952 339 2116 380 penditur.
2147 338 2192 371 Et

173 378 251 410 lium
275 384 326 410 est
351 380 510 410 maximus:
542 389 711 419 numerus:
735 380 843 421 itaque
867 379 973 421 primo
996 378 1073 412 loco
1101 390 1155 422 po·
1208 377 1268 409 suit
1292 377 1430 427 primum
1455 379 1541 409 bona
1564 384 1595 410 et
1625 378 1768 410 honesta
1792 380 1894 418 ratio,
1923 390 2026 422 quare
2049 380 2082 413 hi
2105 382 2191 414 redi-

170 423 281 461 nitur,
306 427 343 454 ut
368 428 445 453 sunt
481 431 595 452 omncs
638 421 812 462 Epicurei,
848 423 902 465 qui
934 433 996 465 pro
1031 433 1154 465 magna
1209 426 1262 452 tus
1287 421 1419 452 luerunt
1443 420 1592 459 instituti,
1617 421 1678 453 sed
1700 428 1817 463 postea
1831 424 2000 464 rapacitas
2012 423 2067 456 vel
2078 425 2190 466 potius

173 465 315 508 quadam
338 465 500 507 sapientia
525 471 557 495 et
579 463 678 496 lande
703 465 836 504 habent,
860 466 890 498 si
912 475 1054 507 prorsus
1075 476 1154 499 con·
1205 465 1349 505 βονλέμία
1376 464 1610 506 imperatorum
1640 466 1750 497 omnia
1777 466 1887 505 auxit,
1919 473 1953 498 et
1975 468 2076 499 credo
2101 468 2191 500 hunc

171 514 321 541 temnant
343 514 375 539 ct
397 508 554 539 irrideant
577 508 715 540 verbum
738 507 812 540 Dei.
1207 506 1395 538 Zachaeum
1426 507 1593 539 ethnicum
1621 506 1744 545 fuisse,
1775 509 1927 551 quamvis
1957 511 2055 542 etiam
2078 510 2190 543 ludaei

263 553 402 590 Quartus
431 551 520 583 locus
560 557 611 582 est
651 552 867 591 praemonitio
907 551 949 584 de
993 550 1154 583 scandalo
1206 549 1430 592 fungebantur
1452 549 1566 582 osticio
1588 550 1850 593 publicanorum.
1895 552 2058 585 Ascendit
2075 559 2191 586 autem

173 595 350 636 paucitatis
375 594 587 626 credentium.
622 593 687 625 Vix
712 594 795 626 enim
821 600 939 637 quarta
961 605 1039 637 pars
1063 595 1154 627 audi·
1207 593 1392 632 Zachaeus,
1423 599 1458 626 ut
1479 592 1579 626 homo
1609 604 1748 636 parvus,
1772 595 1828 637 qui
1852 593 2020 627 Christum
2041 597 2074 628 in
2097 602 2191 629 tanta

172 643 279 670 torum
318 635 486 676 salvatur,
531 647 571 668 eo
605 638 693 679 qnod
732 647 798 669 non
839 647 957 670 omnes
997 639 1154 670 obediant
1206 635 1412 668 multitudine
1451 635 1594 669 libenter
1633 638 1790 677 vidisset,
1833 638 1867 670 in
1901 640 2058 671 arborem
2091 649 2189 682 syco-

172 679 370 722 Evangelio.
1206 689 1344 711 morum.

260 723 359 753 Aliud,
387 723 609 763 triyccuplum,
640 723 728 753 aliud
750 724 1014 764 sexayecuplam.]
1059 723 1154 757 Allu-
1294 723 1493 763 sycomorus,
1517 721 1573 755 vel
1594 722 1790 765 συκομυραία,
1813 734 1879 756 11011
1903 724 2071 756 derivatur
2092 735 2190 764 ὃμω·

172 768 219 799 dit
243 767 284 798 ad
307 772 457 798 naturam
481 766 628 805 seminis,
661 767 747 809 quod
779 778 839 809 pro
864 772 973 799 terrae
995 766 1154 810 qualitate
1205 765 1258 808 ρός
1280 763 1403 804 fatuus,
1425 765 1459 796 id
1481 771 1545 804 est,
1568 767 1664 807 quasi
1687 768 1790 798 arbor
1812 766 1918 806 fatua,
1942 768 2034 799 cuius
2057 767 2189 801 fructus

171 809 248 853 plus
272 816 329 841 aut.
352 810 459 841 minus
482 810 646 852 producit.
694 809 819 842 Plinius
851 817 994 842 testatur
1022 811 1054 842 in
1078 810 1153 843 solo
1207 819 1275 840 non
1298 809 1342 840 sit
1364 809 1448 846 esui,
1470 809 1532 840 sed
1556 809 1735 851 caprificus
1757 810 1928 852 significat
1943 812 1996 840 ein
2006 810 2190 849 wildeufei·

172 854 330 886 mediocri
352 851 422 885 fere
444 852 487 884 50
510 863 613 895 grana
638 863 678 884 ex
701 864 769 885 uno
792 854 897 892 nasci,
921 854 953 886 in
977 855 1154 886 admodum
1205 852 1364 892 yeubaum·
1411 849 1502 882 Talis
1525 861 1593 883 non
1615 859 1667 884 est
1689 857 1887 895 συκομοραία.
1922 852 2109 895 Captificus
2123 853 2190 887 alio

171 895 283 936 senili,
311 895 410 939 quale
444 902 495 928 est
523 897 556 928 in
579 903 673 938 parte
695 896 816 929 littoris
838 896 1033 939 Aphricani‚
1057 898 1154 931 etiam
1208 895 1339 927 nomine
1361 894 1479 927 dicitur
1499 895 1620 936 ἐρινεός.
1649 895 1855 938 Sycomorus
1878 902 1989 928 autem
2012 902 2065 928 est
2087 898 2191 930 arbor

173 947 304 973 centum
328 945 359 971 et
382 939 534 982 amplius,
1207 939 1341 980 propria
1364 938 1484 970 ludeae
1508 939 1650 981 gignens
1674 938 1818 971 fructum
1836 940 1980 972 medium
1992 940 2078 972 inter
2090 939 2191 973 ficum

1207 987 1240 1013 et
1273 991 1419 1020 morum,
1454 980 1594 1012 similem
1627 982 1768 1024 utrique,
1801 988 2091 1022 maturescentem,
2125 983 2190 1015 nisi

399 1042 461 1075 DE
484 1042 692 1076 HISTORIA
716 1043 923 1076 ZACHAEL
1206 1025 1300 1067 prius
1323 1023 1498 1074 scalpatur
1519 1024 1609 1057 serre
1642 1030 1684 1076 et·
1704 1031 1848 1076 ungatur
1871 1024 1959 1076 oleo,
1992 1032 2025 1058 et
2047 1036 2114 1058 una
2133 1035 2190 1058 ac·

1206 1075 1293 1100 state
1315 1077 1451 1109 saeptus
1476 1075 1606 1110 quater,
1629 1078 1818 1111 quinquies,
1849 1078 1962 1100 sexles
1988 1067 2042 1101 vel
2064 1070 2192 1111 septies

558 1111 691 1144 Lucae
716 1112 773 1144 19.
1179 1088 1294 1182 {parit
1333 1110 1477 1144 fructum
1516 1110 1616 1143 valde
1651 1111 1764 1144 utilem
1800 1112 1986 1154 pecudibus
2019 1118 2053 1144 et
2086 1111 2191 1145 homi·

1178 1188 1182 1222 Ι

359 1172 463 1211 (com'
490 1171 567 1204 νώ
590 1171 710 1204 ΧΧΝ”
734 1184 766 1215 Ρ·
790 1173 856 1205 413
878 1178 969 1216 sqq')
1207 1156 1352 1231 mbusgic
1379 1196 1474 1229 Deus
1510 1196 1608 1230 valde
1642 1196 1764 1230 multas
1793 1208 1849 1230 res
1873 1199 1964 1230 dedit
1987 1199 2109 1242 exiguo
2132 1208 2191 1231 an·

258 1241 352 1273 Ilaec
371 1241 512 1274 historia
529 1246 581 1273 est
605 1242 781 1274 coniuncta
804 1252 878 1275 cum
901 1240 969 1281 illa,
992 1253 1078 1285 quae
1102 1248 1154 1275 est
1178 1224 1182 1283 l
1206 1241 1305 1285 gulo,
1332 1241 1389 1273 ubi
1413 1247 1523 1273 tamen
1553 1240 1658 1273 multa
1684 1242 1853 1274 hominum
1876 1241 2050 1274 multitudo
2073 1247 2193 1284 posset

171 1286 214 1318 de
232 1296 346 1324 cacco,
370 1296 468 1327 quem
491 1284 646 1317 Christus
676 1286 818 1318 sanavit.
864 1284 948 1318 lllud
978 1287 1063 1318 enim
1091 1287 1154 1318 iter
1175 1291 1181 1341 ἱ
1205 1284 1260 1318 ali.
1304 1284 1445 1327 Lignum
1469 1284 1558 1317 illius
1582 1285 1716 1316 arboris
1739 1284 1861 1318 multas
1885 1284 1987 1318 habet
2005 1286 2192 1328 proprieta-

170 1327 230 1361 fuit
265 1329 398 1371 plenum
425 1329 608 1370 ingentium
641 1328 894 1368 miraculorum,
924 1330 956 1361 in
984 1340 1025 1361 eo
1054 1330 1153 1362 etiam
1178 1345 1180 1359 ι
1205 1336 1272 1370 105;
1296 1329 1482 1361 coniectum
1511 1328 1597 1360 enim
1619 1328 1654 1359 in
1677 1338 1797 1371 aquam
1820 1329 1928 1370 prima
1951 1329 2191 1371 submergitur,

170 1373 384 1405 resuscitavit
406 1371 582 1404 Lazarum.
617 1371 699 1404 Cum
723 1374 810 1404 enim
833 1379 1023 1405 secesserat
1046 1373 1079 1404 in
1102 1373 1154 1406 de·
1178 1361 1181 1423 ²
1205 1378 1323 1415 postea
1346 1370 1504 1413 paulatim
1528 1372 1685 1405 siccessit
1710 1378 1743 1403 et
1767 1377 1890 1411 enatat,
1914 1382 1977 1404 nec
1998 1372 2134 1413 putrefit
2156 1373 2192 1405 in

170 1421 303 1448 sertum:
326 1416 456 1447 interim
478 1421 629 1447 mortuus
649 1421 719 1447 erat
741 1415 901 1448 Lazarus.
1178 1425 1179 1436 ¹
1205 1426 1292 1458 aqua
1325 1416 1412 1447 sicut
1444 1413 1511 1447 alia
1543 1414 1644 1456 ligna·
1690 1414 1888 1446 Athenaeus
1911 1415 2010 1454 dicit,
2043 1414 2190 1448 fructum

257 1457 451 1500 Exemplum
481 1464 592 1490 autem
621 1457 766 1491 Zachaei
794 1465 846 1491 est
873 1460 984 1502 imago
1015 1469 1154 1492 conver·
1177 1449 1180 1475 ¹
1204 1459 1375 1501 sycomori
1400 1468 1474 1489 cum
1498 1456 1574 1489 oleo
1598 1467 1741 1490 rosaceo
1766 1458 1954 1501 impositum
1967 1457 2094 1490 orificio
2109 1468 2189 1490 veu-

169 1501 286 1534 siouis.
331 1502 460 1533 Nomen
484 1502 580 1533 etiam
604 1502 778 1539 convenit3
800 1503 963 1534 Zachaeus
985 1502 1154 1544 signifieat
1177 1498 1180 1534 l
1205 1500 1313 1534 triculi
1337 1500 1460 1532 mederi
1483 1501 1644 1532 febribus

175 1546 378 1580 mundatum,
402 1555 422 1576 a
445 1545 542 1583 Zach,
563 1545 651 1587 quod
670 1545 824 1578 mundum
847 1545 1025 1589 significat,
1049 1552 1081 1577 et
1093 1544 1154 1578 suit
1177 1535 1180 1579 !
1292 1543 1468 1577 Zachaeus
1492 1544 1583 1574 stetit
1611 1544 1645 1574 in
1673 1552 1866 1585 sycomoro,
1900 1553 1986 1586 quae
2021 1543 2191 1587 significat

173 1588 228 1621 hic
250 1589 405 1630 princeps
425 1587 689 1629 publicanorum.
1204 1586 1363 1630 populum
1386 1586 1566 1624 Iudaicum,
1600 1586 1634 1618 in
1669 1597 1734 1629 quo
1770 1592 1822 1618 est
1854 1586 2070 1619 ministeriam
2093 1588 2190 1620 vocis

258 1631 450 1662 Public-auus
473 1632 640 1673 significat
657 1632 706 1660 ein
729 1631 856 1670 Zo'lner,
879 1633 967 1674 quod
992 1632 1153 1674 genuani-
1205 1633 1348 1668 divinae,
1371 1629 1502 1662 scilicet
1525 1628 1691 1668 Ecclesia,
1714 1640 1799 1672 quae
1822 1640 1925 1672 saepe
1948 1631 2046 1672 parit,
2068 1630 2191 1663 sedita

171 1685 246 1707 cum
267 1673 392 1707 sactum
411 1681 461 1706 est
485 1685 525 1706 ex
550 1684 674 1717 graeco
697 1674 842 1714 τελώνης,
865 1685 885 1706 a
907 1679 986 1712 tt'Zog
1009 1673 1153 1717 vectigal
1177 1679 1181 1732 Ι
1205 1681 1330 1706 tamen:
1360 1679 1493 1715 oportet
1516 1682 1588 1705 eam
1616 1674 1707 1715 prius
1736 1672 1842 1716 scalpi
1867 1673 1979 1713 ferro,
2011 1680 2045 1706 et
2074 1674 2190 1716 inungi

172 1725 203 1751 et
227 1719 352 1758 ὀνοῦμαι
376 1728 461 1756 emo,
485 1719 580 1761 quasi
606 1724 712 1750 emtor
723 1717 947 1761 vectigalium.
972 1719 1047 1750 Fuit
1066 1719 1153 1750 enim
1205 1717 1292 1756 oleo,
1311 1718 1343 1749 id
1366 1723 1430 1755 est,
1453 1722 1585 1758 oportet
1608 1717 1640 1747 in
1664 1727 1703 1748 ea
1725 1718 1865 1758 primum
1889 1718 2004 1749 doceri
2016 1716 2142 1760 Legem
2153 1721 2189 1749 et

171 1762 380 1794 consuetudo
405 1767 552 1794 veterum
576 1762 798 1803 imperiorum,
821 1768 853 1793 ut
869 1772 929 1803 pro
944 1768 1035 1794 certa
1054 1772 1153 1803 pecu·
1205 1760 1434 1803 Evangelium.
1482 1759 1539 1792 Sic
1562 1758 1656 1791 Deus
1686 1760 1884 1801 saepissime
1913 1758 2027 1792 multis
2057 1760 2188 1802 magnis

171 1806 226 1837 nia
250 1804 419 1837 elocarent
443 1810 628 1846 praemi-215,
652 1806 738 1836 sicut
761 1805 871 1837 adhuc
885 1804 1010 1837 iaciunt
1023 1805 1151 1837 Veneti.
1204 1803 1447 1837 calamitatibus
1483 1803 1660 1846 castigavit
1694 1803 1792 1834 istum
1815 1802 1986 1845 populum.
2030 1802 2188 1836 Ecclesia

170 1847 270 1880 Tales
294 1847 425 1880 fuerunt
449 1849 574 1879 τελῶναι
596 1849 629 1879 in
652 1849 789 1889 imperio
806 1848 969 1886 Romano,
995 1855 1027 1880 et
1050 1858 1152 1890 penes
1205 1849 1288 1880 enim
1312 1857 1443 1889 semper
1465 1845 1601 1878 multum
1626 1848 1856 1879 aerumnosior
1879 1853 1911 1878 et
1935 1846 2076 1878 caeteris
2105 1856 2186 1889 gen·

170 1891 250 1923 illos
272 1898 349 1923 tunc
373 1891 433 1923 suit
456 1892 605 1933 pecunia.
651 1892 745 1923 Sicut
767 1902 857 1923 nuuc
879 1893 910 1924 in
935 1893 1152 1932 possessione
1205 1893 1309 1929 tibus3
1332 1896 1464 1932 oportet
1486 1896 1594 1922 autem
1614 1899 1828 1932 sycomorum
1850 1900 1917 1921 non
1937 1894 2062 1921 tantum
2076 1888 2184 1931 scalpi

172 1935 351 1977 praecipua
379 1936 541 1977 pecuniae
572 1940 648 1966 sunt
677 1935 816 1967 Fuccari
850 1941 882 1967 et
911 1934 1064 1978 Belgari,
1098 1936 1152 1977 qui
1177 1952 1180 1979 ς
1205 1935 1305 1974 ferro,
1329 1935 1390 1966 sed
1413 1934 1510 1965 ctiam
1532 1934 1646 1975 inungi
1670 1932 1756 1965 oleo.
1783 1932 1839 1965 stc
1863 1934 1960 1965 ctiam
1982 1938 2186 1974 praeceptor

172 1978 237 2010 boc
261 1984 418 2019 tempore,
444 1977 617 2018 plurimum
632 1979 793 2020 pecuniae
817 1978 986 2011 conficere
998 1985 1151 2021 possunt.
1177 1994 1181 2017 t
1205 1990 1269 2011 non
1296 1979 1390 2009 debet
1411 1982 1537 2009 tantum
1556 1978 1724 2019 castigare
1745 1986 1896 2018 puerum,
1921 1976 1981 2007 sed
2004 1976 2103 2008 ctiam
2126 1976 2185 2008 do-

173 2021 257 2053 Cum
290 2021 468 2063 imperator
501 2019 637 2052 fecisset
671 2029 802 2062 pactum
831 2023 924 2063 pacis
954 2023 996 2054 ad
1027 2021 1153 2063 aliquot
1177 2022 1181 2068 ξ
1206 2033 1291 2054 cere.
1314 2020 1469 2053 Ecclesia
1492 2021 1595 2062 gignit
1620 2019 1774 2057 fructum,
1796 2029 1870 2051 cum
1893 2019 2023 2050 accedit
2045 2020 2187 2062 primum

173 2074 281 2097 annos
301 2075 375 2096 cum
400 2074 480 2106 rege
504 2063 634 2095 Gallico
665 2066 723 2100 sic,
752 2072 786 2097 ut
819 2066 890 2107 ipse
919 2076 977 2097 rex
1001 2064 1151 2097 Gallicus
1177 2072 1180 2095 Ι
1206 2065 1391 2107 castigatio,
1416 2064 1535 2095 deinde
1559 2063 1719 2095 doctrina.

173 2109 267 2140 daret
293 2108 333 2138 12
356 2114 477 2138 tonnas
500 2108 571 2139 auri
601 2107 633 2138 hi
659 2109 740 2147 duo,
770 2108 942 2140 Fuccarus
972 2116 1004 2141 et
1032 2107 1152 2151 Belga·
1177 2097 1181 2143 ’t
1292 2108 1464 2150 Sycomori
1490 2107 1613 2149 lignum
1637 2105 1796 2148 mergitur
1818 2106 1924 2146 primo
1948 2106 1981 2136 in
2005 2115 2105 2147 aqua,
2125 2105 2187 2137 sed

172 2162 230 2182 rus
265 2152 483 2192 promiserunt
518 2160 556 2181 se
592 2157 715 2183 tantum
759 2153 919 2192 pecuniae
961 2152 1152 2193 imperatori
1177 2147 1181 2211 '
1206 2158 1325 2194 postea
1360 2157 1480 2182 enatat.
1527 2151 1584 2181 Sic
1610 2148 1764 2181 Ecclesia
1798 2149 1960 2191 mergitur
1995 2149 2027 2180 in
2061 2147 2186 2181 multus

173 2193 262 2226 velle
287 2194 455 2226 conficere
478 2194 520 2224 ad
545 2194 629 2225 dum:
654 2195 823 2233 terminos,
846 2206 912 2227 uno
937 2196 1067 2237 quidem
1092 2201 1153 2226 tcr-
1178 2221 1180 2235 ἰ
1207 2193 1424 2232 calamitates,
1448 2200 1617 2235 postremo
1641 2199 1750 2224 tamen
1773 2198 1884 2224 enatat
1906 2202 1950 2223 ex
1972 2190 2052 2230 illis,
2075 2201 2186 2233 quam-

173 2238 261 2270 mino
284 2236 405 2269 vellent
430 2236 565 2268 solvere
588 2238 608 2267 6
631 2244 771 2277 tonnas,
805 2244 837 2269 01,
860 2240 936 2270 item
961 2237 1064 2270 altero
1089 2246 1153 2270 tcr-
1178 2238 1181 2261 Ι
1207 2249 1305 2281 qnam
1338 2236 1449 2268 munt.
1481 2236 1576 2268 malis
1610 2235 1783 2269 afficiatur.
1829 2236 1928 2277 Aqua
1957 2235 1989 2266 in
2013 2234 2187 2277 Scriptura

172 2282 261 2313 111100
284 2280 407 2312 alteras
431 2291 491 2312 sex
515 2286 644 2312 tonnas.
669 2280 770 2312 Tales
794 2282 890 2312 etiam
906 2281 1034 2313 luerunt
1048 2280 1153 2323 publi·
1175 2269 1180 2339 ἰ
1207 2282 1325 2314 usitate
1350 2281 1517 2322 significat
1541 2278 1782 2311 tribulationes·
1828 2278 1970 2310 Fructus
2006 2279 2077 2310 eius
2112 2289 2187 2310 cum
2228 2280 2231 2286 '

175 2325 248 2357 cani
271 2325 356 2365 apuxl
378 2323 557 2355 Romanos.
604 2324 689 2359 Quia
713 2331 822 2356 autem
836 2324 1009 2356 Zachaeus
1033 2324 1091 2357 suit
1114 2336 1154 2355 ιε·
1207 2324 1281 2356 oleo
1308 2334 1450 2356 rosaceo
1476 2324 1627 2354 medetur
1651 2322 1811 2361 febribuS,
1838 2321 1904 2354 hoc
1927 2327 1991 2360 est,
2016 2321 2088 2353 Lex
2111 2332 2187 2353 cum

176 2366 463 2405 ληίης-,1011011001
489 2367 673 2399 sinednbio
687 2366 784 2399 homo
799 2367 1004 2409 prcpllanuS,
1020 2369 1073 2409 qui
1098 2368 1154 2399 de—
1205 2366 1389 2410 Evangelio
1427 2374 1476 2398 est
1500 2365 1639 2404 efficax,
1675 2377 1735 2398 ,neu
1758 2375 1861 2407 opera
1884 2364 1969 2408 legis
1994 2364 2074 2397 fiunt
2100 2365 2188 2396 bona

175 2409 301 2452 glttpsit
319 2417 347 2441 et
373 2410 558 2442 exhaurix'it
580 2411 775 2453 sanguinem
800 2411 928 2441 miseris
954 2411 1153 2446 hominibus,
1206 2421 1279 2443 cum
1304 2411 1377 2442 tide.

175 2455 260 2485 51001
285 2453 527 2495 Aristophanes
552 2455 647 2485 dixit:
671 2459 777 2493 ταμίαι
792 2457 909 2493 λαμίαι,
929 2455 960 2485 1(1
981 2461 1043 2489 est,
1058 2464 1154 2497 quae·
1293 2454 1384 2484 Haec
1408 2457 1458 2484 est
1480 2462 1560 2483 vera
1583 2451 1745 2495 allegoria
1769 2450 1865 2483 huius
1888 2451 2032 2490 arboris,
2056 2457 2089 2482 et
2111 2461 2188 2494 pro·

174 2503 287 2528 stores
310 2504 385 2529 sunt
410 2496 539 2535 lamiae,
565 2498 595 2528 id
620 2504 684 2536 051,
701 2496 846 2540 strygeS,
861 2498 1050 2539 germanice
1062 2498 1154 2534 lmltu,
1206 2495 1328 2540 phetae
1352 2496 1414 2528 hac
1439 2495 1601 2537 allegoria
1632 2494 1793 2531 lasernnt3
1822 2500 1856 2526 ut
1882 2495 2002 2525 Amos:
2032 2494 2102 2534 Eyo
2126 2504 2188 2524 non

174 2550 255 2572 aves
285 2552 371 2582 quae
400 2549 564 2583 exsngunt
594 2542 705 2582 pueris
736 2541 941 2583 sanguinem.
989 2540 1079 2572 Usus
1103 2547 1156 2572 est
1207 2551 1270 2569 sum
1297 2540 1378 2580 filiam
1405 2539 1591 2579 prophetae.
1622 2539 1678 2567 sed
1708 2539 1912 2568 armentarius
1932 2538 2077 2567 venimus
2099 2548 2190 2579 syco-

173 2582 239 2614 11οο
258 2584 344 2615 dicto
370 2583 613 2626 Aristophanes
649 2590 768 2616 taxans
802 2584 1021 2625 rapacitatem
1051 2583 1154 2626 publi·
1179 2591 1186 2647 ι
1209 2594 1332 2618 morum,
1356 2582 1422 2614 hoc
1446 2590 1509 2620 est,
1532 2593 1595 2624 ego
1620 2583 1725 2613 debeo
1751 2592 1813 2613 vos
1836 2581 1968 2612 docere.

175 2637 334 2659 canorum
359 2633 391 2659 et
414 2633 637 2669 quaestorum.
1296 2627 1503 2669 Sycomorus
1528 2627 1624 2657 etiam
1649 2625 1815 2668 significat
1839 2622 2009 2663 scholam,
2036 2633 2121 2667 quae
2142 2624 2190 2656 ita
