2343 2970
59 180 124 213 309

59 274 205 317 politiam
228 273 422 311 Mosaicam,
446 273 474 304 si
497 270 919 312 mansissetHierosolyma
943 271 973 300 in
999 280 1038 300 eo

60 325 160 356 statu,
184 328 249 359 quo
272 317 330 348 {uit
354 322 501 357 tempore
525 313 775 355 Apostolorum,
807 320 885 345 tunc
908 324 1039 353 semper

60 360 178 393 fuisset
211 360 269 392 illa
297 360 425 400 opinio,
467 359 508 389 ibi
552 368 628 389 esse
650 357 762 387 sedem
787 355 972 393 Ecclesiae,
1007 361 1039 386 et

60 404 138 435 illos
162 404 244 435 ritus
264 402 496 442 suscipiendos
520 408 552 432 81
586 400 771 432 servandos
806 409 895 436 8558,
929 405 961 430 81
994 400 1038 429 1111

59 446 256 478 manendum
280 455 367 483 8558,
402 450 437 475 ut
468 445 558 475 initio
588 442 685 475 valde
719 440 823 473 multa
858 442 1038 473 certamina

58 489 191 521 suerunt
213 490 254 519 de
276 489 341 520 hac
354 488 518 528 opinione.
554 485 676 518 Paulus
701 491 817 516 contra
834 485 1037 526 pseudopro—

58 531 177 573 phetas
200 532 357 572 disputat,
381 529 597 572 Evangelium
621 539 696 560 esse
719 527 959 559 inchoationem
983 538 1038 559 ae-

59 581 172 606 ternae
196 575 375 612 iustititiae,
399 573 496 611 lucis,
521 573 718 614 sapientiae3
741 582 806 602 11011
830 581 906 602 esse
924 572 1038 601 obser-

58 618 224 649 vationem
248 617 428 649 Iudaicam:
454 616 567 648 Umbra
591 616 737 653 transiit,
760 615 875 656 inquit.

143 659 296 702 Denique
320 659 421 691 voluit
434 659 526 691 Deus
550 659 806 690 destructionem
832 658 940 695 istam,
964 667 1038 688 esse

58 702 243 743 exemplum
269 704 421 734 omnibus
446 703 598 744 gentibus.
623 703 663 733 de
685 700 796 732 futuro
825 700 945 731 iudicio
969 700 1038 731 uni-

58 746 196 783 versali,
220 753 252 778 et
275 745 349 777 aliis
381 747 508 786 poenis.
572 745 614 776 Ut
649 741 958 784 Constantinopolis
987 749 1039 774 est

59 788 243 830 exemplum
274 790 331 820 toti
355 789 475 825 Asiae3
510 789 560 819 sic
591 786 792 818 Alexandria
825 787 858 817 in
883 787 1037 828 Aegypto

57 832 171 863 habuit
204 831 434 873 pulcerrimam
476 837 508 862 et
542 830 796 862 eruditissimam
830 828 1037 860 Ecclesiam:

57 876 120 907 iam
150 876 235 906 istae
270 876 369 906 urbes
407 880 484 906 sunt
519 872 651 904 stabula
683 883 785 904 saeva
817 873 1038 914 pessimorum

56 918 235 950 hominum.
288 916 368 948 Vult
395 916 488 948 Deus
519 927 580 947 nos
605 917 773 958 cogitare,
805 915 928 946 nullam
958 914 1038 956 poli-

57 962 134 992 tiam
159 970 236 992 esse
253 967 430 991 aeternam.
466 959 625 1002 Virgilius
639 959 757 1000 inquit:
780 959 948 998 hnpcrann
970 960 1039 989 sinc

52 1005 114 1043 fine
136 1003 238 1034 dedit:
263 1004 304 1034 de
327 1002 496 1034 Romanis.
543 1003 610 1034 Sed
636 1003 701 1033 1108
724 1002 830 1043 ipsum
855 1002 1038 1032 Romanum

56 1046 230 1087 Imperium
254 1047 317 1077 iam
342 1047 395 1077 diu
421 1045 635 1077 dilaceratum
660 1052 722 1083 est,
746 1051 779 1077 et
802 1045 933 1087 quidem
957 1043 1038 1076 mul-

56 1088 218 1131 upliciter.
262 1088 308 1118 Es
330 1091 370 1118 ist
393 1089 485 1128 lanye
507 1088 637 1128 lzc‘nwey.

121 1132 207 1163 Istas
221 1142 360 1163 caussas
374 1133 584 1163 considerate
596 1133 637 1163 ad
652 1132 908 1162 contii-maiitiam
928 1130 1038 1168 fidem,

56 1176 145 1217 quod
183 1176 310 1206 venerit
334 1174 490 1213 Messias,
527 1181 558 1206 et
599 1176 639 1205 ad
675 1174 934 1205 confirmandam
969 1184 1038 1205 mo-

56 1219 206 1255 destiam,
229 1218 437 1249 excitandum
462 1219 610 1249 timorem
640 1218 704 1249 Dei
782 1217 922 1254 Videtis,
957 1227 1038 1258 quo-

55 1261 154 1292 modo
179 1268 311 1292 crescat
334 1262 497 1292 securitas
523 1267 553 1291 et
577 1259 698 1291 laxatio
723 1259 935 1301 disciplinae:
973 1259 1037 1289 und

54 1315 118 1334 was
136 1305 190 1342 fm-
213 1306 261 1335 eise
285 1304 448 1335 rnzttwillen
472 1306 513 1333 ist
532 1303 748 1334 allentlmlben.
795 1303 916 1334 Dicunt¹
940 1302 1037 1334 etiam

55 1346 343 1388 Constantinopoli
378 1353 501 1378 tantum
539 1347 645 1378 fuisse
683 1347 911 1387 turpitudinis,
948 1351 1037 1376 ante-

54 1400 151 1432 quam
175 1401 195 1421 a
224 1389 334 1421 Turca
362 1396 492 1421 vastata
517 1397 578 1428 est,
614 1396 650 1421 ut
679 1389 773 1421 nefas
802 1389 954 1421 videatur
979 1387 1037 1419 ali·

54 1433 132 1475 quid
155 1433 195 1464 de
219 1443 259 1464 ea
282 1443 552 1464 commemorare.
598 1433 700 1474 Igitur
734 1433 823 1464 venit
844 1431 972 1468 Turea,
1004 1437 1038 1463 et

53 1476 203 1508 exercuit
224 1487 376 1518 magnam
401 1475 639 1508 crudelitatem.

137 1517 325 1551 Dolendum
360 1526 411 1551 est
441 1525 549 1551 autem
573 1520 670 1551 etiam
703 1520 735 1551 in
770 1524 883 1550 vestro
919 1519 1034 1550 ordine

54 1570 121 1592 non
143 1571 220 1593 esse
243 1563 375 1594 modum
399 1562 560 1594 licentiae.
607 1562 682 1593 Non
717 1563 853 1604 parcitis
876 1562 1035 1604 aegrotis,

56 1604 201 1643 senibus,
235 1605 357 1646 pueris,
391 1607 574 1647 puerperis.
622 1606 731 1638 Credo
765 1605 864 1636 talem
898 1603 1036 1636 laxatio-

55 1656 130 1678 nem
150 1648 257 1688 primo
278 1658 434 1679 caussam
455 1648 558 1680 fuisse
577 1648 652 1686 illis,
682 1650 737 1691 qui
766 1653 981 1680 secesserunt
1003 1648 1036 1678 in

55 1688 274 1721 solitudinem.
320 1690 450 1729 Videte,
475 1691 582 1733 qualis
606 1691 702 1723 labor
724 1692 765 1723 sit
789 1692 900 1729 nobis,
923 1692 957 1722 in
980 1693 1037 1722 do-

55 1733 168 1763 cendis
197 1732 310 1770 vobis,
341 1739 420 1774 quot
451 1733 587 1766 labores
632 1735 840 1776 requirantur
862 1735 894 1765 in
917 1745 1038 1775 propa-

56 1776 189 1817 gatione
222 1775 403 1813 doctrinae,
438 1775 527 1808 utilis
568 1778 601 1808 in
634 1778 713 1814 vita,
747 1783 778 1808 et
809 1777 1037 1808 necessariae:

55 1823 165 1849 tamen
187 1817 279 1850 multi
312 1819 396 1850 adeo
432 1826 509 1851 sunt
531 1819 730 1861 petulantes,
765 1825 801 1850 ut
835 1830 901 1851 non
928 1818 1036 1851 solum

55 1859 139 1891 alios
170 1861 383 1892 vehementer
410 1861 606 1901 molestent,
638 1864 697 1894 sed
724 1863 820 1893 etiam
844 1868 1038 1903 praecepto-

54 1913 110 1935 res
134 1903 310 1941 offendant‚
336 1915 475 1946 quorum
503 1906 623 1937 iudicia
647 1911 736 1936 certe
760 1905 904 1936 revereri
932 1906 1031 1936 debc-

54 1947 143 1978 bant.
172 1945 283 1987 Aliqui
307 1948 536 1989 ingrediuntur
559 1954 593 1979 ut
619 1948 792 1990 (liganteS,
815 1949 909 1990 quasi
933 1946 1033 1979 velint

54 1999 248 2032 expugnare
270 1990 414 2022 coelum:
454 1991 524 2022 Nos
549 1993 610 2032 ipsi
634 1991 828 2022 attrahimus
852 1990 915 2022 hac
934 1989 1033 2021 licen-

54 2034 99 2064 tia
120 2041 259 2074 poenaS,
289 2043 372 2075 quas
394 2034 559 2065 minantur
582 2035 678 2065 nobis
708 2034 772 2065 hoc
806 2044 892 2065 anno
928 2034 1033 2064 horri-

54 2074 132 2106 bilia
167 2076 328 2117 prodigia.
381 2076 490 2108 Simus
525 2083 632 2109 autem
667 2077 820 2115 modesti,
854 2082 885 2108 et
919 2087 1033 2118 prece-

53 2129 137 2156 mur,
160 2124 195 2149 ut
217 2118 310 2150 Deus
332 2118 433 2150 leniat
451 2131 589 2160 poenas,
614 2126 646 2152 et
668 2126 779 2151 servet
804 2119 933 2162 aliquas
957 2119 1031 2150 reli-

54 2162 158 2202 quias,
205 2161 288 2192 Nam
313 2167 402 2193 certe
431 2165 578 2195 servabit
602 2163 697 2195 Deus
720 2162 906 2195 Ecclesiam
935 2163 1030 2194 etiam

53 2204 138 2236 inter
160 2203 338 2235 horribiles
363 2205 483 2237 fluctus
503 2207 739 2248 prodigiorum.

139 2247 230 2279 Sicut
249 2248 280 2278 in
302 2247 359 2279 illo
383 2250 545 2291 prodIgio‚
569 2250 657 2291 quod
680 2249 801 2281 factum
825 2255 877 2280 est
895 2250 926 2280 in
943 2248 1030 2280 Thu-

54 2289 171 2332 ringia,
195 2291 227 2321 in
251 2291 371 2332 oppido
391 2291 513 2330 Nebra,
536 2293 756 2335 significatum
775 2298 864 2334 puto.
910 2292 956 2323 1111
980 2302 1029 2323 re-

56 2340 135 2362 cens
158 2333 209 2364 die
231 2334 312 2365 Iunii
334 2334 386 2365 26.
410 2333 526 2366 mulier
548 2335 701 2375 honesta,
728 2346 847 2378 magna
873 2346 944 2367 cum
970 2334 1029 2366 dif-

55 2372 206 2406 ficultate
228 2377 355 2417 peperit
378 2376 496 2413 11118011
527 2389 591 2420 qua
614 2380 712 2417 edita,
737 2390 812 2410 mox
837 2378 970 2410 flamma
988 2388 1028 2409 ex

53 2417 167 2448 matris
195 2418 271 2449 alvo
300 2421 407 2461 erupit
438 2432 511 2452 cum
541 2423 669 2461 sonitu,
705 2422 812 2464 qualis¹
846 2421 881 2452 fit
907 2422 1028 2453 emisso

54 2457 154 2500 globo
179 2471 219 2491 ex
242 2471 344 2493 aenea
367 2462 528 2495 machina.
579 2464 626 2496 Ea
649 2465 797 2503 flamma,
833 2465 895 2496 etsi
926 2471 1028 2496 mater

51 2504 203 2534 ambusta
227 2509 288 2542 est,
319 2511 426 2536 tamen
449 2517 514 2538 non
539 2514 589 2539 est
612 2509 766 2540 extincta.
817 2508 883 2539 Sed
908 2518 1027 2539 recens

51 2551 159 2577 natam
183 2545 280 2578 filiam
304 2548 431 2579 flamma
457 2550 680 2590 circumdedit,
705 2558 736 2582 et
760 2552 902 2583 necavit.
959 2551 1026 2582 Ma·

50 2593 100 2619 ter
118 2589 282 2631 significat
304 2589 501 2632 Ecclesiam,
524 2604 607 2635 quae
626 2595 779 2636 manebit,
803 2595 864 2626 sed
888 2595 948 2625 erit
971 2604 1027 2625 cx-

54 2641 131 2673 gua,
158 2639 190 2664 et
208 2633 331 2666 amittet
355 2632 455 2666 multa
478 2644 685 2669 ornamenta:
710 2639 807 2670 sicuti
832 2635 919 2670 bella
943 2647 1027 2668 sem-

744 175 965 209 POSTlLLA
982 175 1383 208 MELANTHONIANA.

2009 174 2074 206 310

1063 270 1151 310 'per
1169 276 1290 301 nocent
1313 269 1484 312 plurimum
1519 270 1616 300 etiam
1651 268 1727 307 11115,
1762 270 1814 310 qui
1849 276 1925 299 sunt
1960 279 2072 310 super-

1062 1387 1065 1396 v

1091 313 1196 343 511185.
1243 315 1313 345 Ilus
1335 317 1395 345 solt
1420 315 1472 345 ihr
1494 315 1686 352 betlenclcen,
1715 314 1781 344 mul
1810 313 1896 343 vicli!
1917 323 1953 344 so
1975 317 2073 344 utilsle

1091 358 1159 387 und
1175 357 1268 388 wilde
1286 360 1363 388 sein.

1178 399 1265 430 Ante
1305 410 1410 430 annos
1446 399 1487 430 30
1521 398 1652 430 suerunt
1692 397 1865 429 multarum
1901 398 2073 439 regionum

1091 452 1232 483 magnae
1267 444 1468 474 vastationes
1504 443 1533 472 in
1570 441 1672 473 ltalia.
1728 441 1793 472 lam
1836 441 1896 472 iste
1937 442 2072 472 insanus

1092 485 1183 525 Papa
1208 485 1308 516 lulius
1338 487 1454 517 tertius
1486 486 1601 516 iterum
1632 485 1755 516 invexit
1781 483 1914 521 1181111111,
1938 490 1970 515 81
1992 483 2075 514 Tur-

1092 538 1151 558 cos
1181 529 1212 559 in
1239 527 1361 560 ltaliam
1396 529 1592 565 introduxit,
1627 529 1681 569 qui
1716 529 1909 558 invaserunt.
1944 534 2074 568 portum

1092 570 1263 607 Herculisg
1299 578 1348 609 et,
1383 572 1446 602 nisi
1475 582 1495 602 a
1523 571 1640 612 paucis
1675 570 1833 602 militibus
1868 570 2074 601 Germanicis

1093 612 1250 646 defensus
1287 613 1415 652 suisset,
1451 621 1675 655 occupassent
1698 614 1796 645 'l'urci
1826 624 1916 650 eum,
1951 620 1982 644 et
2016 624 2074 654 po-

1092 657 1232 688 tuissent
1262 663 1363 689 totam
1387 656 1512 689 ltaliam
1541 656 1687 698 spoliare
1716 663 1748 687 et
1773 656 1992 688 Germaniam.
2039 656 2074 687 ln

1093 700 1270 731 Germania
1293 699 1400 743 qualis
1424 701 1466 731 sit
1490 706 1615 738 status,
1645 700 1772 731 videtis.
1819 699 1974 741 Papistae
1998 705 2074 730 sunt

1092 744 1268 782 coniuncti,
1303 750 1335 776 et
1368 743 1511 775 libenter
1534 754 1596 775 nos
1621 743 1853 784 opprimerent.
1906 742 1993 773 111181·
2011 753 2073 774 nos

1091 792 1248 828 quantum
1272 793 1324 818 est
1348 787 1569 824 dissidiorum,
1594 793 1625 817 et
1648 784 1858 818 virulentiae!
1912 786 2074 827 Exiguum

1091 835 1153 867 851,
1178 831 1267 871 quod
1291 829 1466 867 cohaeret3
1489 831 1564 871 quia
1589 835 1719 870 oportet
1744 828 1887 870 aliquam
1911 838 1987 859 esse
2011 828 2074 860 Ec-

1092 871 1245 903 clesiam:
1283 879 1399 904 contra
1432 883 1512 904 vero
1547 873 1643 904 nimis
1677 871 1812 904 multum
1850 877 1902 903 est
1935 872 2074 913 dissipa-

1090 917 1223 948 tionum.

1179 958 1320 993 Quidam
1344 964 1460 1000 putant
1484 959 1636 990 virtutem
1669 969 1764 997 esse,
1792 956 1906 989 facere
1929 958 2072 989 maiores

1090 1002 1202 1033 ruinas
1232 1003 1264 1033 111
1287 1001 1455 1033 Ecclesia:
1490 1001 1593 1033 Erant
1628 1002 1788 1043 quaedam
1813 1011 1833 1031 a
1856 1001 2075 1043 prudentiori-

1092 1046 1153 1076 bus
1188 1051 1220 1076 et
1262 1046 1464 1076 doctioribus
1499 1044 1654 1076 lenienda
1690 1051 1722 1076 et
1757 1044 1959 1086 mitiganda,
2000 1044 2076 1085 quia

1089 1087 1201 1119 nullus
1226 1094 1334 1119 status
1357 1094 1468 1130 potest
1498 1098 1574 1120 esse
1607 1089 1678 1119 sine
1710 1087 1872 1129 aliquibus
1897 1088 2076 1119 incommo-

1091 1132 1152 1162 dis.
1188 1131 1428 1172 Apostolorum
1448 1132 1651 1172 temporibus
1676 1130 1794 1173 quales
1818 1129 2077 1162 dilacerationes

1089 1174 1239 1206 suerunt!
1287 1174 1426 1209 Quando
1450 1173 1529 1205 talia
1552 1174 1649 1212 fiunt,
1685 1180 1762 1205 sunt
1797 1174 1959 1216 quaedam
1994 1172 2076 1204 leni-

1090 1223 1156 1249 tate
1190 1223 1222 1248 et
1256 1217 1428 1259 prudentia
1462 1218 1721 1259 gubernatorum
1755 1217 1997 1257 componenda,
2033 1226 2075 1247 ne

1091 1266 1195 1291 totum
1220 1271 1342 1301 corpus
1372 1266 1496 1302 pereat.
1554 1260 1680 1292 Ennius
1704 1260 1823 1301 inquitt
1858 1261 1989 1292 Hostem
2022 1261 2077 1299 qui

1087 1306 1199 1344 feriet,
1225 1303 1304 1334 milei
1325 1307 1390 1335 eric
1413 1304 1712 1343 Cartlmytniensis:
1742 1304 1773 1334 id
1798 1310 1867 1340 est,
1895 1301 1950 1333 ille
1981 1302 2074 1333 miles

1090 1351 1153 1384 est,
1178 1346 1232 1388 qui
1256 1345 1342 1377 hosti
1356 1347 1491 1378 resistit.
1529 1345 1657 1378 011111111-
1680 1346 1734 1377 1118
1758 1356 1889 1384 versus,
1911 1351 2075 1377 utcontra

1089 1389 1206 1420 hostes
1243 1390 1346 1420 simus
1375 1390 1498 1421 intenti.
1557 1389 1615 1420 Sic
1638 1390 1718 1420 dixit
1741 1388 1866 1421 Caesar
1900 1390 1931 1420 in
1963 1398 2076 1430 pugna

1090 1431 1301 1471 Pharsalica,
1327 1443 1399 1465 cum
1423 1433 1513 1464 acies
1536 1431 1693 1464 inclinata
1706 1438 1810 1463 esset:
1834 1434 1949 1471 Puqna
1965 1434 2074 1472 miles3

1090 1477 1149 1508 sed
1164 1486 1269 1517 parce
1291 1477 1418 1516 civibus,
1443 1476 1475 1507 id
1499 1482 1561 1514 851,
1595 1476 1649 1507 isti
1673 1477 1815 1518 corpori.
1873 1474 1993 1507 Pericli
2018 1476 2074 1506 da-

1089 1525 1156 1550 tum
1180 1525 1231 1550 851
1253 1519 1345 1557 vitio,
1370 1519 1458 1561 quod
1480 1519 1587 1561 magis
1612 1519 1756 1550 intentus
1792 1523 1884 1550 esset
1917 1517 2075 1550 feriendis

1089 1563 1230 1601 civibus,
1255 1573 1352 1604 quam
1377 1561 1451 1594 aliis
1479 1563 1644 1594 hostibus.
1700 1562 1815 1593 Nostri
1838 1561 2009 1602 Principes
2042 1562 2076 1592 in

1090 1605 1267 1637 Germania
1301 1610 1378 1637 sunt
1411 1606 1544 1645 intenti,
1588 1611 1623 1637 ut
1662 1615 1700 1637 se
1734 1611 1846 1637 mutuo
1878 1605 2076 1643 interimant,

1088 1651 1178 1681 lasea
1212 1650 1275 1680 den
1298 1651 1442 1680 Tur-elcan
1475 1650 1643 1689 zufritlen,
1679 1649 1733 1690 qui
1759 1648 1910 1689 procedit
1936 1648 2076 1679 interim.

1177 1691 1327 1730 Videtis,
1360 1692 1526 1733 quomodo
1561 1692 1718 1723 ceciderit
1752 1691 1937 1723 Romanum
1972 1691 2075 1731 lmpe-

1089 1735 1190 1772 rium,
1225 1745 1300 1765 cum
1335 1745 1431 1765 nemo
1466 1735 1639 1765 resisteret
1673 1733 1845 1772 hostibus,
1888 1734 1929 1765 ed
1966 1733 2074 1764 adhuc

1090 1778 1197 1819 magis
1222 1777 1326 1808 cadet.
1373 1776 1445 1819 Ego
1469 1778 1542 1818 ipse
1566 1787 1585 1807 a
1609 1777 1806 1818 quibusdam
1830 1777 1957 1808 audivi:
1988 1776 2074 1812 Quid

1090 1830 1152 1851 1105
1177 1820 1308 1850 domum
1331 1819 1541 1851 Austriacam
1565 1820 1772 1858 iuvat-emus,
1807 1826 1841 1851 ut
1866 1825 2009 1857 crescat,
2044 1826 2075 1851 et

1091 1873 1152 1893 nos
1177 1863 1424 1903 opprimamur?
1489 1865 1551 1894 Wie
1585 1873 1620 1895 es
1642 1865 1720 1894 aber
1742 1863 1871 1902 ἐγω-8111,
1905 1864 1965 1894 das
1991 1864 2075 1894 sa'clzt

1086 1914 1160 1937 man
1200 1907 1289 1936 wald.
1355 1905 1473 1936 Cicero
1509 1905 1699 1937 Cornelium
1736 1905 1875 1937 Balbum
1917 1905 2074 1944 defendit,

1087 1949 1175 1990 quod
1199 1948 1319 1979 habeut
1343 1949 1393 1979 ius
1424 1949 1583 1981 civitatis:
1619 1950 1694 1991 quia
1728 1950 1846 1981 iuverit
1877 1956 1992 1980 contra
2016 1948 2075 1979 bo-

1087 1997 1169 2022 stem
1195 1991 1371 2022 civitatcm.
1418 1992 1465 2023 Ibi
1490 1991 1579 2024 illum
1604 1992 1790 2023 habendum
1816 2002 1893 2023 esse
1916 2003 1976 2033 pro
2001 1993 2073 2024 cive

1086 2034 1174 2071 dicit,
1198 2035 1252 2076 qui
1276 2033 1352 2065 ferit
1381 2035 1529 2074 hostem,
1565 2046 1633 2067 non
1670 2036 1723 2077 qui
1757 2035 1832 2066 {erit
1867 2045 1946 2067 suos
1971 2036 2072 2067 cives.

1084 2077 1253 2108 Damedes
1288 2078 1408 2118 inquit.
1449 2079 1603 2110 Oratores
1637 2089 1708 2110 esse
1743 2081 1879 2110 aliorum
1908 2080 2072 2110 hominum

1084 2124 1264 2159 serpentes,
1289 2126 1322 2153 et
1338 2122 1400 2152 se‘be'
1423 2123 1514 2162 ipsis,
1538 2124 1589 2153 rel
1610 2125 1694 2153 inter
1717 2133 1793 2162 sese,
1818 2123 1900 2153 relat
1924 2124 2070 2162 viperas:

1083 2164 1115 2194 id
1139 2169 1207 2201 est,
1243 2170 1363 2195 necant
1396 2163 1480 2195 alios
1514 2165 1685 2203 homines,
1720 2176 1739 2196 a
1763 2166 1883 2206 quibus
1914 2166 1976 2206 ipsi
2000 2175 2066 2196 non

1083 2212 1260 2238 necantur:
1294 2208 1456 2239 5811511111
1491 2209 1576 2239 inter
1604 2218 1683 2239 sese
1717 2209 1779 2239 sibi
1804 2209 1954 2249 viperae:
1991 2208 2067 2250 quia

1082 2256 1194 2281 orator
1220 2256 1386 2282 oratorem
1420 2251 1539 2293 perdit,
1577 2257 1611 2282 ut
1646 2253 1761 2292 vipera
1800 2252 1956 2292 viperam.
2003 2251 2070 2282 De-

1082 2293 1196 2324 mades
1220 2291 1299 2324 fecit
1312 2294 1478 2326 decretum
1503 2301 1619 2325 eontra
1642 2293 1917 2331 Demosthenem,
1943 2300 1976 2325 ut
1999 2293 2070 2335 pel-

1081 2334 1203 2367 leretur
1228 2337 1360 2368 civitate
1385 2338 1446 2369 sub
1471 2337 1662 2379 Antipatro.
1716 2338 1847 2369 Deinde
1882 2336 1948 2368 filia
1979 2337 2070 2369 Anti-

1081 2380 1177 2420 patri,
1202 2386 1344 2422 cognata
1367 2380 1608 2411 Demosthenis
1632 2379 1825 2423 Hippolyta,
1848 2379 1925 2411 secit
1955 2380 2070 2412 decre-

1081 2428 1147 2453 tum
1172 2423 1213 2454 de
1236 2424 1477 2464 proscribendo
1502 2423 1653 2455 Demade
1690 2425 1751 2454 snb
1777 2423 1970 2455 Cassandro
2001 2421 2069 2453 filio

1082 2465 1258 2507 Antipatri.
1303 2466 1351 2497 lta
1374 2472 1409 2498 ut
1434 2467 1498 2498 duo
1528 2465 1585 2498 tilii
1611 2466 1771 2497 Demadis
1806 2466 2070 2497 interficerentur

1080 2509 1185 2550 primo
1208 2510 1240 2540 in
1265 2516 1449 2552 conspectu
1472 2511 1597 2551 patris3
1634 2510 1752 2541 deinde
1783 2508 1838 2540 ille
1869 2520 1999 2551 quoque
2022 2511 2069 2540 in-

1080 2550 1236 2583 terfectus
1262 2558 1312 2584 est
1331 2564 1349 2584 a
1374 2553 1440 2584 filia
1475 2553 1658 2594 Antipatri,
1695 2559 1836 2594 cognata
1867 2552 2067 2584 Demosthe-

1080 2595 1142 2625 nis.
1185 2595 1242 2627 Sic
1265 2606 1394 2637 poenae
1418 2602 1616 2627 ο*1-115581111111
1638 2606 1695 2636 per
1719 2595 1888 2631 11011111185;
1912 2603 1941 2627 81
1966 2606 2068 2636 saepe

1080 2647 1140 2680 per
1162 2643 1264 2670 totam
1287 2620 1444 2671 familiarii
1468 2639 1602 2670 trahunt
1627 2649 1739 2670 secum
1764 2640 1900 2671 ruinam.

1806 2699 1859 2724 20⁸
