<?xml version="1.0" encoding="UTF-8"?>
<!DOCTYPE html PUBLIC "-//W3C//DTD XHTML 1.0 Transitional//EN"
    "http://www.w3.org/TR/xhtml1/DTD/xhtml1-transitional.dtd">
<html xmlns="http://www.w3.org/1999/xhtml" xml:lang="en" lang="en">
 <head>
  <title>
</title>
<meta http-equiv="Content-Type" content="text/html;charset=utf-8" />
  <meta name='ocr-system' content='tesseract 3.04.00' />
  <meta name='ocr-capabilities' content='ocr_page ocr_carea ocr_par ocr_line ocrx_word'/>
</head>
<body>
  <div class='ocr_page' id='page_1' title='image "./operaquaesupersu25melauoft/operaquaesupersu25melauoft_0034.png"; bbox 0 0 2374 2985; ppageno 0'>
   <div class='ocr_carea' id='block_1_1' title="bbox 203 186 245 218">
    <p class='ocr_par' dir='ltr' id='par_1_1' title="bbox 203 186 245 218">
     <span class='ocr_line' id='line_1_1' title="bbox 203 186 245 218; baseline 0 0"><span class='ocrx_word' id='word_1_1' title='bbox 203 186 245 218; x_wconf 83' lang='lat'><strong>39</strong></span> 
     </span>
    </p>
   </div>
   <div class='ocr_carea' id='block_1_2' title="bbox 194 280 1174 413">
    <p class='ocr_par' dir='ltr' id='par_1_2' title="bbox 194 280 1174 413">
     <span class='ocr_line' id='line_1_2' title="bbox 194 280 1174 337; baseline -0.005 -12"><span class='ocrx_word' id='word_1_2' title='bbox 194 283 386 325; x_wconf 75' lang='lat' dir='ltr'><strong>Potestne</strong></span> <span class='ocrx_word' id='word_1_3' title='bbox 425 281 684 337; x_wconf 82' lang='lat' dir='ltr'>Philosophia</span> <span class='ocrx_word' id='word_1_4' title='bbox 716 281 812 322; x_wconf 81' lang='lat' dir='ltr'><strong>satis</strong></span> <span class='ocrx_word' id='word_1_5' title='bbox 859 280 1058 336; x_wconf 80' lang='lat' dir='ltr'><strong>explicare</strong></span> <span class='ocrx_word' id='word_1_6' title='bbox 1098 281 1174 321; x_wconf 83' lang='lat' dir='ltr'><strong>ista</strong></span> 
     </span>
     <span class='ocr_line' id='line_1_3' title="bbox 528 357 850 413; baseline -0.006 -13"><span class='ocrx_word' id='word_1_7' title='bbox 528 374 552 400; x_wconf 87' lang='lat' dir='ltr'><strong>a</strong></span> <span class='ocrx_word' id='word_1_8' title='bbox 583 357 850 413; x_wconf 76' lang='lat' dir='ltr'><strong>argumenta?</strong></span> 
     </span>
    </p>
   </div>
   <div class='ocr_carea' id='block_1_3' title="bbox 192 446 1176 740">
    <p class='ocr_par' dir='ltr' id='par_1_3' title="bbox 192 446 1176 740">
     <span class='ocr_line' id='line_1_4' title="bbox 279 446 1175 491; baseline -0.004 -10"><span class='ocrx_word' id='word_1_9' title='bbox 279 449 491 491; x_wconf 86' lang='lat' dir='ltr'><strong>Respondeo.</strong></span> <span class='ocrx_word' id='word_1_10' title='bbox 548 449 639 481; x_wconf 87' lang='lat' dir='ltr'><strong>Vera</strong></span> <span class='ocrx_word' id='word_1_11' title='bbox 662 455 694 480; x_wconf 91' lang='lat' dir='ltr'><strong>et</strong></span> <span class='ocrx_word' id='word_1_12' title='bbox 717 447 826 480; x_wconf 88' lang='lat' dir='ltr'><strong>solida</strong></span> <span class='ocrx_word' id='word_1_13' title='bbox 856 446 1031 489; x_wconf 76' lang='lat' dir='ltr'>explicatio</span> <span class='ocrx_word' id='word_1_14' title='bbox 1055 448 1175 479; x_wconf 85' lang='lat' dir='ltr'><strong>doctri-</strong></span> 
     </span>
     <span class='ocr_line' id='line_1_5' title="bbox 193 488 1175 532; baseline -0.003 -8"><span class='ocrx_word' id='word_1_15' title='bbox 193 502 257 524; x_wconf 90' lang='lat' dir='ltr'><strong>nae</strong></span> <span class='ocrx_word' id='word_1_16' title='bbox 279 493 320 524; x_wconf 88' lang='lat' dir='ltr'><strong>de</strong></span> <span class='ocrx_word' id='word_1_17' title='bbox 343 502 443 525; x_wconf 84' lang='lat' dir='ltr'><strong>cruce</strong></span> <span class='ocrx_word' id='word_1_18' title='bbox 465 498 497 524; x_wconf 90' lang='lat' dir='ltr'><strong>et</strong></span> <span class='ocrx_word' id='word_1_19' title='bbox 519 490 775 530; x_wconf 84' lang='lat' dir='ltr'><strong>afflictionibus,</strong></span> <span class='ocrx_word' id='word_1_20' title='bbox 809 497 860 522; x_wconf 87' lang='lat' dir='ltr'><strong>est</strong></span> <span class='ocrx_word' id='word_1_21' title='bbox 887 491 1047 532; x_wconf 78' lang='lat' dir='ltr'><strong>sapientia</strong></span> <span class='ocrx_word' id='word_1_22' title='bbox 1070 488 1175 522; x_wconf 87' lang='lat' dir='ltr'><strong>solius</strong></span> 
     </span>
     <span class='ocr_line' id='line_1_6' title="bbox 192 532 1176 577; baseline -0.003 -10"><span class='ocrx_word' id='word_1_23' title='bbox 192 534 366 567; x_wconf 80' lang='lat' dir='ltr'><strong>Ecclesiae</strong></span> <span class='ocrx_word' id='word_1_24' title='bbox 389 536 536 577; x_wconf 88' lang='lat' dir='ltr'><strong>propria.</strong></span> <span class='ocrx_word' id='word_1_25' title='bbox 589 534 807 575; x_wconf 80' lang='lat' dir='ltr'><strong>Philosophia</strong></span> <span class='ocrx_word' id='word_1_26' title='bbox 841 544 908 565; x_wconf 90' lang='lat' dir='ltr'><strong>non</strong></span> <span class='ocrx_word' id='word_1_27' title='bbox 937 532 1089 575; x_wconf 86' lang='lat' dir='ltr'><strong>intelligit</strong></span> <span class='ocrx_word' id='word_1_28' title='bbox 1123 543 1176 565; x_wconf 86' lang='lat' dir='ltr'><strong>⁰·e-</strong></span> 
     </span>
     <span class='ocr_line' id='line_1_7' title="bbox 193 575 1176 619; baseline -0.002 -9"><span class='ocrx_word' id='word_1_29' title='bbox 193 588 274 610; x_wconf 85' lang='lat' dir='ltr'><strong>ncra</strong></span> <span class='ocrx_word' id='word_1_30' title='bbox 311 577 553 616; x_wconf 80' lang='lat' dir='ltr'><strong>afflictionum,</strong></span> <span class='ocrx_word' id='word_1_31' title='bbox 597 587 661 609; x_wconf 89' lang='lat' dir='ltr'><strong>nec</strong></span> <span class='ocrx_word' id='word_1_32' title='bbox 701 578 854 619; x_wconf 85' lang='lat' dir='ltr'><strong>agnoscit</strong></span> <span class='ocrx_word' id='word_1_33' title='bbox 896 575 985 608; x_wconf 83' lang='lat' dir='ltr'><strong>hanc</strong></span> <span class='ocrx_word' id='word_1_34' title='bbox 1023 586 1128 608; x_wconf 91' lang='lat' dir='ltr'><strong>conso</strong></span> <span class='ocrx_word' id='word_1_35' title='bbox 1144 587 1176 608; x_wconf 86' lang='lat' dir='ltr'><strong>a·</strong></span> 
     </span>
     <span class='ocr_line' id='line_1_8' title="bbox 193 621 1176 663; baseline -0.003 -10"><span class='ocrx_word' id='word_1_36' title='bbox 193 622 334 659; x_wconf 70' lang='lat' dir='ltr'><strong>tionem,</strong></span> <span class='ocrx_word' id='word_1_37' title='bbox 365 621 471 663; x_wconf 87' lang='lat' dir='ltr'><strong>quod,</strong></span> <span class='ocrx_word' id='word_1_38' title='bbox 506 621 603 652; x_wconf 88' lang='lat' dir='ltr'><strong>etiam</strong></span> <span class='ocrx_word' id='word_1_39' title='bbox 626 630 700 652; x_wconf 90' lang='lat' dir='ltr'><strong>cum</strong></span> <span class='ocrx_word' id='word_1_40' title='bbox 728 629 905 652; x_wconf 86' lang='lat' dir='ltr'><strong>aerumnae</strong></span> <span class='ocrx_word' id='word_1_41' title='bbox 939 624 1016 650; x_wconf 85' lang='lat' dir='ltr'><strong>sunt</strong></span> <span class='ocrx_word' id='word_1_42' title='bbox 1048 629 1176 660; x_wconf 89' lang='lat' dir='ltr'><strong>poenae</strong></span> 
     </span>
     <span class='ocr_line' id='line_1_9' title="bbox 193 662 1175 739; baseline -0.001 -44"><span class='ocrx_word' id='word_1_43' title='bbox 193 671 427 739; x_wconf 61' lang='lat' dir='ltr'><strong>peccatossim,</strong></span> <span class='ocrx_word' id='word_1_44' title='bbox 459 669 570 696; x_wconf 89' lang='lat' dir='ltr'><strong>tamen</strong></span> <span class='ocrx_word' id='word_1_45' title='bbox 603 662 703 695; x_wconf 83' lang='lat' dir='ltr'><strong>homo</strong></span> <span class='ocrx_word' id='word_1_46' title='bbox 733 673 800 695; x_wconf 87' lang='lat' dir='ltr'><strong>non</strong></span> <span class='ocrx_word' id='word_1_47' title='bbox 831 663 873 694; x_wconf 86' lang='lat' dir='ltr'><strong>sit</strong></span> <span class='ocrx_word' id='word_1_48' title='bbox 896 668 1073 704; x_wconf 87' lang='lat' dir='ltr'><strong>propterea</strong></span> <span class='ocrx_word' id='word_1_49' title='bbox 1095 663 1175 694; x_wconf 89' lang='lat' dir='ltr'><strong>reie-</strong></span> 
     </span>
     <span class='ocr_line' id='line_1_10' title="bbox 194 712 417 740; baseline 0.004 -2"><span class='ocrx_word' id='word_1_50' title='bbox 194 712 268 740; x_wconf 90' lang='lat' dir='ltr'><strong>ctus</strong></span> <span class='ocrx_word' id='word_1_51' title='bbox 291 717 311 739; x_wconf 88' lang='lat' dir='ltr'><strong>a</strong></span> <span class='ocrx_word' id='word_1_52' title='bbox 368 717 417 739; x_wconf 89' lang='lat' dir='ltr'><strong>eo-</strong></span> 
     </span>
    </p>
   </div>
   <div class='ocr_carea' id='block_1_4' title="bbox 1197 375 1204 518">
    <p class='ocr_par' dir='ltr' id='par_1_4' title="bbox 1197 375 1204 518">
     <span class='ocr_line' id='line_1_11' title="bbox 1197 375 1204 518; baseline 0 0"><span class='ocrx_word' id='word_1_53' title='bbox 1197 375 1204 518; x_wconf 95' lang='lat' dir='ltr'><strong> </strong></span> 
     </span>
    </p>
   </div>
   <div class='ocr_carea' id='block_1_5' title="bbox 335 868 1040 925">
    <p class='ocr_par' dir='ltr' id='par_1_5' title="bbox 335 868 1040 925">
     <span class='ocr_line' id='line_1_12' title="bbox 335 868 1040 925; baseline 0 -14"><span class='ocrx_word' id='word_1_54' title='bbox 335 870 415 921; x_wconf 85' lang='lat' dir='ltr'><strong>Qui</strong></span> <span class='ocrx_word' id='word_1_55' title='bbox 447 877 540 911; x_wconf 77' lang='lat' dir='ltr'><strong>sunt</strong></span> <span class='ocrx_word' id='word_1_56' title='bbox 571 870 718 925; x_wconf 79' lang='lat' dir='ltr'><strong>gradus</strong></span> <span class='ocrx_word' id='word_1_57' title='bbox 749 868 1040 911; x_wconf 65' lang='lat' dir='ltr'><strong>afflictionum?</strong></span> 
     </span>
    </p>
   </div>
   <div class='ocr_carea' id='block_1_6' title="bbox 193 958 1176 1090">
    <p class='ocr_par' dir='ltr' id='par_1_6' title="bbox 193 958 1176 1090">
     <span class='ocr_line' id='line_1_13' title="bbox 280 958 1176 1003; baseline -0.003 -10"><span class='ocrx_word' id='word_1_58' title='bbox 280 961 496 1003; x_wconf 86' lang='lat' dir='ltr'><strong>Respondeo.</strong></span> <span class='ocrx_word' id='word_1_59' title='bbox 554 960 720 996; x_wconf 82' lang='lat' dir='ltr'><strong>Quatuor:</strong></span> <span class='ocrx_word' id='word_1_60' title='bbox 753 958 882 992; x_wconf 83' lang='lat' dir='ltr'>Primus</span> <span class='ocrx_word' id='word_1_61' title='bbox 911 965 980 998; x_wconf 87' lang='lat' dir='ltr'><strong>est,</strong></span> <span class='ocrx_word' id='word_1_62' title='bbox 1017 960 1176 1001; x_wconf 71' lang='grc' dir='ltr'><strong>Τιμωρίαι</strong></span> 
     </span>
     <span class='ocr_line' id='line_1_14' title="bbox 193 1001 1175 1046; baseline -0.002 -10"><span class='ocrx_word' id='word_1_63' title='bbox 193 1010 240 1043; x_wconf 90' lang='lat' dir='ltr'><strong>ut,</strong></span> <span class='ocrx_word' id='word_1_64' title='bbox 261 1014 369 1046; x_wconf 88' lang='lat' dir='ltr'><strong>poena</strong></span> <span class='ocrx_word' id='word_1_65' title='bbox 392 1003 532 1036; x_wconf 66' lang='lat' dir='ltr'><strong>Davitlis</strong></span> <span class='ocrx_word' id='word_1_66' title='bbox 555 1010 632 1043; x_wconf 88' lang='lat' dir='ltr'><strong>post</strong></span> <span class='ocrx_word' id='word_1_67' title='bbox 653 1001 860 1035; x_wconf 84' lang='lat' dir='ltr'><strong>adulterium.</strong></span> <span class='ocrx_word' id='word_1_68' title='bbox 916 1002 953 1034; x_wconf 90' lang='lat' dir='ltr'><strong>In</strong></span> <span class='ocrx_word' id='word_1_69' title='bbox 982 1002 1048 1035; x_wconf 90' lang='lat' dir='ltr'><strong>hoc</strong></span> <span class='ocrx_word' id='word_1_70' title='bbox 1070 1004 1175 1044; x_wconf 79' lang='lat' dir='ltr'><strong>pn‘mo</strong></span> 
     </span>
     <span class='ocr_line' id='line_1_15' title="bbox 193 1046 696 1090; baseline -0.008 -10"><span class='ocrx_word' id='word_1_71' title='bbox 193 1057 317 1090; x_wconf 78' lang='lat' dir='ltr'><strong>genere</strong></span> <span class='ocrx_word' id='word_1_72' title='bbox 338 1046 427 1079; x_wconf 72' lang='lat' dir='ltr'><strong>valet</strong></span> <span class='ocrx_word' id='word_1_73' title='bbox 449 1052 696 1088; x_wconf 83' lang='lat' dir='ltr'><strong>argumentum:</strong></span> 
     </span>
    </p>
   </div>
   <div class='ocr_carea' id='block_1_7' title="bbox 321 1101 1208 1641">
    <p class='ocr_par' dir='ltr' id='par_1_7' title="bbox 321 1101 1208 1641">
     <span class='ocr_line' id='line_1_16' title="bbox 326 1101 1208 1139; baseline -0.005 0"><span class='ocrx_word' id='word_1_74' title='bbox 326 1108 443 1139; x_wconf 74' lang='lat' dir='ltr'><strong>Omnes</strong></span> <span class='ocrx_word' id='word_1_75' title='bbox 478 1107 632 1138; x_wconf 76' lang='lat' dir='ltr'><strong>habentes</strong></span> <span class='ocrx_word' id='word_1_76' title='bbox 670 1108 792 1138; x_wconf 75' lang='lat' dir='ltr'><strong>atrocia</strong></span> <span class='ocrx_word' id='word_1_77' title='bbox 825 1107 942 1138; x_wconf 62' lang='lat' dir='ltr'><strong>delicta</strong></span> <span class='ocrx_word' id='word_1_78' title='bbox 975 1106 1121 1138; x_wconf 70' lang='lat' dir='ltr'><strong>incidunt</strong></span> <span class='ocrx_word' id='word_1_79' title='bbox 1142 1108 1176 1138; x_wconf 73' lang='lat' dir='ltr'><strong>in</strong></span> <span class='ocrx_word' id='word_1_80' title='bbox 1200 1101 1208 1135; x_wconf 68' lang='lat' dir='ltr'><strong>l</strong></span> 
     </span>
     <span class='ocr_line' id='line_1_17' title="bbox 367 1151 752 1189; baseline -0.003 -8"><span class='ocrx_word' id='word_1_81' title='bbox 367 1152 511 1189; x_wconf 73' lang='lat' dir='ltr'><strong>lram&#39;cas</strong></span> <span class='ocrx_word' id='word_1_82' title='bbox 533 1151 752 1180; x_wconf 76' lang='lat' dir='ltr'><strong>calamitates:</strong></span> 
     </span>
     <span class='ocr_line' id='line_1_18' title="bbox 321 1193 844 1224; baseline -0.002 0"><span class='ocrx_word' id='word_1_83' title='bbox 321 1194 428 1224; x_wconf 73' lang='lat' dir='ltr'><strong>Daca!</strong></span> <span class='ocrx_word' id='word_1_84' title='bbox 449 1193 544 1223; x_wconf 75' lang='lat' dir='ltr'><strong>habet</strong></span> <span class='ocrx_word' id='word_1_85' title='bbox 564 1194 687 1224; x_wconf 79' lang='lat' dir='ltr'><strong>atrocia</strong></span> <span class='ocrx_word' id='word_1_86' title='bbox 708 1193 844 1223; x_wconf 74' lang='lat' dir='ltr'><strong>delicta:</strong></span> 
     </span>
     <span class='ocr_line' id='line_1_19' title="bbox 321 1235 919 1276; baseline -0.005 -8"><span class='ocrx_word' id='word_1_87' title='bbox 321 1237 409 1276; x_wconf 71' lang='lat' dir='ltr'><strong>Eryo</strong></span> <span class='ocrx_word' id='word_1_88' title='bbox 432 1235 547 1267; x_wconf 76' lang='lat' dir='ltr'><em>incidit</em></span> <span class='ocrx_word' id='word_1_89' title='bbox 568 1237 601 1267; x_wconf 74' lang='lat' dir='ltr'><strong>ill</strong></span> <span class='ocrx_word' id='word_1_90' title='bbox 624 1235 768 1274; x_wconf 63' lang='lat' dir='ltr'><strong>tragicas</strong></span> <span class='ocrx_word' id='word_1_91' title='bbox 784 1243 919 1275; x_wconf 77' lang='lat' dir='ltr'><strong>poenas.</strong></span> 
     </span>
     <span class='ocr_line' id='line_1_20' title="bbox 1202 1616 1205 1641; baseline 0 0"><span class='ocrx_word' id='word_1_92' title='bbox 1202 1616 1205 1641; x_wconf 82' lang='lat' dir='ltr'><strong>i</strong></span> 
     </span>
    </p>
   </div>
   <div class='ocr_carea' id='block_1_8' title="bbox 193 1300 1206 2330">
    <p class='ocr_par' dir='ltr' id='par_1_8' title="bbox 193 1300 1178 1550">
     <span class='ocr_line' id='line_1_21' title="bbox 279 1300 1175 1344; baseline -0.002 -10"><span class='ocrx_word' id='word_1_93' title='bbox 279 1301 342 1334; x_wconf 86' lang='lat' dir='ltr'><strong>Hic</strong></span> <span class='ocrx_word' id='word_1_94' title='bbox 363 1312 547 1344; x_wconf 84' lang='lat' dir='ltr'><strong>processus</strong></span> <span class='ocrx_word' id='word_1_95' title='bbox 570 1300 659 1334; x_wconf 84' lang='lat' dir='ltr'><strong>valet</strong></span> <span class='ocrx_word' id='word_1_96' title='bbox 681 1302 714 1333; x_wconf 90' lang='lat' dir='ltr'><strong>in</strong></span> <span class='ocrx_word' id='word_1_97' title='bbox 736 1303 842 1343; x_wconf 84' lang='lat' dir='ltr'><strong>prima</strong></span> <span class='ocrx_word' id='word_1_98' title='bbox 864 1301 998 1344; x_wconf 79' lang='lat' dir='ltr'><strong>Figura,</strong></span> <span class='ocrx_word' id='word_1_99' title='bbox 1021 1301 1054 1332; x_wconf 87' lang='lat' dir='ltr'><strong>in</strong></span> <span class='ocrx_word' id='word_1_100' title='bbox 1075 1301 1175 1333; x_wconf 90' lang='lat' dir='ltr'><strong>modo</strong></span> 
     </span>
     <span class='ocr_line' id='line_1_22' title="bbox 193 1345 1177 1386; baseline 0 -11"><span class='ocrx_word' id='word_1_101' title='bbox 193 1346 299 1386; x_wconf 77' lang='lat' dir='ltr'><strong>Darii,</strong></span> <span class='ocrx_word' id='word_1_102' title='bbox 323 1351 356 1377; x_wconf 88' lang='lat' dir='ltr'><strong>et</strong></span> <span class='ocrx_word' id='word_1_103' title='bbox 378 1352 487 1377; x_wconf 87' lang='lat' dir='ltr'><strong>tamen</strong></span> <span class='ocrx_word' id='word_1_104' title='bbox 509 1345 620 1376; x_wconf 81' lang='lat' dir='ltr'><strong>David</strong></span> <span class='ocrx_word' id='word_1_105' title='bbox 653 1355 722 1376; x_wconf 88' lang='lat' dir='ltr'><strong>non</strong></span> <span class='ocrx_word' id='word_1_106' title='bbox 756 1351 808 1376; x_wconf 86' lang='lat' dir='ltr'><strong>cst</strong></span> <span class='ocrx_word' id='word_1_107' title='bbox 841 1345 1014 1376; x_wconf 83' lang='lat' dir='ltr'><strong>damnatus</strong></span> <span class='ocrx_word' id='word_1_108' title='bbox 1041 1350 1177 1386; x_wconf 89' lang='lat' dir='ltr'><strong>propter</strong></span> 
     </span>
     <span class='ocr_line' id='line_1_23' title="bbox 193 1388 1176 1430; baseline -0.001 -11"><span class='ocrx_word' id='word_1_109' title='bbox 193 1399 336 1430; x_wconf 87' lang='lat' dir='ltr'><strong>poenam</strong></span> <span class='ocrx_word' id='word_1_110' title='bbox 359 1389 469 1426; x_wconf 85' lang='lat' dir='ltr'><strong>istam,</strong></span> <span class='ocrx_word' id='word_1_111' title='bbox 491 1398 598 1429; x_wconf 85' lang='lat' dir='ltr'><strong>agens</strong></span> <span class='ocrx_word' id='word_1_112' title='bbox 620 1388 864 1430; x_wconf 88' lang='lat' dir='ltr'><strong>poenitentiam.</strong></span> <span class='ocrx_word' id='word_1_113' title='bbox 904 1388 972 1419; x_wconf 89' lang='lat' dir='ltr'><strong>lmo</strong></span> <span class='ocrx_word' id='word_1_114' title='bbox 990 1393 1059 1419; x_wconf 90' lang='lat' dir='ltr'><strong>tum</strong></span> <span class='ocrx_word' id='word_1_115' title='bbox 1081 1397 1176 1429; x_wconf 91' lang='lat' dir='ltr'><strong>prae-</strong></span> 
     </span>
     <span class='ocr_line' id='line_1_24' title="bbox 194 1430 1178 1473; baseline 0 -11"><span class='ocrx_word' id='word_1_116' title='bbox 194 1432 290 1472; x_wconf 80' lang='lat' dir='ltr'><strong>cipue</strong></span> <span class='ocrx_word' id='word_1_117' title='bbox 311 1430 401 1463; x_wconf 88' lang='lat' dir='ltr'><strong>lucet</strong></span> <span class='ocrx_word' id='word_1_118' title='bbox 424 1431 494 1462; x_wconf 90' lang='lat' dir='ltr'><strong>eius</strong></span> <span class='ocrx_word' id='word_1_119' title='bbox 517 1431 611 1463; x_wconf 84' lang='lat' dir='ltr'><strong>fides·</strong></span> <span class='ocrx_word' id='word_1_120' title='bbox 668 1431 717 1462; x_wconf 83' lang='lat' dir='ltr'><strong>Ita</strong></span> <span class='ocrx_word' id='word_1_121' title='bbox 739 1430 862 1462; x_wconf 88' lang='lat' dir='ltr'><strong>caeteri</strong></span> <span class='ocrx_word' id='word_1_122' title='bbox 890 1436 1029 1473; x_wconf 81' lang='lat' dir='ltr'><strong>agentes</strong></span> <span class='ocrx_word' id='word_1_123' title='bbox 1062 1431 1178 1472; x_wconf 88' lang='lat' dir='ltr'><strong>poeni-</strong></span> 
     </span>
     <span class='ocr_line' id='line_1_25' title="bbox 193 1473 1178 1515; baseline 0 -10"><span class='ocrx_word' id='word_1_124' title='bbox 193 1474 328 1506; x_wconf 85' lang='lat' dir='ltr'><strong>tentiam</strong></span> <span class='ocrx_word' id='word_1_125' title='bbox 351 1480 384 1506; x_wconf 89' lang='lat' dir='ltr'><strong>et</strong></span> <span class='ocrx_word' id='word_1_126' title='bbox 411 1479 637 1506; x_wconf 81' lang='lat' dir='ltr'><strong>sustentantes</strong></span> <span class='ocrx_word' id='word_1_127' title='bbox 673 1483 713 1505; x_wconf 90' lang='lat' dir='ltr'><strong>se</strong></span> <span class='ocrx_word' id='word_1_128' title='bbox 734 1474 810 1515; x_wconf 86' lang='lat' dir='ltr'><strong>fide,</strong></span> <span class='ocrx_word' id='word_1_129' title='bbox 844 1483 912 1505; x_wconf 90' lang='lat' dir='ltr'><strong>non</strong></span> <span class='ocrx_word' id='word_1_130' title='bbox 940 1479 1018 1506; x_wconf 89' lang='lat' dir='ltr'><strong>sunt</strong></span> <span class='ocrx_word' id='word_1_131' title='bbox 1050 1473 1178 1512; x_wconf 88' lang='lat' dir='ltr'><strong>reiecti,</strong></span> 
     </span>
     <span class='ocr_line' id='line_1_26' title="bbox 194 1515 698 1550; baseline -0.004 0"><span class='ocrx_word' id='word_1_132' title='bbox 194 1518 321 1550; x_wconf 84' lang='lat' dir='ltr'><strong>etiamsi</strong></span> <span class='ocrx_word' id='word_1_133' title='bbox 344 1522 423 1548; x_wconf 87' lang='lat' dir='ltr'><strong>sunt</strong></span> <span class='ocrx_word' id='word_1_134' title='bbox 444 1517 477 1548; x_wconf 90' lang='lat' dir='ltr'><strong>in</strong></span> <span class='ocrx_word' id='word_1_135' title='bbox 501 1515 698 1548; x_wconf 78' lang='lat' dir='ltr'><strong>calamitate.</strong></span> 
     </span>
    </p>

    <p class='ocr_par' dir='ltr' id='par_1_9' title="bbox 193 1558 1177 1731">
     <span class='ocr_line' id='line_1_27' title="bbox 279 1558 1177 1601; baseline -0.002 -10"><span class='ocrx_word' id='word_1_136' title='bbox 279 1559 470 1591; x_wconf 84' lang='lat' dir='ltr'><strong>Secundum</strong></span> <span class='ocrx_word' id='word_1_137' title='bbox 503 1569 609 1601; x_wconf 83' lang='lat' dir='ltr'><strong>genus</strong></span> <span class='ocrx_word' id='word_1_138' title='bbox 642 1558 877 1597; x_wconf 85' lang='lat' dir='ltr'><strong>afflictionum,</strong></span> <span class='ocrx_word' id='word_1_139' title='bbox 910 1564 963 1590; x_wconf 88' lang='lat' dir='ltr'><strong>est</strong></span> <span class='ocrx_word' id='word_1_140' title='bbox 996 1560 1177 1598; x_wconf 83' lang='grc' dir='ltr'><strong><em>Δοκιμασία,</em></strong></span> 
     </span>
     <span class='ocr_line' id='line_1_28' title="bbox 193 1600 1177 1644; baseline -0.002 -9"><span class='ocrx_word' id='word_1_141' title='bbox 193 1608 231 1635; x_wconf 86' lang='lat' dir='ltr'><strong>ut</strong></span> <span class='ocrx_word' id='word_1_142' title='bbox 263 1601 435 1634; x_wconf 83' lang='lat' dir='ltr'><strong>calamitas</strong></span> <span class='ocrx_word' id='word_1_143' title='bbox 468 1601 608 1644; x_wconf 89' lang='lat' dir='ltr'><strong>Ioseph,</strong></span> <span class='ocrx_word' id='word_1_144' title='bbox 642 1612 741 1644; x_wconf 88' lang='lat' dir='ltr'><strong>quem</strong></span> <span class='ocrx_word' id='word_1_145' title='bbox 773 1600 845 1633; x_wconf 72' lang='lat' dir='ltr'><strong>vult</strong></span> <span class='ocrx_word' id='word_1_146' title='bbox 872 1600 967 1634; x_wconf 82' lang='lat' dir='ltr'><strong>Deus</strong></span> <span class='ocrx_word' id='word_1_147' title='bbox 1001 1603 1034 1633; x_wconf 90' lang='lat' dir='ltr'><strong>in</strong></span> <span class='ocrx_word' id='word_1_148' title='bbox 1069 1607 1177 1633; x_wconf 85' lang='lat' dir='ltr'><strong>aetate</strong></span> 
     </span>
     <span class='ocr_line' id='line_1_29' title="bbox 194 1645 1176 1687; baseline -0.001 -10"><span class='ocrx_word' id='word_1_149' title='bbox 194 1645 328 1677; x_wconf 86' lang='lat' dir='ltr'><strong>iuvenili</strong></span> <span class='ocrx_word' id='word_1_150' title='bbox 361 1654 536 1680; x_wconf 80' lang='lat' dir='ltr'><strong>exercere,</strong></span> <span class='ocrx_word' id='word_1_151' title='bbox 570 1651 604 1677; x_wconf 91' lang='lat' dir='ltr'><strong>et</strong></span> <span class='ocrx_word' id='word_1_152' title='bbox 636 1654 839 1687; x_wconf 84' lang='lat' dir='ltr'><strong>praeparare</strong></span> <span class='ocrx_word' id='word_1_153' title='bbox 871 1645 915 1676; x_wconf 86' lang='lat' dir='ltr'><strong>ad</strong></span> <span class='ocrx_word' id='word_1_154' title='bbox 947 1654 1003 1677; x_wconf 89' lang='lat' dir='ltr'><strong>res</strong></span> <span class='ocrx_word' id='word_1_155' title='bbox 1036 1653 1176 1686; x_wconf 81' lang='lat' dir='ltr'><strong>magnas</strong></span> 
     </span>
     <span class='ocr_line' id='line_1_30' title="bbox 195 1688 372 1731; baseline -0.011 -11"><span class='ocrx_word' id='word_1_156' title='bbox 195 1688 372 1731; x_wconf 85' lang='lat' dir='ltr'><strong>gerendas.</strong></span> 
     </span>
    </p>

    <p class='ocr_par' dir='ltr' id='par_1_10' title="bbox 195 1728 1206 2030">
     <span class='ocr_line' id='line_1_31' title="bbox 279 1728 1179 1773; baseline -0.001 -11"><span class='ocrx_word' id='word_1_157' title='bbox 279 1730 426 1763; x_wconf 85' lang='lat' dir='ltr'><strong>Tertium</strong></span> <span class='ocrx_word' id='word_1_158' title='bbox 460 1739 585 1773; x_wconf 85' lang='lat' dir='ltr'><strong>genus,</strong></span> <span class='ocrx_word' id='word_1_159' title='bbox 621 1735 674 1762; x_wconf 91' lang='lat' dir='ltr'><strong>est</strong></span> <span class='ocrx_word' id='word_1_160' title='bbox 696 1730 889 1772; x_wconf 78' lang='grc' dir='ltr'><em>Μαρτύριον,</em></span> <span class='ocrx_word' id='word_1_161' title='bbox 923 1735 959 1762; x_wconf 85' lang='lat' dir='ltr'><strong>ut</strong></span> <span class='ocrx_word' id='word_1_162' title='bbox 980 1728 1179 1772; x_wconf 88' lang='lat' dir='ltr'><strong>supplicium</strong></span> 
     </span>
     <span class='ocr_line' id='line_1_32' title="bbox 195 1772 1179 1815; baseline -0.001 -10"><span class='ocrx_word' id='word_1_163' title='bbox 195 1773 326 1812; x_wconf 84' lang='lat' dir='ltr'><strong>Esaiae,</strong></span> <span class='ocrx_word' id='word_1_164' title='bbox 349 1774 404 1815; x_wconf 78' lang='lat' dir='ltr'><strong>qui</strong></span> <span class='ocrx_word' id='word_1_165' title='bbox 422 1774 561 1805; x_wconf 78' lang='lat' dir='ltr'><strong>servivit</strong></span> <span class='ocrx_word' id='word_1_166' title='bbox 579 1774 612 1804; x_wconf 91' lang='lat' dir='ltr'><strong>in</strong></span> <span class='ocrx_word' id='word_1_167' title='bbox 631 1773 696 1805; x_wconf 90' lang='lat' dir='ltr'><strong>isto</strong></span> <span class='ocrx_word' id='word_1_168' title='bbox 715 1772 838 1814; x_wconf 87' lang='lat' dir='ltr'><strong>populo</strong></span> <span class='ocrx_word' id='word_1_169' title='bbox 858 1773 902 1805; x_wconf 82' lang='lat'><strong>80</strong></span> <span class='ocrx_word' id='word_1_170' title='bbox 918 1782 1038 1810; x_wconf 78' lang='lat' dir='ltr'><strong>ann05‚</strong></span> <span class='ocrx_word' id='word_1_171' title='bbox 1060 1778 1179 1814; x_wconf 90' lang='lat' dir='ltr'><strong>postea</strong></span> 
     </span>
     <span class='ocr_line' id='line_1_33' title="bbox 195 1814 1206 1859; baseline -0.002 -11"><span class='ocrx_word' id='word_1_172' title='bbox 195 1826 290 1848; x_wconf 89' lang='lat' dir='ltr'><strong>serra</strong></span> <span class='ocrx_word' id='word_1_173' title='bbox 309 1817 475 1848; x_wconf 80' lang='lat' dir='ltr'><strong>dissectus</strong></span> <span class='ocrx_word' id='word_1_174' title='bbox 494 1821 556 1848; x_wconf 88' lang='lat' dir='ltr'><strong>est.</strong></span> <span class='ocrx_word' id='word_1_175' title='bbox 595 1816 670 1847; x_wconf 90' lang='lat' dir='ltr'><strong>Non</strong></span> <span class='ocrx_word' id='word_1_176' title='bbox 688 1814 749 1848; x_wconf 83' lang='lat' dir='ltr'><strong>fuit</strong></span> <span class='ocrx_word' id='word_1_177' title='bbox 766 1817 796 1847; x_wconf 90' lang='lat' dir='ltr'><strong>ei</strong></span> <span class='ocrx_word' id='word_1_178' title='bbox 814 1816 879 1847; x_wconf 88' lang='lat' dir='ltr'><strong>iam</strong></span> <span class='ocrx_word' id='word_1_179' title='bbox 898 1826 982 1857; x_wconf 89' lang='lat' dir='ltr'><strong>opus</strong></span> <span class='ocrx_word' id='word_1_180' title='bbox 1005 1815 1176 1859; x_wconf 68' lang='grc' dir='ltr'><em>δοκιμασίᾳ.</em></span> <span class='ocrx_word' id='word_1_181' title='bbox 1204 1841 1206 1852; x_wconf 90' lang='grc'>,</span> 
     </span>
     <span class='ocr_line' id='line_1_34' title="bbox 195 1858 1180 1897; baseline -0.002 -6"><span class='ocrx_word' id='word_1_182' title='bbox 195 1859 399 1891; x_wconf 74' lang='lat' dir='ltr'><strong>Excesserat</strong></span> <span class='ocrx_word' id='word_1_183' title='bbox 421 1869 542 1891; x_wconf 86' lang='lat' dir='ltr'><strong>annum</strong></span> <span class='ocrx_word' id='word_1_184' title='bbox 568 1858 653 1897; x_wconf 66' lang='lat'>100„</span> <span class='ocrx_word' id='word_1_185' title='bbox 688 1858 750 1890; x_wconf 89' lang='lat' dir='ltr'><strong>sed</strong></span> <span class='ocrx_word' id='word_1_186' title='bbox 783 1858 855 1890; x_wconf 89' lang='lat' dir='ltr'><strong>eius</strong></span> <span class='ocrx_word' id='word_1_187' title='bbox 889 1868 980 1890; x_wconf 83' lang='lat' dir='ltr'><strong>mors</strong></span> <span class='ocrx_word' id='word_1_188' title='bbox 1014 1864 1067 1890; x_wconf 88' lang='lat' dir='ltr'><strong>est</strong></span> <span class='ocrx_word' id='word_1_189' title='bbox 1088 1859 1180 1890; x_wconf 88' lang='lat' dir='ltr'><strong>testi-</strong></span> 
     </span>
     <span class='ocr_line' id='line_1_35' title="bbox 196 1901 1180 1934; baseline -0.002 0"><span class='ocrx_word' id='word_1_190' title='bbox 196 1903 340 1934; x_wconf 86' lang='lat' dir='ltr'><strong>monium</strong></span> <span class='ocrx_word' id='word_1_191' title='bbox 373 1907 406 1934; x_wconf 84' lang='lat' dir='ltr'><strong>et</strong></span> <span class='ocrx_word' id='word_1_192' title='bbox 439 1902 610 1934; x_wconf 85' lang='lat' dir='ltr'><strong>confessio</strong></span> <span class='ocrx_word' id='word_1_193' title='bbox 647 1902 840 1933; x_wconf 81' lang='lat' dir='ltr'><strong>doctrinae:</strong></span> <span class='ocrx_word' id='word_1_194' title='bbox 881 1901 925 1934; x_wconf 90' lang='lat' dir='ltr'><strong>Et</strong></span> <span class='ocrx_word' id='word_1_195' title='bbox 963 1902 1064 1933; x_wconf 89' lang='lat' dir='ltr'><strong>credo</strong></span> <span class='ocrx_word' id='word_1_196' title='bbox 1106 1910 1180 1933; x_wconf 86' lang='lat' dir='ltr'><strong>eum</strong></span> 
     </span>
     <span class='ocr_line' id='line_1_36' title="bbox 196 1943 1181 1982; baseline 0 -6"><span class='ocrx_word' id='word_1_197' title='bbox 196 1944 314 1977; x_wconf 85' lang='lat' dir='ltr'><strong>tulisse</strong></span> <span class='ocrx_word' id='word_1_198' title='bbox 352 1944 456 1977; x_wconf 90' lang='lat' dir='ltr'><strong>multo</strong></span> <span class='ocrx_word' id='word_1_199' title='bbox 499 1945 644 1977; x_wconf 87' lang='lat' dir='ltr'><strong>moiores</strong></span> <span class='ocrx_word' id='word_1_200' title='bbox 679 1943 817 1977; x_wconf 88' lang='lat' dir='ltr'><strong>dolores</strong></span> <span class='ocrx_word' id='word_1_201' title='bbox 841 1949 956 1982; x_wconf 83' lang='lat' dir='ltr'><strong>antea,</strong></span> <span class='ocrx_word' id='word_1_202' title='bbox 986 1954 1062 1977; x_wconf 87' lang='lat' dir='ltr'><strong>cum</strong></span> <span class='ocrx_word' id='word_1_203' title='bbox 1095 1945 1181 1977; x_wconf 78' lang='lat' dir='ltr'><strong>rexit</strong></span> 
     </span>
     <span class='ocr_line' id='line_1_37' title="bbox 196 1987 981 2030; baseline -0.003 -10"><span class='ocrx_word' id='word_1_204' title='bbox 196 1987 367 2030; x_wconf 88' lang='lat' dir='ltr'><strong>populum,</strong></span> <span class='ocrx_word' id='word_1_205' title='bbox 390 1998 487 2030; x_wconf 83' lang='lat' dir='ltr'><strong>quam</strong></span> <span class='ocrx_word' id='word_1_206' title='bbox 511 1998 587 2020; x_wconf 88' lang='lat' dir='ltr'><strong>cum</strong></span> <span class='ocrx_word' id='word_1_207' title='bbox 610 1997 704 2020; x_wconf 87' lang='lat' dir='ltr'><strong>serra</strong></span> <span class='ocrx_word' id='word_1_208' title='bbox 727 1987 895 2020; x_wconf 87' lang='lat' dir='ltr'><strong>dissectus</strong></span> <span class='ocrx_word' id='word_1_209' title='bbox 919 1992 981 2019; x_wconf 89' lang='lat' dir='ltr'><strong>est.</strong></span> 
     </span>
    </p>

    <p class='ocr_par' dir='ltr' id='par_1_11' title="bbox 195 2028 1181 2115">
     <span class='ocr_line' id='line_1_38' title="bbox 282 2028 1181 2073; baseline -0.001 -10"><span class='ocrx_word' id='word_1_210' title='bbox 282 2031 444 2067; x_wconf 84' lang='lat' dir='ltr'><strong>Quartum</strong></span> <span class='ocrx_word' id='word_1_211' title='bbox 468 2036 521 2062; x_wconf 87' lang='lat' dir='ltr'><strong>est</strong></span> <span class='ocrx_word' id='word_1_212' title='bbox 544 2031 662 2073; x_wconf 81' lang='grc' dir='ltr'><strong><em>λύτρον.</em></strong></span> <span class='ocrx_word' id='word_1_213' title='bbox 707 2029 789 2063; x_wconf 85' lang='lat' dir='ltr'><strong>Tale</strong></span> <span class='ocrx_word' id='word_1_214' title='bbox 812 2036 865 2063; x_wconf 86' lang='lat' dir='ltr'><strong>est</strong></span> <span class='ocrx_word' id='word_1_215' title='bbox 887 2029 994 2063; x_wconf 86' lang='lat' dir='ltr'><strong>solius</strong></span> <span class='ocrx_word' id='word_1_216' title='bbox 1022 2028 1095 2062; x_wconf 84' lang='lat' dir='ltr'><strong>Filii</strong></span> <span class='ocrx_word' id='word_1_217' title='bbox 1116 2029 1181 2062; x_wconf 91' lang='lat' dir='ltr'><strong>Dei</strong></span> 
     </span>
     <span class='ocr_line' id='line_1_39' title="bbox 195 2074 489 2115; baseline -0.007 -9"><span class='ocrx_word' id='word_1_218' title='bbox 195 2074 311 2115; x_wconf 84' lang='lat' dir='ltr'><strong>passio</strong></span> <span class='ocrx_word' id='word_1_219' title='bbox 334 2079 366 2105; x_wconf 90' lang='lat' dir='ltr'><strong>et</strong></span> <span class='ocrx_word' id='word_1_220' title='bbox 387 2083 489 2105; x_wconf 88' lang='lat' dir='ltr'><strong>mors.</strong></span> 
     </span>
    </p>

    <p class='ocr_par' dir='ltr' id='par_1_12' title="bbox 197 2113 1181 2330">
     <span class='ocr_line' id='line_1_40' title="bbox 280 2113 1181 2159; baseline -0.002 -11"><span class='ocrx_word' id='word_1_221' title='bbox 280 2116 353 2148; x_wconf 83' lang='lat' dir='ltr'><strong>Hos</strong></span> <span class='ocrx_word' id='word_1_222' title='bbox 388 2117 511 2159; x_wconf 78' lang='lat' dir='ltr'><strong>gradus</strong></span> <span class='ocrx_word' id='word_1_223' title='bbox 545 2114 764 2149; x_wconf 83' lang='lat' dir='ltr'><strong>afflictionum</strong></span> <span class='ocrx_word' id='word_1_224' title='bbox 796 2116 930 2159; x_wconf 81' lang='lat' dir='ltr'><strong>ignerat</strong></span> <span class='ocrx_word' id='word_1_225' title='bbox 950 2113 1181 2157; x_wconf 86' lang='lat' dir='ltr'><strong>Philosophia,</strong></span> 
     </span>
     <span class='ocr_line' id='line_1_41' title="bbox 197 2158 1180 2191; baseline 0 -1"><span class='ocrx_word' id='word_1_226' title='bbox 197 2160 285 2191; x_wconf 77' lang='lat' dir='ltr'><strong>sicut</strong></span> <span class='ocrx_word' id='word_1_227' title='bbox 307 2159 406 2191; x_wconf 84' lang='lat' dir='ltr'><strong>etiam</strong></span> <span class='ocrx_word' id='word_1_228' title='bbox 423 2169 564 2191; x_wconf 82' lang='lat' dir='ltr'><strong>caussas</strong></span> <span class='ocrx_word' id='word_1_229' title='bbox 588 2165 620 2191; x_wconf 85' lang='lat' dir='ltr'><strong>et</strong></span> <span class='ocrx_word' id='word_1_230' title='bbox 641 2159 788 2191; x_wconf 84' lang='lat' dir='ltr'><strong>remedia</strong></span> <span class='ocrx_word' id='word_1_231' title='bbox 816 2158 980 2191; x_wconf 88' lang='lat' dir='ltr'><strong>malorum</strong></span> <span class='ocrx_word' id='word_1_232' title='bbox 1006 2168 1073 2190; x_wconf 89' lang='lat' dir='ltr'><strong>non</strong></span> <span class='ocrx_word' id='word_1_233' title='bbox 1097 2159 1180 2190; x_wconf 86' lang='lat' dir='ltr'><strong>satis</strong></span> 
     </span>
     <span class='ocr_line' id='line_1_42' title="bbox 197 2201 1179 2244; baseline 0 -10"><span class='ocrx_word' id='word_1_234' title='bbox 197 2203 299 2234; x_wconf 77' lang='lat' dir='ltr'><strong>novit.</strong></span> <span class='ocrx_word' id='word_1_235' title='bbox 355 2201 408 2234; x_wconf 89' lang='lat' dir='ltr'><strong>Dc</strong></span> <span class='ocrx_word' id='word_1_236' title='bbox 430 2212 496 2244; x_wconf 80' lang='lat' dir='ltr'><strong>quo</strong></span> <span class='ocrx_word' id='word_1_237' title='bbox 514 2201 593 2234; x_wconf 85' lang='lat' dir='ltr'><strong>alibi</strong></span> <span class='ocrx_word' id='word_1_238' title='bbox 616 2212 719 2244; x_wconf 83' lang='lat' dir='ltr'><strong>saepe</strong></span> <span class='ocrx_word' id='word_1_239' title='bbox 741 2202 891 2234; x_wconf 70' lang='lat' dir='ltr'><strong>diximus</strong></span> <span class='ocrx_word' id='word_1_240' title='bbox 958 2201 1056 2234; x_wconf 89' lang='lat' dir='ltr'><strong>Nunc</strong></span> <span class='ocrx_word' id='word_1_241' title='bbox 1077 2202 1179 2234; x_wconf 91' lang='lat' dir='ltr'><strong>redeo</strong></span> 
     </span>
     <span class='ocr_line' id='line_1_43' title="bbox 198 2243 1179 2287; baseline 0.003 -12"><span class='ocrx_word' id='word_1_242' title='bbox 198 2245 240 2276; x_wconf 86' lang='lat' dir='ltr'><strong>ad</strong></span> <span class='ocrx_word' id='word_1_243' title='bbox 272 2251 514 2287; x_wconf 80' lang='lat' dir='ltr'><strong>argumentum,</strong></span> <span class='ocrx_word' id='word_1_244' title='bbox 547 2245 642 2278; x_wconf 81' lang='lat' dir='ltr'><strong>cuius</strong></span> <span class='ocrx_word' id='word_1_245' title='bbox 672 2254 794 2277; x_wconf 84' lang='lat' dir='ltr'><strong>caussa</strong></span> <span class='ocrx_word' id='word_1_246' title='bbox 818 2245 942 2287; x_wconf 86' lang='lat' dir='ltr'><strong>gradus</strong></span> <span class='ocrx_word' id='word_1_247' title='bbox 964 2243 1179 2279; x_wconf 82' lang='lat' dir='ltr'><strong>afflictionum</strong></span> 
     </span>
     <span class='ocr_line' id='line_1_44' title="bbox 198 2287 1010 2330; baseline 0.002 -12"><span class='ocrx_word' id='word_1_248' title='bbox 198 2288 373 2320; x_wconf 86' lang='lat' dir='ltr'><strong>distinctos</strong></span> <span class='ocrx_word' id='word_1_249' title='bbox 396 2288 543 2320; x_wconf 74' lang='lat' dir='ltr'><strong>recitaw‘.</strong></span> <span class='ocrx_word' id='word_1_250' title='bbox 589 2287 733 2320; x_wconf 88' lang='lat' dir='ltr'><strong>Valetne</strong></span> <span class='ocrx_word' id='word_1_251' title='bbox 756 2287 1010 2330; x_wconf 80' lang='lat' dir='ltr'><strong>consequentia:</strong></span> 
     </span>
    </p>
   </div>
   <div class='ocr_carea' id='block_1_9' title="bbox 324 2347 909 2432">
    <p class='ocr_par' dir='ltr' id='par_1_13' title="bbox 324 2347 909 2432">
     <span class='ocr_line' id='line_1_45' title="bbox 325 2347 820 2388; baseline 0.006 -10"><span class='ocrx_word' id='word_1_252' title='bbox 325 2347 396 2380; x_wconf 80' lang='lat' dir='ltr'><strong>Iste</strong></span> <span class='ocrx_word' id='word_1_253' title='bbox 417 2353 467 2381; x_wconf 77' lang='lat' dir='ltr'><strong>esc</strong></span> <span class='ocrx_word' id='word_1_254' title='bbox 487 2351 523 2380; x_wconf 77' lang='lat' dir='ltr'><strong>in</strong></span> <span class='ocrx_word' id='word_1_255' title='bbox 543 2350 672 2388; x_wconf 72' lang='lat' dir='ltr'><strong>maym‘s</strong></span> <span class='ocrx_word' id='word_1_256' title='bbox 688 2351 820 2388; x_wconf 79' lang='lat' dir='ltr'><strong>poenis:</strong></span> 
     </span>
     <span class='ocr_line' id='line_1_46' title="bbox 324 2389 909 2432; baseline -0.002 -9"><span class='ocrx_word' id='word_1_257' title='bbox 324 2392 412 2431; x_wconf 71' lang='lat' dir='ltr'><strong>Eryo</strong></span> <span class='ocrx_word' id='word_1_258' title='bbox 433 2400 584 2432; x_wconf 68' lang='lat' dir='ltr'><strong>maynum</strong></span> <span class='ocrx_word' id='word_1_259' title='bbox 605 2393 711 2424; x_wconf 75' lang='lat' dir='ltr'><strong>scelus</strong></span> <span class='ocrx_word' id='word_1_260' title='bbox 731 2389 909 2424; x_wconf 66' lang='lat' dir='ltr'><strong>commisit?</strong></span> 
     </span>
    </p>
   </div>
   <div class='ocr_carea' id='block_1_10' title="bbox 1203 1857 1207 1941">
    <p class='ocr_par' dir='ltr' id='par_1_14' title="bbox 1203 1857 1207 1941">
     <span class='ocr_line' id='line_1_47' title="bbox 1203 1857 1207 1941; baseline 0 1044"><span class='ocrx_word' id='word_1_261' title='bbox 1203 1857 1207 1941; x_wconf 95' lang='lat' dir='ltr'><strong> </strong></span> 
     </span>
    </p>
   </div>
   <div class='ocr_carea' id='block_1_11' title="bbox 198 2457 1180 2674">
    <p class='ocr_par' dir='ltr' id='par_1_15' title="bbox 198 2457 1180 2674">
     <span class='ocr_line' id='line_1_48' title="bbox 283 2457 1180 2501; baseline 0 -12"><span class='ocrx_word' id='word_1_262' title='bbox 283 2457 499 2500; x_wconf 63' lang='lat' dir='ltr'><strong>Respondeo.</strong></span> <span class='ocrx_word' id='word_1_263' title='bbox 544 2459 654 2500; x_wconf 85' lang='lat' dir='ltr'><strong>Saepe</strong></span> <span class='ocrx_word' id='word_1_264' title='bbox 675 2457 765 2492; x_wconf 72' lang='lat' dir='ltr'><strong>valet</strong></span> <span class='ocrx_word' id='word_1_265' title='bbox 787 2457 1028 2501; x_wconf 78' lang='lat' dir='ltr'><strong>consequentia</strong></span> <span class='ocrx_word' id='word_1_266' title='bbox 1048 2468 1071 2489; x_wconf 80' lang='lat' dir='ltr'><strong>a</strong></span> <span class='ocrx_word' id='word_1_267' title='bbox 1093 2467 1180 2490; x_wconf 91' lang='lat' dir='ltr'><strong>com-</strong></span> 
     </span>
     <span class='ocr_line' id='line_1_49' title="bbox 198 2499 1180 2544; baseline 0.001 -12"><span class='ocrx_word' id='word_1_268' title='bbox 198 2500 339 2533; x_wconf 88' lang='lat' dir='ltr'><strong>muniter</strong></span> <span class='ocrx_word' id='word_1_269' title='bbox 360 2501 617 2536; x_wconf 87' lang='lat' dir='ltr'><strong>Accidentibus:</strong></span> <span class='ocrx_word' id='word_1_270' title='bbox 646 2507 680 2534; x_wconf 82' lang='lat' dir='ltr'><strong>et</strong></span> <span class='ocrx_word' id='word_1_271' title='bbox 701 2511 817 2535; x_wconf 81' lang='lat' dir='ltr'><strong>verum</strong></span> <span class='ocrx_word' id='word_1_272' title='bbox 839 2506 906 2542; x_wconf 91' lang='lat' dir='ltr'><strong>est,</strong></span> <span class='ocrx_word' id='word_1_273' title='bbox 927 2499 1180 2544; x_wconf 79' lang='lat' dir='ltr'><strong>quod-plenum-</strong></span> 
     </span>
     <span class='ocr_line' id='line_1_50' title="bbox 199 2543 1178 2588; baseline 0 -13"><span class='ocrx_word' id='word_1_274' title='bbox 199 2553 262 2584; x_wconf 79' lang='lat' dir='ltr'><strong>que</strong></span> <span class='ocrx_word' id='word_1_275' title='bbox 294 2545 423 2577; x_wconf 78' lang='lat' dir='ltr'><strong>atrocia</strong></span> <span class='ocrx_word' id='word_1_276' title='bbox 455 2544 578 2578; x_wconf 82' lang='lat' dir='ltr'><strong>delicta</strong></span> <span class='ocrx_word' id='word_1_277' title='bbox 612 2545 792 2588; x_wconf 87' lang='lat' dir='ltr'><strong>puniuntur</strong></span> <span class='ocrx_word' id='word_1_278' title='bbox 812 2545 984 2578; x_wconf 71' lang='lat' dir='ltr'><strong>atrocibus</strong></span> <span class='ocrx_word' id='word_1_279' title='bbox 1005 2543 1123 2586; x_wconf 86' lang='lat' dir='ltr'><strong>poenis</strong></span> <span class='ocrx_word' id='word_1_280' title='bbox 1145 2544 1178 2575; x_wconf 89' lang='lat' dir='ltr'><strong>in</strong></span> 
     </span>
     <span class='ocr_line' id='line_1_51' title="bbox 199 2586 1178 2631; baseline 0 -13"><span class='ocrx_word' id='word_1_281' title='bbox 199 2586 264 2618; x_wconf 86' lang='lat' dir='ltr'><strong>hac</strong></span> <span class='ocrx_word' id='word_1_282' title='bbox 285 2587 364 2619; x_wconf 82' lang='lat' dir='ltr'><strong>vita.</strong></span> <span class='ocrx_word' id='word_1_283' title='bbox 428 2587 498 2621; x_wconf 84' lang='lat' dir='ltr'><strong>Sed</strong></span> <span class='ocrx_word' id='word_1_284' title='bbox 530 2597 599 2620; x_wconf 91' lang='lat' dir='ltr'><strong>non</strong></span> <span class='ocrx_word' id='word_1_285' title='bbox 631 2588 755 2631; x_wconf 87' lang='lat' dir='ltr'><strong>ubique</strong></span> <span class='ocrx_word' id='word_1_286' title='bbox 776 2598 857 2621; x_wconf 87' lang='lat' dir='ltr'><strong>vera</strong></span> <span class='ocrx_word' id='word_1_287' title='bbox 879 2593 933 2621; x_wconf 80' lang='lat' dir='ltr'><strong>est</strong></span> <span class='ocrx_word' id='word_1_288' title='bbox 953 2586 1039 2621; x_wconf 86' lang='lat' dir='ltr'><strong>haec</strong></span> <span class='ocrx_word' id='word_1_289' title='bbox 1060 2596 1178 2620; x_wconf 82' lang='lat' dir='ltr'><strong>conse-</strong></span> 
     </span>
     <span class='ocr_line' id='line_1_52' title="bbox 199 2630 1177 2674; baseline 0.002 -12"><span class='ocrx_word' id='word_1_290' title='bbox 199 2630 355 2672; x_wconf 86' lang='lat' dir='ltr'><strong>quentia;</strong></span> <span class='ocrx_word' id='word_1_291' title='bbox 377 2631 455 2673; x_wconf 83' lang='lat' dir='ltr'><strong>quia</strong></span> <span class='ocrx_word' id='word_1_292' title='bbox 477 2630 682 2666; x_wconf 78' lang='lat' dir='ltr'><strong>calamitates</strong></span> <span class='ocrx_word' id='word_1_293' title='bbox 704 2641 773 2665; x_wconf 88' lang='lat' dir='ltr'><strong>non</strong></span> <span class='ocrx_word' id='word_1_294' title='bbox 793 2640 926 2674; x_wconf 85' lang='lat' dir='ltr'><strong>semper</strong></span> <span class='ocrx_word' id='word_1_295' title='bbox 937 2636 1015 2665; x_wconf 83' lang='lat' dir='ltr'><strong>sunt</strong></span> <span class='ocrx_word' id='word_1_296' title='bbox 1036 2634 1177 2672; x_wconf 73' lang='grc' dir='ltr'><strong>τιμωρία,</strong></span> 
     </span>
    </p>
   </div>
   <div class='ocr_carea' id='block_1_12' title="bbox 834 181 1573 224">
    <p class='ocr_par' dir='ltr' id='par_1_16' title="bbox 834 181 1573 224">
     <span class='ocr_line' id='line_1_53' title="bbox 834 181 1573 224; baseline -0.003 -9"><span class='ocrx_word' id='word_1_297' title='bbox 834 182 1075 224; x_wconf 72' lang='lat' dir='ltr'><strong>PfflL.[MEL.</strong></span> <span class='ocrx_word' id='word_1_298' title='bbox 1102 182 1290 215; x_wconf 76' lang='lat' dir='ltr'>SCRIPTA</span> <span class='ocrx_word' id='word_1_299' title='bbox 1313 181 1573 214; x_wconf 74' lang='lat' dir='ltr'>EXEGE&#39;HCA.</span> 
     </span>
    </p>
   </div>
   <div class='ocr_carea' id='block_1_13' title="bbox 2164 182 2206 214">
    <p class='ocr_par' dir='ltr' id='par_1_17' title="bbox 2164 182 2206 214">
     <span class='ocr_line' id='line_1_54' title="bbox 2164 182 2206 214; baseline -0.024 0"><span class='ocrx_word' id='word_1_300' title='bbox 2164 182 2206 214; x_wconf 91' lang='grc'><strong>40</strong></span> 
     </span>
    </p>
   </div>
   <div class='ocr_carea' id='block_1_14' title="bbox 1226 274 2206 404">
    <p class='ocr_par' dir='ltr' id='par_1_18' title="bbox 1226 274 2206 404">
     <span class='ocr_line' id='line_1_55' title="bbox 1227 274 2206 317; baseline 0 -10"><span class='ocrx_word' id='word_1_301' title='bbox 1227 286 1287 308; x_wconf 84' lang='lat' dir='ltr'><strong>seu</strong></span> <span class='ocrx_word' id='word_1_302' title='bbox 1309 285 1438 317; x_wconf 81' lang='lat' dir='ltr'><strong>poenae</strong></span> <span class='ocrx_word' id='word_1_303' title='bbox 1461 276 1620 307; x_wconf 88' lang='lat' dir='ltr'><strong>atrocium</strong></span> <span class='ocrx_word' id='word_1_304' title='bbox 1644 274 1820 313; x_wconf 86' lang='lat' dir='ltr'><strong>scelerum,</strong></span> <span class='ocrx_word' id='word_1_305' title='bbox 1844 275 1904 306; x_wconf 88' lang='lat' dir='ltr'><strong>sed</strong></span> <span class='ocrx_word' id='word_1_306' title='bbox 1928 281 2004 307; x_wconf 88' lang='lat' dir='ltr'><strong>sunt</strong></span> <span class='ocrx_word' id='word_1_307' title='bbox 2027 274 2206 317; x_wconf 87' lang='lat' dir='ltr'><strong>aliquando</strong></span> 
     </span>
     <span class='ocr_line' id='line_1_56' title="bbox 1227 316 2206 360; baseline 0 -10"><span class='ocrx_word' id='word_1_308' title='bbox 1227 319 1400 358; x_wconf 79' lang='grc' dir='ltr'><strong><em>δοκιμασία,</em></strong></span> <span class='ocrx_word' id='word_1_309' title='bbox 1433 325 1490 351; x_wconf 86' lang='lat' dir='ltr'><strong>aut</strong></span> <span class='ocrx_word' id='word_1_310' title='bbox 1517 319 1684 360; x_wconf 73' lang='grc' dir='ltr'><em>μαρτύριον.</em></span> <span class='ocrx_word' id='word_1_311' title='bbox 1752 318 1806 349; x_wconf 87' lang='grc' dir='ltr'><strong>Αη</strong></span> <span class='ocrx_word' id='word_1_312' title='bbox 1845 316 1935 349; x_wconf 77' lang='lat' dir='ltr'><strong>valet</strong></span> <span class='ocrx_word' id='word_1_313' title='bbox 1974 317 2057 350; x_wconf 89' lang='lat' dir='ltr'><strong>haec</strong></span> <span class='ocrx_word' id='word_1_314' title='bbox 2092 328 2206 350; x_wconf 64' lang='lat' dir='ltr'><strong>conse</strong></span> 
     </span>
     <span class='ocr_line' id='line_1_57' title="bbox 1226 362 1376 404; baseline -0.02 -10"><span class='ocrx_word' id='word_1_315' title='bbox 1226 362 1376 404; x_wconf 83' lang='lat' dir='ltr'><strong>quentia:</strong></span> 
     </span>
    </p>
   </div>
   <div class='ocr_carea' id='block_1_15' title="bbox 1356 421 2018 504">
    <p class='ocr_par' dir='ltr' id='par_1_19' title="bbox 1356 421 2018 504">
     <span class='ocr_line' id='line_1_58' title="bbox 1356 421 2018 459; baseline -0.005 -5"><span class='ocrx_word' id='word_1_316' title='bbox 1356 423 1420 454; x_wconf 81' lang='lat' dir='ltr'><strong>Iste</strong></span> <span class='ocrx_word' id='word_1_317' title='bbox 1441 423 1553 454; x_wconf 72' lang='lat' dir='ltr'><strong>haeret</strong></span> <span class='ocrx_word' id='word_1_318' title='bbox 1575 425 1606 452; x_wconf 78' lang='lat' dir='ltr'><strong>in</strong></span> <span class='ocrx_word' id='word_1_319' title='bbox 1625 424 1748 459; x_wconf 68' lang='lat' dir='ltr'><strong>nmquis</strong></span> <span class='ocrx_word' id='word_1_320' title='bbox 1770 421 2018 453; x_wconf 78' lang='lat' dir='ltr'><strong>calamitatibus.-</strong></span> 
     </span>
     <span class='ocr_line' id='line_1_59' title="bbox 1357 463 1842 504; baseline -0.004 -8"><span class='ocrx_word' id='word_1_321' title='bbox 1357 466 1444 504; x_wconf 71' lang='lat' dir='ltr'><strong>Eryo</strong></span> <span class='ocrx_word' id='word_1_322' title='bbox 1468 469 1517 496; x_wconf 80' lang='lat' dir='ltr'><strong>est</strong></span> <span class='ocrx_word' id='word_1_323' title='bbox 1537 466 1678 496; x_wconf 78' lang='lat' dir='ltr'><strong>abiectas</strong></span> <span class='ocrx_word' id='word_1_324' title='bbox 1700 473 1721 494; x_wconf 84' lang='lat' dir='ltr'><strong>a</strong></span> <span class='ocrx_word' id='word_1_325' title='bbox 1743 463 1842 495; x_wconf 66' lang='lat' dir='ltr'><strong>Deo?</strong></span> 
     </span>
    </p>
   </div>
   <div class='ocr_carea' id='block_1_16' title="bbox 1226 530 2208 874">
    <p class='ocr_par' dir='ltr' id='par_1_20' title="bbox 1226 530 2208 874">
     <span class='ocr_line' id='line_1_60' title="bbox 1314 530 2207 575; baseline 0.001 -11"><span class='ocrx_word' id='word_1_326' title='bbox 1314 531 1525 574; x_wconf 89' lang='lat' dir='ltr'><strong>Respondeo.</strong></span> <span class='ocrx_word' id='word_1_327' title='bbox 1570 531 1665 562; x_wconf 80' lang='lat' dir='ltr'><strong>Ratio</strong></span> <span class='ocrx_word' id='word_1_328' title='bbox 1701 531 1750 562; x_wconf 82' lang='lat' dir='ltr'><strong>sic</strong></span> <span class='ocrx_word' id='word_1_329' title='bbox 1782 530 1915 569; x_wconf 84' lang='lat' dir='ltr'><strong>iudicat,</strong></span> <span class='ocrx_word' id='word_1_330' title='bbox 1945 537 1978 562; x_wconf 88' lang='lat' dir='ltr'><strong>et</strong></span> <span class='ocrx_word' id='word_1_331' title='bbox 2006 541 2056 563; x_wconf 87' lang='lat' dir='ltr'><strong>est</strong></span> <span class='ocrx_word' id='word_1_332' title='bbox 2085 543 2207 575; x_wconf 82' lang='lat' dir='ltr'><strong>magna</strong></span> 
     </span>
     <span class='ocr_line' id='line_1_61' title="bbox 1227 572 2207 615; baseline 0 -8"><span class='ocrx_word' id='word_1_333' title='bbox 1227 576 1312 608; x_wconf 84' lang='lat' dir='ltr'><strong>haec</strong></span> <span class='ocrx_word' id='word_1_334' title='bbox 1335 576 1483 607; x_wconf 87' lang='lat' dir='ltr'><strong>tentatio.</strong></span> <span class='ocrx_word' id='word_1_335' title='bbox 1530 573 1743 605; x_wconf 79' lang='lat' dir='ltr'><strong>Calamitates</strong></span> <span class='ocrx_word' id='word_1_336' title='bbox 1767 572 1864 604; x_wconf 84' lang='lat' dir='ltr'><strong>valde</strong></span> <span class='ocrx_word' id='word_1_337' title='bbox 1886 580 2019 605; x_wconf 86' lang='lat' dir='ltr'><strong>movent</strong></span> <span class='ocrx_word' id='word_1_338' title='bbox 2043 575 2207 615; x_wconf 85' lang='lat' dir='ltr'><strong>homines,</strong></span> 
     </span>
     <span class='ocr_line' id='line_1_62' title="bbox 1228 615 2207 660; baseline 0 -10"><span class='ocrx_word' id='word_1_339' title='bbox 1228 624 1265 650; x_wconf 92' lang='lat' dir='ltr'><strong>ut</strong></span> <span class='ocrx_word' id='word_1_340' title='bbox 1287 618 1435 660; x_wconf 83' lang='lat' dir='ltr'><strong>cogitent</strong></span> <span class='ocrx_word' id='word_1_341' title='bbox 1458 627 1495 648; x_wconf 91' lang='lat' dir='ltr'><strong>se</strong></span> <span class='ocrx_word' id='word_1_342' title='bbox 1519 616 1654 648; x_wconf 74' lang='lat' dir='ltr'><strong>relictos</strong></span> <span class='ocrx_word' id='word_1_343' title='bbox 1678 627 1755 648; x_wconf 84' lang='lat' dir='ltr'><strong>esse</strong></span> <span class='ocrx_word' id='word_1_344' title='bbox 1778 627 1797 648; x_wconf 89' lang='lat' dir='ltr'><strong>a</strong></span> <span class='ocrx_word' id='word_1_345' title='bbox 1820 615 1906 654; x_wconf 90' lang='lat' dir='ltr'><strong>Deo,</strong></span> <span class='ocrx_word' id='word_1_346' title='bbox 1930 623 1962 647; x_wconf 90' lang='lat' dir='ltr'><strong>et</strong></span> <span class='ocrx_word' id='word_1_347' title='bbox 1985 617 2034 648; x_wconf 87' lang='lat' dir='ltr'><strong>sic</strong></span> <span class='ocrx_word' id='word_1_348' title='bbox 2058 617 2207 650; x_wconf 89' lang='lat' dir='ltr'><strong>Philoso-</strong></span> 
     </span>
     <span class='ocr_line' id='line_1_63' title="bbox 1227 658 2208 703; baseline 0.001 -11"><span class='ocrx_word' id='word_1_349' title='bbox 1227 661 1306 703; x_wconf 85' lang='lat' dir='ltr'><strong>phia</strong></span> <span class='ocrx_word' id='word_1_350' title='bbox 1339 661 1463 693; x_wconf 81' lang='lat' dir='ltr'><strong>indicat</strong></span> <span class='ocrx_word' id='word_1_351' title='bbox 1497 661 1678 691; x_wconf 71' lang='lat' dir='ltr'><strong>secundum</strong></span> <span class='ocrx_word' id='word_1_352' title='bbox 1713 658 1831 701; x_wconf 85' lang='lat' dir='ltr'><strong>legem.</strong></span> <span class='ocrx_word' id='word_1_353' title='bbox 1899 658 1967 690; x_wconf 87' lang='lat' dir='ltr'><strong>Sed</strong></span> <span class='ocrx_word' id='word_1_354' title='bbox 1988 659 2208 703; x_wconf 82' lang='lat' dir='ltr'><strong>Evangelium</strong></span> 
     </span>
     <span class='ocr_line' id='line_1_64' title="bbox 1228 703 2207 745; baseline 0 -9"><span class='ocrx_word' id='word_1_355' title='bbox 1228 705 1327 736; x_wconf 81' lang='lat' dir='ltr'><strong>docet</strong></span> <span class='ocrx_word' id='word_1_356' title='bbox 1349 704 1617 745; x_wconf 86' lang='lat' dir='ltr'><strong>consequentiam</strong></span> <span class='ocrx_word' id='word_1_357' title='bbox 1632 713 1706 734; x_wconf 77' lang='lat' dir='ltr'><strong>esse</strong></span> <span class='ocrx_word' id='word_1_358' title='bbox 1720 703 1890 738; x_wconf 72' lang='lat' dir='ltr'><strong>vitiosam3</strong></span> <span class='ocrx_word' id='word_1_359' title='bbox 1914 703 1991 744; x_wconf 88' lang='lat' dir='ltr'><strong>quia</strong></span> <span class='ocrx_word' id='word_1_360' title='bbox 2013 705 2109 735; x_wconf 86' lang='lat' dir='ltr'><strong>etiam</strong></span> <span class='ocrx_word' id='word_1_361' title='bbox 2133 715 2207 736; x_wconf 91' lang='lat' dir='ltr'><strong>cum</strong></span> 
     </span>
     <span class='ocr_line' id='line_1_65' title="bbox 1227 745 2207 788; baseline 0 -10"><span class='ocrx_word' id='word_1_362' title='bbox 1227 756 1342 778; x_wconf 88' lang='lat' dir='ltr'><strong>sumus</strong></span> <span class='ocrx_word' id='word_1_363' title='bbox 1365 748 1398 778; x_wconf 92' lang='lat' dir='ltr'><strong>in</strong></span> <span class='ocrx_word' id='word_1_364' title='bbox 1421 747 1550 788; x_wconf 84' lang='lat' dir='ltr'><strong>magnis</strong></span> <span class='ocrx_word' id='word_1_365' title='bbox 1573 747 1690 786; x_wconf 81' lang='lat' dir='ltr'><strong>poenis</strong></span> <span class='ocrx_word' id='word_1_366' title='bbox 1713 746 1864 776; x_wconf 82' lang='lat' dir='ltr'><strong>attractis</strong></span> <span class='ocrx_word' id='word_1_367' title='bbox 1888 751 2003 777; x_wconf 87' lang='lat' dir='ltr'><strong>nostra</strong></span> <span class='ocrx_word' id='word_1_368' title='bbox 2026 745 2138 788; x_wconf 89' lang='lat' dir='ltr'><strong>culpa,</strong></span> <span class='ocrx_word' id='word_1_369' title='bbox 2159 753 2207 778; x_wconf 91' lang='lat' dir='ltr'><strong>ta-</strong></span> 
     </span>
     <span class='ocr_line' id='line_1_66' title="bbox 1226 788 2206 831; baseline 0 -10"><span class='ocrx_word' id='word_1_370' title='bbox 1226 800 1302 822; x_wconf 90' lang='lat' dir='ltr'><strong>men</strong></span> <span class='ocrx_word' id='word_1_371' title='bbox 1314 788 1468 821; x_wconf 86' lang='lat' dir='ltr'><strong>Ecclesia</strong></span> <span class='ocrx_word' id='word_1_372' title='bbox 1489 788 1659 831; x_wconf 81' lang='lat' dir='ltr'><strong>affligitur,</strong></span> <span class='ocrx_word' id='word_1_373' title='bbox 1682 799 1747 819; x_wconf 89' lang='lat' dir='ltr'><strong>non</strong></span> <span class='ocrx_word' id='word_1_374' title='bbox 1771 794 1807 820; x_wconf 90' lang='lat' dir='ltr'><strong>ut</strong></span> <span class='ocrx_word' id='word_1_375' title='bbox 1829 795 1954 829; x_wconf 85' lang='lat' dir='ltr'><strong>pereat,</strong></span> <span class='ocrx_word' id='word_1_376' title='bbox 1979 789 2038 820; x_wconf 89' lang='lat' dir='ltr'><strong>sed</strong></span> <span class='ocrx_word' id='word_1_377' title='bbox 2051 795 2085 821; x_wconf 92' lang='lat' dir='ltr'><strong>ut</strong></span> <span class='ocrx_word' id='word_1_378' title='bbox 2105 795 2206 821; x_wconf 87' lang='lat' dir='ltr'><strong>retra-</strong></span> 
     </span>
     <span class='ocr_line' id='line_1_67' title="bbox 1227 833 1655 874; baseline -0.007 -9"><span class='ocrx_word' id='word_1_379' title='bbox 1227 833 1325 865; x_wconf 86' lang='lat' dir='ltr'><strong>hatur</strong></span> <span class='ocrx_word' id='word_1_380' title='bbox 1348 833 1390 864; x_wconf 89' lang='lat' dir='ltr'><strong>ad</strong></span> <span class='ocrx_word' id='word_1_381' title='bbox 1412 833 1655 874; x_wconf 87' lang='lat' dir='ltr'><strong>poenitentiam.</strong></span> 
     </span>
    </p>
   </div>
   <div class='ocr_carea' id='block_1_17' title="bbox 1447 995 1986 1050">
    <p class='ocr_par' dir='ltr' id='par_1_21' title="bbox 1447 995 1986 1050">
     <span class='ocr_line' id='line_1_68' title="bbox 1447 995 1986 1050; baseline -0.004 -13"><span class='ocrx_word' id='word_1_382' title='bbox 1447 995 1531 1038; x_wconf 83' lang='lat' dir='ltr'><strong>Ubi</strong></span> <span class='ocrx_word' id='word_1_383' title='bbox 1562 1002 1622 1036; x_wconf 80' lang='lat' dir='ltr'><strong>est</strong></span> <span class='ocrx_word' id='word_1_384' title='bbox 1653 997 1730 1036; x_wconf 89' lang='lat' dir='ltr'><strong>hoc</strong></span> <span class='ocrx_word' id='word_1_385' title='bbox 1769 996 1986 1050; x_wconf 72' lang='lat' dir='ltr'><strong>scriptum?</strong></span> 
     </span>
    </p>
   </div>
   <div class='ocr_carea' id='block_1_18' title="bbox 1227 1087 2212 2670">
    <p class='ocr_par' dir='ltr' id='par_1_22' title="bbox 1227 1087 2210 1344">
     <span class='ocr_line' id='line_1_69' title="bbox 1319 1087 2209 1127; baseline 0 -8"><span class='ocrx_word' id='word_1_386' title='bbox 1319 1087 1522 1127; x_wconf 76' lang='lat' dir='ltr'><strong>Corripimur</strong></span> <span class='ocrx_word' id='word_1_387' title='bbox 1543 1096 1564 1117; x_wconf 82' lang='lat' dir='ltr'><strong>a</strong></span> <span class='ocrx_word' id='word_1_388' title='bbox 1585 1088 1732 1124; x_wconf 84' lang='lat' dir='ltr'><strong>Domino,</strong></span> <span class='ocrx_word' id='word_1_389' title='bbox 1756 1096 1824 1118; x_wconf 75' lang='lat' dir='ltr'><strong>cam</strong></span> <span class='ocrx_word' id='word_1_390' title='bbox 1846 1087 2045 1125; x_wconf 76' lang='lat' dir='ltr'><strong>iudicamur,</strong></span> <span class='ocrx_word' id='word_1_391' title='bbox 2075 1098 2116 1119; x_wconf 79' lang='lat' dir='ltr'><strong>ne</strong></span> <span class='ocrx_word' id='word_1_392' title='bbox 2138 1097 2209 1119; x_wconf 85' lang='lat' dir='ltr'><strong>cum</strong></span> 
     </span>
     <span class='ocr_line' id='line_1_70' title="bbox 1227 1129 2210 1171; baseline 0.001 -10"><span class='ocrx_word' id='word_1_393' title='bbox 1227 1131 1287 1161; x_wconf 74' lang='lat' dir='ltr'><strong>leoc</strong></span> <span class='ocrx_word' id='word_1_394' title='bbox 1309 1130 1426 1161; x_wconf 78' lang='lat' dir='ltr'><strong>mundo</strong></span> <span class='ocrx_word' id='word_1_395' title='bbox 1447 1130 1655 1161; x_wconf 78' lang='lat' dir='ltr'><strong>damnemur:</strong></span> <span class='ocrx_word' id='word_1_396' title='bbox 1689 1129 1721 1159; x_wconf 86' lang='lat' dir='ltr'><strong>id</strong></span> <span class='ocrx_word' id='word_1_397' title='bbox 1746 1135 1808 1167; x_wconf 83' lang='lat' dir='ltr'><strong>est,</strong></span> <span class='ocrx_word' id='word_1_398' title='bbox 1841 1129 1915 1160; x_wconf 89' lang='lat' dir='ltr'><strong>ideo</strong></span> <span class='ocrx_word' id='word_1_399' title='bbox 1939 1130 2151 1171; x_wconf 77' lang='lat' dir='ltr'><strong>castigamur,</strong></span> <span class='ocrx_word' id='word_1_400' title='bbox 2173 1136 2210 1162; x_wconf 85' lang='lat' dir='ltr'><strong>ut</strong></span> 
     </span>
     <span class='ocr_line' id='line_1_71' title="bbox 1228 1171 2208 1214; baseline 0 -10"><span class='ocrx_word' id='word_1_401' title='bbox 1228 1173 1437 1204; x_wconf 85' lang='lat' dir='ltr'><strong>retrahamur</strong></span> <span class='ocrx_word' id='word_1_402' title='bbox 1458 1172 1501 1203; x_wconf 89' lang='lat' dir='ltr'><strong>ad</strong></span> <span class='ocrx_word' id='word_1_403' title='bbox 1523 1172 1766 1211; x_wconf 87' lang='lat' dir='ltr'><strong>poenitentiam.</strong></span> <span class='ocrx_word' id='word_1_404' title='bbox 1812 1171 1923 1202; x_wconf 63' lang='lat' dir='ltr'><strong>David</strong></span> <span class='ocrx_word' id='word_1_405' title='bbox 1947 1174 2140 1214; x_wconf 73' lang='lat' dir='ltr'><strong>castigatur,</strong></span> <span class='ocrx_word' id='word_1_406' title='bbox 2174 1178 2208 1204; x_wconf 90' lang='lat' dir='ltr'><strong>ut</strong></span> 
     </span>
     <span class='ocr_line' id='line_1_72' title="bbox 1229 1213 2207 1255; baseline -0.003 -8"><span class='ocrx_word' id='word_1_407' title='bbox 1229 1214 1461 1247; x_wconf 86' lang='lat' dir='ltr'><strong>commonefiat</strong></span> <span class='ocrx_word' id='word_1_408' title='bbox 1495 1219 1528 1246; x_wconf 85' lang='lat' dir='ltr'><strong>et</strong></span> <span class='ocrx_word' id='word_1_409' title='bbox 1560 1215 1743 1255; x_wconf 81' lang='lat' dir='ltr'><strong>resipiscat.</strong></span> <span class='ocrx_word' id='word_1_410' title='bbox 1810 1213 1867 1244; x_wconf 89' lang='lat' dir='ltr'><strong>Sic</strong></span> <span class='ocrx_word' id='word_1_411' title='bbox 1901 1220 1934 1245; x_wconf 83' lang='lat' dir='ltr'><strong>et</strong></span> <span class='ocrx_word' id='word_1_412' title='bbox 1966 1214 2084 1247; x_wconf 86' lang='lat' dir='ltr'><strong>Esaias</strong></span> <span class='ocrx_word' id='word_1_413' title='bbox 2114 1216 2207 1247; x_wconf 66' lang='lat' dir='ltr'><strong>dicite</strong></span> 
     </span>
     <span class='ocr_line' id='line_1_73' title="bbox 1228 1257 2209 1297; baseline 0 -7"><span class='ocrx_word' id='word_1_414' title='bbox 1228 1260 1385 1297; x_wconf 66' lang='lat' dir='ltr'><strong>Anyustia</strong></span> <span class='ocrx_word' id='word_1_415' title='bbox 1407 1258 1558 1289; x_wconf 76' lang='lat' dir='ltr'><strong>clamoris</strong></span> <span class='ocrx_word' id='word_1_416' title='bbox 1580 1257 1754 1297; x_wconf 70' lang='lat' dir='ltr'><strong>disciplina</strong></span> <span class='ocrx_word' id='word_1_417' title='bbox 1775 1260 1821 1288; x_wconf 75' lang='lat' dir='ltr'><strong>eis</strong></span> <span class='ocrx_word' id='word_1_418' title='bbox 1844 1261 1906 1288; x_wconf 75' lang='lat' dir='ltr'><strong>esc:</strong></span> <span class='ocrx_word' id='word_1_419' title='bbox 1929 1257 1959 1288; x_wconf 86' lang='lat' dir='ltr'><strong>id</strong></span> <span class='ocrx_word' id='word_1_420' title='bbox 1983 1263 2047 1296; x_wconf 87' lang='lat' dir='ltr'><strong>est,</strong></span> <span class='ocrx_word' id='word_1_421' title='bbox 2075 1263 2132 1289; x_wconf 90' lang='lat' dir='ltr'><strong>tua</strong></span> <span class='ocrx_word' id='word_1_422' title='bbox 2155 1268 2209 1290; x_wconf 84' lang='lat' dir='ltr'><strong>ca-</strong></span> 
     </span>
     <span class='ocr_line' id='line_1_74' title="bbox 1229 1298 1822 1344; baseline -0.002 -12"><span class='ocrx_word' id='word_1_423' title='bbox 1229 1302 1362 1344; x_wconf 83' lang='lat' dir='ltr'><strong>stigatio</strong></span> <span class='ocrx_word' id='word_1_424' title='bbox 1386 1299 1477 1338; x_wconf 81' lang='lat' dir='ltr'><strong>facit,</strong></span> <span class='ocrx_word' id='word_1_425' title='bbox 1498 1307 1535 1332; x_wconf 87' lang='lat' dir='ltr'><strong>ut</strong></span> <span class='ocrx_word' id='word_1_426' title='bbox 1553 1298 1693 1331; x_wconf 85' lang='lat' dir='ltr'><strong>clament</strong></span> <span class='ocrx_word' id='word_1_427' title='bbox 1715 1300 1758 1331; x_wconf 89' lang='lat' dir='ltr'><strong>ad</strong></span> <span class='ocrx_word' id='word_1_428' title='bbox 1780 1305 1822 1331; x_wconf 91' lang='lat' dir='ltr'><strong>te.</strong></span> 
     </span>
    </p>

    <p class='ocr_par' dir='ltr' id='par_1_23' title="bbox 1228 1341 2210 1590">
     <span class='ocr_line' id='line_1_75' title="bbox 1307 1341 2208 1384; baseline -0.001 -9"><span class='ocrx_word' id='word_1_429' title='bbox 1307 1344 1403 1375; x_wconf 88' lang='lat' dir='ltr'><strong>Hanc</strong></span> <span class='ocrx_word' id='word_1_430' title='bbox 1416 1353 1571 1375; x_wconf 81' lang='lat' dir='ltr'><strong>caussam</strong></span> <span class='ocrx_word' id='word_1_431' title='bbox 1584 1341 1714 1373; x_wconf 86' lang='lat' dir='ltr'><strong>finalem</strong></span> <span class='ocrx_word' id='word_1_432' title='bbox 1728 1341 1949 1374; x_wconf 80' lang='lat' dir='ltr'><strong>calamitatum</strong></span> <span class='ocrx_word' id='word_1_433' title='bbox 1962 1352 2094 1383; x_wconf 84' lang='lat' dir='ltr'><strong>semper</strong></span> <span class='ocrx_word' id='word_1_434' title='bbox 2111 1353 2208 1384; x_wconf 87' lang='lat' dir='ltr'><strong>opor·</strong></span> 
     </span>
     <span class='ocr_line' id='line_1_76' title="bbox 1229 1384 2208 1426; baseline -0.002 -7"><span class='ocrx_word' id='word_1_435' title='bbox 1229 1392 1275 1418; x_wconf 89' lang='lat' dir='ltr'><strong>tet</strong></span> <span class='ocrx_word' id='word_1_436' title='bbox 1297 1387 1414 1418; x_wconf 85' lang='lat' dir='ltr'><strong>intueri</strong></span> <span class='ocrx_word' id='word_1_437' title='bbox 1437 1386 1470 1416; x_wconf 91' lang='lat' dir='ltr'><strong>in</strong></span> <span class='ocrx_word' id='word_1_438' title='bbox 1494 1384 1740 1423; x_wconf 86' lang='lat' dir='ltr'><strong>afflictionibus,</strong></span> <span class='ocrx_word' id='word_1_439' title='bbox 1765 1385 1861 1416; x_wconf 86' lang='lat' dir='ltr'><strong>etiam</strong></span> <span class='ocrx_word' id='word_1_440' title='bbox 1885 1395 1959 1416; x_wconf 90' lang='lat' dir='ltr'><strong>cum</strong></span> <span class='ocrx_word' id='word_1_441' title='bbox 1982 1384 2080 1426; x_wconf 88' lang='lat' dir='ltr'><strong>culpa</strong></span> <span class='ocrx_word' id='word_1_442' title='bbox 2091 1392 2208 1417; x_wconf 88' lang='lat' dir='ltr'><strong>nostra</strong></span> 
     </span>
     <span class='ocr_line' id='line_1_77' title="bbox 1229 1426 2209 1469; baseline -0.002 -8"><span class='ocrx_word' id='word_1_443' title='bbox 1229 1431 1425 1461; x_wconf 82' lang='lat' dir='ltr'><strong>attraximus</strong></span> <span class='ocrx_word' id='word_1_444' title='bbox 1448 1438 1607 1469; x_wconf 75' lang='lat' dir='ltr'><strong>poenam3</strong></span> <span class='ocrx_word' id='word_1_445' title='bbox 1630 1426 1800 1462; x_wconf 83' lang='lat' dir='ltr'><strong>videlicet,</strong></span> <span class='ocrx_word' id='word_1_446' title='bbox 1822 1433 1858 1459; x_wconf 86' lang='lat' dir='ltr'><strong>ut</strong></span> <span class='ocrx_word' id='word_1_447' title='bbox 1881 1426 2133 1459; x_wconf 84' lang='lat' dir='ltr'><strong>commonefacti</strong></span> <span class='ocrx_word' id='word_1_448' title='bbox 2156 1438 2209 1459; x_wconf 87' lang='lat' dir='ltr'><strong>ca-</strong></span> 
     </span>
     <span class='ocr_line' id='line_1_78' title="bbox 1230 1469 2208 1514; baseline -0.003 -10"><span class='ocrx_word' id='word_1_449' title='bbox 1230 1473 1408 1514; x_wconf 84' lang='lat' dir='ltr'><strong>stigatione</strong></span> <span class='ocrx_word' id='word_1_450' title='bbox 1431 1471 1558 1509; x_wconf 77' lang='lat' dir='ltr'><strong>divina,</strong></span> <span class='ocrx_word' id='word_1_451' title='bbox 1592 1471 1841 1512; x_wconf 86' lang='lat' dir='ltr'><strong>resipiscamus,</strong></span> <span class='ocrx_word' id='word_1_452' title='bbox 1869 1476 2018 1511; x_wconf 90' lang='lat' dir='ltr'><strong>petamus</strong></span> <span class='ocrx_word' id='word_1_453' title='bbox 2041 1469 2208 1508; x_wconf 80' lang='lat' dir='ltr'><strong>auxilium,</strong></span> 
     </span>
     <span class='ocr_line' id='line_1_79' title="bbox 1230 1513 2210 1551; baseline -0.003 -4"><span class='ocrx_word' id='word_1_454' title='bbox 1230 1522 1263 1547; x_wconf 88' lang='lat' dir='ltr'><strong>et</strong></span> <span class='ocrx_word' id='word_1_455' title='bbox 1287 1520 1443 1547; x_wconf 82' lang='lat' dir='ltr'><strong>crescant</strong></span> <span class='ocrx_word' id='word_1_456' title='bbox 1465 1515 1497 1545; x_wconf 92' lang='lat' dir='ltr'><strong>in</strong></span> <span class='ocrx_word' id='word_1_457' title='bbox 1520 1514 1618 1545; x_wconf 89' lang='lat' dir='ltr'><strong>nobis</strong></span> <span class='ocrx_word' id='word_1_458' title='bbox 1641 1514 1738 1545; x_wconf 82' lang='lat' dir='ltr'><strong>timor</strong></span> <span class='ocrx_word' id='word_1_459' title='bbox 1761 1513 1835 1551; x_wconf 89' lang='lat' dir='ltr'><strong>Dei,</strong></span> <span class='ocrx_word' id='word_1_460' title='bbox 1868 1513 1963 1551; x_wconf 81' lang='lat' dir='ltr'><strong>fides,</strong></span> <span class='ocrx_word' id='word_1_461' title='bbox 1999 1519 2032 1545; x_wconf 89' lang='lat' dir='ltr'><strong>et</strong></span> <span class='ocrx_word' id='word_1_462' title='bbox 2056 1519 2210 1545; x_wconf 87' lang='lat' dir='ltr'><strong>caeterae</strong></span> 
     </span>
     <span class='ocr_line' id='line_1_80' title="bbox 1228 1559 1380 1590; baseline -0.007 -1"><span class='ocrx_word' id='word_1_463' title='bbox 1228 1559 1380 1590; x_wconf 71' lang='lat' dir='ltr'><strong>virtutes.</strong></span> 
     </span>
    </p>

    <p class='ocr_par' dir='ltr' id='par_1_24' title="bbox 1227 1597 2212 1938">
     <span class='ocr_line' id='line_1_81' title="bbox 1317 1597 2211 1636; baseline -0.003 -4"><span class='ocrx_word' id='word_1_464' title='bbox 1317 1601 1473 1632; x_wconf 85' lang='lat' dir='ltr'><strong>Sciamus</strong></span> <span class='ocrx_word' id='word_1_465' title='bbox 1496 1600 1594 1630; x_wconf 82' lang='lat' dir='ltr'><strong>etiam</strong></span> <span class='ocrx_word' id='word_1_466' title='bbox 1616 1598 1723 1630; x_wconf 91' lang='lat' dir='ltr'><strong>Deum</strong></span> <span class='ocrx_word' id='word_1_467' title='bbox 1745 1598 1811 1629; x_wconf 81' lang='lat' dir='ltr'><strong>hoc</strong></span> <span class='ocrx_word' id='word_1_468' title='bbox 1834 1597 1931 1636; x_wconf 81' lang='lat' dir='ltr'><strong>velle,</strong></span> <span class='ocrx_word' id='word_1_469' title='bbox 1955 1604 1987 1629; x_wconf 90' lang='lat' dir='ltr'><strong>et</strong></span> <span class='ocrx_word' id='word_1_470' title='bbox 1999 1599 2211 1629; x_wconf 83' lang='lat' dir='ltr'><strong>severissime</strong></span> 
     </span>
     <span class='ocr_line' id='line_1_82' title="bbox 1230 1641 2209 1683; baseline -0.003 -8"><span class='ocrx_word' id='word_1_471' title='bbox 1230 1643 1402 1681; x_wconf 83' lang='lat' dir='ltr'><strong>mandare,</strong></span> <span class='ocrx_word' id='word_1_472' title='bbox 1435 1648 1471 1674; x_wconf 85' lang='lat' dir='ltr'><strong>ut</strong></span> <span class='ocrx_word' id='word_1_473' title='bbox 1499 1642 1531 1672; x_wconf 91' lang='lat' dir='ltr'><strong>in</strong></span> <span class='ocrx_word' id='word_1_474' title='bbox 1554 1642 1670 1683; x_wconf 85' lang='lat' dir='ltr'><strong>poenis</strong></span> <span class='ocrx_word' id='word_1_475' title='bbox 1694 1647 1725 1672; x_wconf 83' lang='lat' dir='ltr'><strong>et</strong></span> <span class='ocrx_word' id='word_1_476' title='bbox 1747 1641 1914 1672; x_wconf 81' lang='lat' dir='ltr'><strong>aerumnis</strong></span> <span class='ocrx_word' id='word_1_477' title='bbox 1937 1641 1980 1672; x_wconf 86' lang='lat' dir='ltr'><strong>ad</strong></span> <span class='ocrx_word' id='word_1_478' title='bbox 2002 1642 2110 1682; x_wconf 82' lang='lat' dir='ltr'><strong>ipsum</strong></span> <span class='ocrx_word' id='word_1_479' title='bbox 2133 1650 2209 1672; x_wconf 90' lang='lat' dir='ltr'><strong>con-</strong></span> 
     </span>
     <span class='ocr_line' id='line_1_83' title="bbox 1230 1684 2212 1727; baseline -0.003 -10"><span class='ocrx_word' id='word_1_480' title='bbox 1230 1685 1410 1727; x_wconf 82' lang='lat' dir='ltr'><strong>fugiamus:</strong></span> <span class='ocrx_word' id='word_1_481' title='bbox 1432 1690 1584 1726; x_wconf 83' lang='lat' dir='ltr'><strong>petamus</strong></span> <span class='ocrx_word' id='word_1_482' title='bbox 1608 1690 1639 1715; x_wconf 91' lang='lat' dir='ltr'><strong>et</strong></span> <span class='ocrx_word' id='word_1_483' title='bbox 1661 1693 1833 1725; x_wconf 89' lang='lat' dir='ltr'><strong>speremus</strong></span> <span class='ocrx_word' id='word_1_484' title='bbox 1852 1684 1893 1714; x_wconf 86' lang='lat' dir='ltr'><strong>ab</strong></span> <span class='ocrx_word' id='word_1_485' title='bbox 1917 1684 1990 1724; x_wconf 85' lang='lat' dir='ltr'><strong>ipso</strong></span> <span class='ocrx_word' id='word_1_486' title='bbox 2013 1693 2126 1724; x_wconf 91' lang='lat' dir='ltr'><strong>opem,</strong></span> <span class='ocrx_word' id='word_1_487' title='bbox 2149 1684 2212 1714; x_wconf 88' lang='lat' dir='ltr'><strong>sic-</strong></span> 
     </span>
     <span class='ocr_line' id='line_1_84' title="bbox 1230 1726 2211 1768; baseline -0.003 -8"><span class='ocrx_word' id='word_1_488' title='bbox 1230 1734 1267 1760; x_wconf 83' lang='lat' dir='ltr'><strong>ut</strong></span> <span class='ocrx_word' id='word_1_489' title='bbox 1288 1729 1321 1759; x_wconf 89' lang='lat' dir='ltr'><strong>in</strong></span> <span class='ocrx_word' id='word_1_490' title='bbox 1344 1726 1477 1760; x_wconf 89' lang='lat' dir='ltr'><strong>Psalmo</strong></span> <span class='ocrx_word' id='word_1_491' title='bbox 1500 1727 1713 1768; x_wconf 79' lang='lat' dir='ltr'><strong>praecipitur:</strong></span> <span class='ocrx_word' id='word_1_492' title='bbox 1736 1729 1851 1758; x_wconf 75' lang='lat' dir='ltr'><strong>Incoca</strong></span> <span class='ocrx_word' id='word_1_493' title='bbox 1872 1736 1920 1757; x_wconf 82' lang='lat' dir='ltr'><strong>me</strong></span> <span class='ocrx_word' id='word_1_494' title='bbox 1943 1729 1978 1757; x_wconf 78' lang='lat' dir='ltr'><strong>in</strong></span> <span class='ocrx_word' id='word_1_495' title='bbox 1998 1728 2051 1757; x_wconf 78' lang='lat' dir='ltr'><strong>(lie</strong></span> <span class='ocrx_word' id='word_1_496' title='bbox 2080 1726 2211 1758; x_wconf 79' lang='lat' dir='ltr'><strong>tribula-</strong></span> 
     </span>
     <span class='ocr_line' id='line_1_85' title="bbox 1231 1769 2211 1811; baseline -0.003 -8"><span class='ocrx_word' id='word_1_497' title='bbox 1231 1772 1339 1809; x_wconf 68' lang='lat' dir='ltr'><strong>tionis,</strong></span> <span class='ocrx_word' id='word_1_498' title='bbox 1353 1776 1388 1803; x_wconf 82' lang='lat' dir='ltr'><strong>et</strong></span> <span class='ocrx_word' id='word_1_499' title='bbox 1406 1774 1544 1811; x_wconf 75' lang='lat' dir='ltr'><strong>eripiam</strong></span> <span class='ocrx_word' id='word_1_500' title='bbox 1567 1775 1607 1801; x_wconf 82' lang='lat' dir='ltr'><strong>te.</strong></span> <span class='ocrx_word' id='word_1_501' title='bbox 1670 1769 1767 1807; x_wconf 80' lang='lat' dir='ltr'><strong>Item,</strong></span> <span class='ocrx_word' id='word_1_502' title='bbox 1804 1770 1872 1800; x_wconf 67' lang='grc' dir='ltr'><strong>ΠΝ)</strong></span> <span class='ocrx_word' id='word_1_503' title='bbox 1894 1778 1963 1809; x_wconf 67' lang='lat' dir='ltr'><strong>eqo,</strong></span> <span class='ocrx_word' id='word_1_504' title='bbox 1986 1770 2057 1800; x_wconf 82' lang='lat' dir='ltr'><strong>nolo</strong></span> <span class='ocrx_word' id='word_1_505' title='bbox 2079 1773 2211 1801; x_wconf 82' lang='lat' dir='ltr'><strong>mortem</strong></span> 
     </span>
     <span class='ocr_line' id='line_1_86' title="bbox 1227 1811 2209 1855; baseline -0.004 -9"><span class='ocrx_word' id='word_1_506' title='bbox 1227 1817 1417 1855; x_wconf 77' lang='lat' dir='ltr'><strong>peccatoris,</strong></span> <span class='ocrx_word' id='word_1_507' title='bbox 1438 1815 1499 1845; x_wconf 77' lang='lat' dir='ltr'><strong>sed</strong></span> <span class='ocrx_word' id='word_1_508' title='bbox 1519 1818 1554 1844; x_wconf 81' lang='lat' dir='ltr'><strong>ul</strong></span> <span class='ocrx_word' id='word_1_509' title='bbox 1575 1817 1787 1843; x_wconf 76' lang='lat' dir='ltr'><strong>convertatur</strong></span> <span class='ocrx_word' id='word_1_510' title='bbox 1809 1817 1842 1842; x_wconf 90' lang='lat' dir='ltr'><strong>et</strong></span> <span class='ocrx_word' id='word_1_511' title='bbox 1865 1811 1963 1842; x_wconf 76' lang='lat' dir='ltr'><strong>vivat.</strong></span> <span class='ocrx_word' id='word_1_512' title='bbox 2008 1811 2107 1848; x_wconf 81' lang='lat' dir='ltr'><strong>Item,</strong></span> <span class='ocrx_word' id='word_1_513' title='bbox 2133 1813 2209 1843; x_wconf 86' lang='lat' dir='ltr'><strong>Gra-</strong></span> 
     </span>
     <span class='ocr_line' id='line_1_87' title="bbox 1231 1853 2210 1896; baseline -0.004 -7"><span class='ocrx_word' id='word_1_514' title='bbox 1231 1860 1277 1889; x_wconf 68' lang='lat' dir='ltr'><strong>tia</strong></span> <span class='ocrx_word' id='word_1_515' title='bbox 1300 1858 1457 1888; x_wconf 62' lang='lat' dir='ltr'><strong>exuberat</strong></span> <span class='ocrx_word' id='word_1_516' title='bbox 1479 1865 1581 1896; x_wconf 74' lang='lat' dir='ltr'><strong>supra</strong></span> <span class='ocrx_word' id='word_1_517' title='bbox 1602 1856 1729 1886; x_wconf 70' lang='lat' dir='ltr'><strong>delicta.</strong></span> <span class='ocrx_word' id='word_1_518' title='bbox 1774 1853 1854 1885; x_wconf 84' lang='lat' dir='ltr'><strong>Item</strong></span> <span class='ocrx_word' id='word_1_519' title='bbox 1876 1853 1933 1884; x_wconf 92' lang='lat' dir='ltr'><strong>lob</strong></span> <span class='ocrx_word' id='word_1_520' title='bbox 1957 1853 2075 1894; x_wconf 88' lang='lat' dir='ltr'><strong>inquit:</strong></span> <span class='ocrx_word' id='word_1_521' title='bbox 2105 1855 2210 1885; x_wconf 77' lang='lat' dir='ltr'><strong>Etiam</strong></span> 
     </span>
     <span class='ocr_line' id='line_1_88' title="bbox 1231 1898 1968 1938; baseline -0.007 -6"><span class='ocrx_word' id='word_1_522' title='bbox 1231 1900 1263 1932; x_wconf 77' lang='lat' dir='ltr'><strong>si</strong></span> <span class='ocrx_word' id='word_1_523' title='bbox 1282 1901 1435 1933; x_wconf 70' lang='lat' dir='ltr'><strong>occiderit</strong></span> <span class='ocrx_word' id='word_1_524' title='bbox 1456 1908 1517 1937; x_wconf 81' lang='lat' dir='ltr'><strong>me,</strong></span> <span class='ocrx_word' id='word_1_525' title='bbox 1540 1901 1648 1929; x_wconf 82' lang='lat' dir='ltr'><strong>tamen</strong></span> <span class='ocrx_word' id='word_1_526' title='bbox 1670 1898 1808 1938; x_wconf 79' lang='lat' dir='ltr'><strong>sperabo</strong></span> <span class='ocrx_word' id='word_1_527' title='bbox 1831 1900 1866 1928; x_wconf 80' lang='lat' dir='ltr'><strong>in</strong></span> <span class='ocrx_word' id='word_1_528' title='bbox 1888 1905 1968 1928; x_wconf 79' lang='lat' dir='ltr'><strong>eum.</strong></span> 
     </span>
    </p>

    <p class='ocr_par' dir='ltr' id='par_1_25' title="bbox 1230 1937 2210 2065">
     <span class='ocr_line' id='line_1_89' title="bbox 1318 1937 2210 1973; baseline -0.004 0"><span class='ocrx_word' id='word_1_529' title='bbox 1318 1941 1416 1973; x_wconf 87' lang='lat' dir='ltr'><strong>Hanc</strong></span> <span class='ocrx_word' id='word_1_530' title='bbox 1438 1942 1606 1972; x_wconf 85' lang='lat' dir='ltr'><strong>discamus</strong></span> <span class='ocrx_word' id='word_1_531' title='bbox 1631 1949 1706 1971; x_wconf 87' lang='lat' dir='ltr'><strong>esse</strong></span> <span class='ocrx_word' id='word_1_532' title='bbox 1729 1938 1931 1970; x_wconf 84' lang='lat' dir='ltr'><strong>voluntatem</strong></span> <span class='ocrx_word' id='word_1_533' title='bbox 1953 1937 2017 1969; x_wconf 88' lang='lat' dir='ltr'><strong>Dei</strong></span> <span class='ocrx_word' id='word_1_534' title='bbox 2040 1943 2210 1970; x_wconf 85' lang='lat' dir='ltr'><strong>aeternam</strong></span> 
     </span>
     <span class='ocr_line' id='line_1_90' title="bbox 1231 1982 2210 2023; baseline -0.006 -6"><span class='ocrx_word' id='word_1_535' title='bbox 1231 1991 1264 2017; x_wconf 82' lang='lat' dir='ltr'><strong>et</strong></span> <span class='ocrx_word' id='word_1_536' title='bbox 1286 1985 1464 2023; x_wconf 87' lang='lat' dir='ltr'><strong>immotam,</strong></span> <span class='ocrx_word' id='word_1_537' title='bbox 1485 1989 1523 2016; x_wconf 88' lang='lat' dir='ltr'><strong>ut</strong></span> <span class='ocrx_word' id='word_1_538' title='bbox 1541 1992 1672 2023; x_wconf 84' lang='lat' dir='ltr'><strong>semper</strong></span> <span class='ocrx_word' id='word_1_539' title='bbox 1694 1982 1737 2013; x_wconf 87' lang='lat' dir='ltr'><strong>ad</strong></span> <span class='ocrx_word' id='word_1_540' title='bbox 1760 1991 1834 2013; x_wconf 89' lang='lat' dir='ltr'><strong>eum</strong></span> <span class='ocrx_word' id='word_1_541' title='bbox 1857 1987 2103 2020; x_wconf 84' lang='lat' dir='ltr'><strong>convertamur,</strong></span> <span class='ocrx_word' id='word_1_542' title='bbox 2138 1982 2210 2013; x_wconf 88' lang='lat' dir='ltr'><strong>sive</strong></span> 
     </span>
     <span class='ocr_line' id='line_1_91' title="bbox 1230 2024 1911 2065; baseline -0.009 -5"><span class='ocrx_word' id='word_1_543' title='bbox 1230 2029 1264 2060; x_wconf 90' lang='lat' dir='ltr'><strong>in</strong></span> <span class='ocrx_word' id='word_1_544' title='bbox 1287 2028 1443 2060; x_wconf 84' lang='lat' dir='ltr'><strong>secundis</strong></span> <span class='ocrx_word' id='word_1_545' title='bbox 1466 2027 1580 2065; x_wconf 85' lang='lat' dir='ltr'><strong>rebus,</strong></span> <span class='ocrx_word' id='word_1_546' title='bbox 1601 2027 1672 2057; x_wconf 81' lang='lat' dir='ltr'><strong>sive</strong></span> <span class='ocrx_word' id='word_1_547' title='bbox 1694 2025 1727 2056; x_wconf 86' lang='lat' dir='ltr'><strong>in</strong></span> <span class='ocrx_word' id='word_1_548' title='bbox 1749 2024 1911 2056; x_wconf 86' lang='lat' dir='ltr'><strong>adversis.</strong></span> 
     </span>
    </p>

    <p class='ocr_par' dir='ltr' id='par_1_26' title="bbox 1231 2066 2210 2361">
     <span class='ocr_line' id='line_1_92' title="bbox 1318 2066 2210 2103; baseline -0.007 0"><span class='ocrx_word' id='word_1_549' title='bbox 1318 2071 1469 2103; x_wconf 85' lang='lat' dir='ltr'><strong>Sciamus</strong></span> <span class='ocrx_word' id='word_1_550' title='bbox 1501 2070 1578 2101; x_wconf 89' lang='lat' dir='ltr'><strong>item</strong></span> <span class='ocrx_word' id='word_1_551' title='bbox 1610 2068 1799 2100; x_wconf 85' lang='lat' dir='ltr'><strong>mandatum</strong></span> <span class='ocrx_word' id='word_1_552' title='bbox 1827 2066 1892 2098; x_wconf 91' lang='lat' dir='ltr'><strong>Dei</strong></span> <span class='ocrx_word' id='word_1_553' title='bbox 1914 2066 2083 2098; x_wconf 88' lang='lat' dir='ltr'><strong>immotum</strong></span> <span class='ocrx_word' id='word_1_554' title='bbox 2102 2072 2135 2097; x_wconf 90' lang='lat' dir='ltr'><strong>et</strong></span> <span class='ocrx_word' id='word_1_555' title='bbox 2156 2076 2210 2098; x_wconf 88' lang='lat' dir='ltr'><strong>ae-</strong></span> 
     </span>
     <span class='ocr_line' id='line_1_93' title="bbox 1232 2108 2210 2150; baseline -0.004 -4"><span class='ocrx_word' id='word_1_556' title='bbox 1232 2119 1362 2146; x_wconf 84' lang='lat' dir='ltr'><strong>ternum</strong></span> <span class='ocrx_word' id='word_1_557' title='bbox 1384 2122 1474 2150; x_wconf 88' lang='lat' dir='ltr'><strong>esse,</strong></span> <span class='ocrx_word' id='word_1_558' title='bbox 1495 2117 1532 2144; x_wconf 93' lang='lat' dir='ltr'><strong>ut</strong></span> <span class='ocrx_word' id='word_1_559' title='bbox 1555 2112 1728 2143; x_wconf 88' lang='lat' dir='ltr'><strong>credamus</strong></span> <span class='ocrx_word' id='word_1_560' title='bbox 1751 2110 1784 2141; x_wconf 90' lang='lat' dir='ltr'><strong>in</strong></span> <span class='ocrx_word' id='word_1_561' title='bbox 1807 2108 1934 2148; x_wconf 82' lang='lat' dir='ltr'><strong>Filium,</strong></span> <span class='ocrx_word' id='word_1_562' title='bbox 1959 2110 2044 2141; x_wconf 87' lang='lat' dir='ltr'><strong>sieut</strong></span> <span class='ocrx_word' id='word_1_563' title='bbox 2055 2108 2210 2142; x_wconf 86' lang='lat' dir='ltr'><strong>Psalmus</strong></span> 
     </span>
     <span class='ocr_line' id='line_1_94' title="bbox 1232 2152 2210 2199; baseline -0.005 -10"><span class='ocrx_word' id='word_1_564' title='bbox 1232 2157 1352 2199; x_wconf 87' lang='lat' dir='ltr'><strong>inquit:</strong></span> <span class='ocrx_word' id='word_1_565' title='bbox 1387 2157 1581 2189; x_wconf 77' lang='lat' dir='ltr'><strong>Osculamz&#39;m&#39;</strong></span> <span class='ocrx_word' id='word_1_566' title='bbox 1613 2155 1739 2186; x_wconf 73' lang='lat' dir='ltr'><strong>Filium.</strong></span> <span class='ocrx_word' id='word_1_567' title='bbox 1785 2152 2042 2184; x_wconf 86' lang='lat' dir='ltr'><strong>Promissionem</strong></span> <span class='ocrx_word' id='word_1_568' title='bbox 2076 2162 2210 2194; x_wconf 82' lang='lat' dir='ltr'><strong>quoque</strong></span> 
     </span>
     <span class='ocr_line' id='line_1_95' title="bbox 1233 2194 2210 2243; baseline -0.007 -11"><span class='ocrx_word' id='word_1_569' title='bbox 1233 2200 1359 2243; x_wconf 88' lang='lat' dir='ltr'><strong>gratiae</strong></span> <span class='ocrx_word' id='word_1_570' title='bbox 1381 2199 1526 2230; x_wconf 85' lang='lat' dir='ltr'><strong>sciamus</strong></span> <span class='ocrx_word' id='word_1_571' title='bbox 1549 2206 1709 2239; x_wconf 86' lang='lat' dir='ltr'><strong>superare</strong></span> <span class='ocrx_word' id='word_1_572' title='bbox 1721 2205 1835 2228; x_wconf 91' lang='lat' dir='ltr'><strong>omnes</strong></span> <span class='ocrx_word' id='word_1_573' title='bbox 1858 2194 1940 2226; x_wconf 86' lang='lat' dir='ltr'><strong>alias</strong></span> <span class='ocrx_word' id='word_1_574' title='bbox 1958 2195 2210 2236; x_wconf 77' lang='lat' dir='ltr'><strong>promissiones,</strong></span> 
     </span>
     <span class='ocr_line' id='line_1_96' title="bbox 1232 2238 2210 2284; baseline -0.006 -9"><span class='ocrx_word' id='word_1_575' title='bbox 1232 2252 1372 2284; x_wconf 87' lang='lat' dir='ltr'><strong>eamque</strong></span> <span class='ocrx_word' id='word_1_576' title='bbox 1393 2246 1572 2284; x_wconf 87' lang='lat' dir='ltr'><strong>propterea</strong></span> <span class='ocrx_word' id='word_1_577' title='bbox 1594 2240 1658 2271; x_wconf 86' lang='lat' dir='ltr'><strong>dici</strong></span> <span class='ocrx_word' id='word_1_578' title='bbox 1680 2243 1899 2271; x_wconf 80' lang='lat' dir='ltr'><strong>testamentum</strong></span> <span class='ocrx_word' id='word_1_579' title='bbox 1921 2243 2104 2276; x_wconf 60' lang='lat' dir='ltr'><strong>aeternum</strong></span> <span class='ocrx_word' id='word_1_580' title='bbox 2133 2238 2210 2279; x_wconf 87' lang='lat' dir='ltr'><strong>quia</strong></span> 
     </span>
     <span class='ocr_line' id='line_1_97' title="bbox 1231 2282 2208 2325; baseline -0.007 -7"><span class='ocrx_word' id='word_1_581' title='bbox 1231 2287 1380 2323; x_wconf 88' lang='lat' dir='ltr'><strong>immota,</strong></span> <span class='ocrx_word' id='word_1_582' title='bbox 1403 2289 1437 2316; x_wconf 88' lang='lat' dir='ltr'><strong>et</strong></span> <span class='ocrx_word' id='word_1_583' title='bbox 1458 2292 1658 2325; x_wconf 87' lang='lat' dir='ltr'><strong>quocunque</strong></span> <span class='ocrx_word' id='word_1_584' title='bbox 1681 2287 1830 2322; x_wconf 88' lang='lat' dir='ltr'><strong>tempore</strong></span> <span class='ocrx_word' id='word_1_585' title='bbox 1852 2282 1949 2313; x_wconf 87' lang='lat' dir='ltr'><strong>nobis</strong></span> <span class='ocrx_word' id='word_1_586' title='bbox 1971 2286 2045 2312; x_wconf 80' lang='lat' dir='ltr'><strong>rata</strong></span> <span class='ocrx_word' id='word_1_587' title='bbox 2055 2286 2119 2319; x_wconf 88' lang='lat' dir='ltr'><strong>est,</strong></span> <span class='ocrx_word' id='word_1_588' title='bbox 2140 2289 2208 2312; x_wconf 88' lang='lat' dir='ltr'><strong>mo-</strong></span> 
     </span>
     <span class='ocr_line' id='line_1_98' title="bbox 1232 2325 1737 2361; baseline -0.012 0"><span class='ocrx_word' id='word_1_589' title='bbox 1232 2329 1276 2361; x_wconf 90' lang='lat' dir='ltr'><strong>do</strong></span> <span class='ocrx_word' id='word_1_590' title='bbox 1299 2332 1531 2360; x_wconf 74' lang='lat' dir='ltr'><strong>convertamur</strong></span> <span class='ocrx_word' id='word_1_591' title='bbox 1554 2326 1596 2357; x_wconf 87' lang='lat' dir='ltr'><strong>ad</strong></span> <span class='ocrx_word' id='word_1_592' title='bbox 1617 2325 1737 2357; x_wconf 89' lang='lat' dir='ltr'><strong>Deum.</strong></span> 
     </span>
    </p>

    <p class='ocr_par' dir='ltr' id='par_1_27' title="bbox 1229 2365 2208 2670">
     <span class='ocr_line' id='line_1_99' title="bbox 1318 2365 2208 2410; baseline -0.007 -8"><span class='ocrx_word' id='word_1_593' title='bbox 1318 2370 1414 2402; x_wconf 87' lang='lat' dir='ltr'><strong>Hanc</strong></span> <span class='ocrx_word' id='word_1_594' title='bbox 1447 2368 1631 2402; x_wconf 87' lang='lat' dir='ltr'><strong>doctrinam</strong></span> <span class='ocrx_word' id='word_1_595' title='bbox 1664 2373 1796 2410; x_wconf 86' lang='lat' dir='ltr'><strong>oportet</strong></span> <span class='ocrx_word' id='word_1_596' title='bbox 1823 2366 1957 2398; x_wconf 82' lang='lat' dir='ltr'><strong>infixam</strong></span> <span class='ocrx_word' id='word_1_597' title='bbox 1979 2375 2056 2397; x_wconf 86' lang='lat' dir='ltr'><strong>esse</strong></span> <span class='ocrx_word' id='word_1_598' title='bbox 2078 2365 2208 2401; x_wconf 88' lang='lat' dir='ltr'><strong>animis;</strong></span> 
     </span>
     <span class='ocr_line' id='line_1_100' title="bbox 1232 2409 2208 2457; baseline -0.007 -11"><span class='ocrx_word' id='word_1_599' title='bbox 1232 2414 1310 2457; x_wconf 83' lang='lat' dir='ltr'><strong>quia</strong></span> <span class='ocrx_word' id='word_1_600' title='bbox 1331 2423 1429 2446; x_wconf 89' lang='lat' dir='ltr'><strong>nemo</strong></span> <span class='ocrx_word' id='word_1_601' title='bbox 1450 2416 1603 2444; x_wconf 85' lang='lat' dir='ltr'><strong>nostrum</strong></span> <span class='ocrx_word' id='word_1_602' title='bbox 1626 2416 1689 2449; x_wconf 84' lang='lat' dir='ltr'><strong>est,</strong></span> <span class='ocrx_word' id='word_1_603' title='bbox 1723 2411 1773 2442; x_wconf 87' lang='lat' dir='ltr'><strong>cui</strong></span> <span class='ocrx_word' id='word_1_604' title='bbox 1807 2420 1874 2441; x_wconf 88' lang='lat' dir='ltr'><strong>non</strong></span> <span class='ocrx_word' id='word_1_605' title='bbox 1901 2409 1987 2441; x_wconf 84' lang='lat' dir='ltr'><strong>haec</strong></span> <span class='ocrx_word' id='word_1_606' title='bbox 2015 2409 2153 2440; x_wconf 89' lang='lat' dir='ltr'><strong>tentatio</strong></span> <span class='ocrx_word' id='word_1_607' title='bbox 2174 2409 2208 2440; x_wconf 88' lang='lat' dir='ltr'><strong>in</strong></span> 
     </span>
     <span class='ocr_line' id='line_1_101' title="bbox 1231 2452 2208 2493; baseline -0.007 -4"><span class='ocrx_word' id='word_1_608' title='bbox 1231 2461 1374 2489; x_wconf 89' lang='lat' dir='ltr'><strong>mentem</strong></span> <span class='ocrx_word' id='word_1_609' title='bbox 1406 2455 1528 2493; x_wconf 85' lang='lat' dir='ltr'><strong>veniat,</strong></span> <span class='ocrx_word' id='word_1_610' title='bbox 1560 2464 1636 2487; x_wconf 89' lang='lat' dir='ltr'><strong>cum</strong></span> <span class='ocrx_word' id='word_1_611' title='bbox 1653 2454 1829 2485; x_wconf 90' lang='lat' dir='ltr'><strong>haeremus</strong></span> <span class='ocrx_word' id='word_1_612' title='bbox 1852 2454 1885 2484; x_wconf 89' lang='lat' dir='ltr'><strong>in</strong></span> <span class='ocrx_word' id='word_1_613' title='bbox 1913 2452 2153 2484; x_wconf 81' lang='lat' dir='ltr'><strong>calamitatibus</strong></span> <span class='ocrx_word' id='word_1_614' title='bbox 2176 2457 2208 2483; x_wconf 84' lang='lat' dir='ltr'><strong>et</strong></span> 
     </span>
     <span class='ocr_line' id='line_1_102' title="bbox 1230 2495 2207 2541; baseline -0.004 -9"><span class='ocrx_word' id='word_1_615' title='bbox 1230 2499 1366 2541; x_wconf 77' lang='lat' dir='ltr'><strong>poenis=</strong></span> <span class='ocrx_word' id='word_1_616' title='bbox 1387 2497 1438 2531; x_wconf 85' lang='lat' dir='ltr'><strong>Tu</strong></span> <span class='ocrx_word' id='word_1_617' title='bbox 1458 2498 1545 2530; x_wconf 82' lang='lat' dir='ltr'><strong>iuste</strong></span> <span class='ocrx_word' id='word_1_618' title='bbox 1565 2497 1701 2538; x_wconf 77' lang='lat' dir='ltr'><strong>pateriS,</strong></span> <span class='ocrx_word' id='word_1_619' title='bbox 1724 2495 1889 2527; x_wconf 80' lang='lat' dir='ltr'><strong>offendisti</strong></span> <span class='ocrx_word' id='word_1_620' title='bbox 1918 2495 2027 2526; x_wconf 88' lang='lat' dir='ltr'><strong>Deum</strong></span> <span class='ocrx_word' id='word_1_621' title='bbox 2050 2495 2207 2536; x_wconf 77' lang='lat' dir='ltr'><strong>graviter,</strong></span> 
     </span>
     <span class='ocr_line' id='line_1_103' title="bbox 1231 2537 2207 2584; baseline -0.006 -10"><span class='ocrx_word' id='word_1_622' title='bbox 1231 2552 1299 2575; x_wconf 89' lang='lat' dir='ltr'><strong>non</strong></span> <span class='ocrx_word' id='word_1_623' title='bbox 1327 2546 1419 2584; x_wconf 84' lang='lat' dir='ltr'><strong>patet</strong></span> <span class='ocrx_word' id='word_1_624' title='bbox 1451 2540 1510 2572; x_wconf 87' lang='lat' dir='ltr'><strong>tibi</strong></span> <span class='ocrx_word' id='word_1_625' title='bbox 1541 2540 1586 2572; x_wconf 86' lang='lat' dir='ltr'><strong>ad</strong></span> <span class='ocrx_word' id='word_1_626' title='bbox 1608 2550 1683 2572; x_wconf 88' lang='lat' dir='ltr'><strong>eum</strong></span> <span class='ocrx_word' id='word_1_627' title='bbox 1704 2539 1842 2577; x_wconf 81' lang='lat' dir='ltr'><strong>reditus,</strong></span> <span class='ocrx_word' id='word_1_628' title='bbox 1876 2538 1963 2569; x_wconf 83' lang='lat' dir='ltr'><strong>sicut</strong></span> <span class='ocrx_word' id='word_1_629' title='bbox 1985 2537 2064 2569; x_wconf 80' lang='lat' dir='ltr'><strong>Cain</strong></span> <span class='ocrx_word' id='word_1_630' title='bbox 2087 2537 2207 2579; x_wconf 86' lang='lat' dir='ltr'><strong>inquit:</strong></span> 
     </span>
     <span class='ocr_line' id='line_1_104' title="bbox 1229 2579 2206 2625; baseline -0.007 -7"><span class='ocrx_word' id='word_1_631' title='bbox 1229 2586 1335 2619; x_wconf 70' lang='lat' dir='ltr'><strong>Maior</strong></span> <span class='ocrx_word' id='word_1_632' title='bbox 1356 2589 1408 2617; x_wconf 75' lang='lat' dir='ltr'><strong>est</strong></span> <span class='ocrx_word' id='word_1_633' title='bbox 1426 2586 1580 2625; x_wconf 73' lang='lat' dir='ltr'><strong>iniquitas</strong></span> <span class='ocrx_word' id='word_1_634' title='bbox 1600 2592 1682 2622; x_wconf 81' lang='lat' dir='ltr'><strong>mea,</strong></span> <span class='ocrx_word' id='word_1_635' title='bbox 1704 2591 1798 2623; x_wconf 79' lang='lat' dir='ltr'><strong>quam</strong></span> <span class='ocrx_word' id='word_1_636' title='bbox 1820 2585 1858 2613; x_wconf 79' lang='lat' dir='ltr'><strong>uc</strong></span> <span class='ocrx_word' id='word_1_637' title='bbox 1882 2584 2073 2613; x_wconf 82' lang='lat' dir='ltr'><strong>remittatur.</strong></span> <span class='ocrx_word' id='word_1_638' title='bbox 2138 2579 2206 2612; x_wconf 86' lang='lat' dir='ltr'><strong>Sed</strong></span> 
     </span>
     <span class='ocr_line' id='line_1_105' title="bbox 1229 2622 2206 2670; baseline -0.007 -9"><span class='ocrx_word' id='word_1_639' title='bbox 1229 2628 1268 2661; x_wconf 73' lang='lat' dir='ltr'><strong>fit</strong></span> <span class='ocrx_word' id='word_1_640' title='bbox 1289 2626 1506 2670; x_wconf 82' lang='lat' dir='ltr'><strong>blasphemus</strong></span> <span class='ocrx_word' id='word_1_641' title='bbox 1538 2636 1580 2659; x_wconf 89' lang='lat' dir='ltr'><strong>eo</strong></span> <span class='ocrx_word' id='word_1_642' title='bbox 1612 2626 1700 2668; x_wconf 86' lang='lat' dir='ltr'><strong>ipso,</strong></span> <span class='ocrx_word' id='word_1_643' title='bbox 1734 2624 1811 2666; x_wconf 87' lang='lat' dir='ltr'><strong>quia</strong></span> <span class='ocrx_word' id='word_1_644' title='bbox 1831 2629 1933 2666; x_wconf 84' lang='lat' dir='ltr'><strong>negat</strong></span> <span class='ocrx_word' id='word_1_645' title='bbox 1953 2622 2206 2664; x_wconf 83' lang='lat' dir='ltr'><strong>promissionem</strong></span> 
     </span>
    </p>
   </div>
  </div>
 </body>
</html>
