2343 2970
105 168 169 200 225

192 262 264 294 Hoc
287 267 482 303 argumento
501 262 582 291 satis
602 262 746 292 munitae
763 267 840 290 511111
859 261 1083 292 conscientiae

107 311 252 336 nostrae.
299 304 363 343 llli,
391 305 446 346 qui
470 310 589 335 norunt.
620 304 803 335 doctrinam
827 302 1019 344 Evangelii,
1051 310 1083 335 et

106 349 263 380 adiuvant
295 348 411 379 hostes
446 353 677 389 oppugnantes
712 345 930 387 Evangelium
966 352 1109 377 contra¹

107 391 365 428 conscientiam,
395 390 415 420 ii
444 390 567 421 habent
590 395 762 431 peccatum
787 395 902 419 contra
925 388 1082 429 Spiritum

108 439 279 470 sanctum,
302 434 343 464 ‹le
367 444 431 474 quo
456 434 588 464 dicitur:
628 433 691 466 Qui
719 432 838 461 dixerit
867 431 1084 470 blasphemiam

108 480 217 506 contra
239 477 391 515 Spiritmn
414 480 565 510 sanctum,
590 486 651 505 mm
673 477 843 504 renn'tJetur
867 476 903 503 ei.
951 474 985 504 ln
1007 485 1083 505 con-

107 525 207 551 vent-,1
230 519 472 550 Wormaciensi
497 519 674 550 obiiciebat
696 518 792 549 nobis
812 517 934 548 Eceius
959 518 1084 548 disces-

106 563 234 594 sionem
256 573 277 593 a
301 569 398 594 coetu
422 562 600 603 pontificio.
652 561 724 604 Ego
752 561 909 601 respondi
932 559 1083 602 allegatis

107 604 265 647 exemplis
294 605 451 637 1818101118
481 612 511 636 81
539 605 696 642 aliorum,
721 604 775 645 qui
804 604 1042 634 discessissent
1065 614 1084 634 a

107 654 274 689 potestate
298 648 472 680 ordinaria.
519 647 578 679 llle
601 648 695 678 dixit:
718 645 878 688 Exempla
900 645 956 677 illa
980 644 1085 678 fuisse

108 689 279 733 singulare
302 690 434 732 aliquid.
481 690 553 733 Ego
583 696 709 721 contra:
744 689 815 720 Nos
840 689 1001 720 habemus
1028 699 1084 731 ge-

109 733 223 765 nerale
245 735 450 773 mandatum,
474 734 561 776 quod
586 739 636 764 est
660 731 760 764 multo
785 733 962 774 00180ῐί05,
987 743 1084 774 quam

120 776 261 818 pecialis
302 778 444 809 vocatio.
508 778 647 818 Oportet
684 782 791 807 autent
829 774 970 818 singulis
1007 782 1084 806 nota

111 829 188 851 esse
210 820 375 851 crassiora
398 819 455 852 illa
479 826 510 851 et
533 819 757 850 manifestiora
779 817 880 857 idola,
896 824 928 850 et
952 828 1084 850 errores

110 862 335 904 Papistarum,
370 873 411 893 ne
440 864 610 894 videamur
638 862 678 892 de
698 863 798 893 rebus
821 862 933 903 parvis
958 862 1084 893 dissen-

111 906 173 937 tire
202 906 243 937 ab
274 905 329 936 eis.
388 905 454 936 Sed
489 911 521 936 et.
554 905 636 946 ipsi,
671 905 803 946 quando
837 915 899 936 nos
935 911 1084 936 taxamus

109 958 221 980 eorum
244 949 459 988 impietatem,
483 958 544 979 nos
568 949 865 980 excommunicant.
916 947 993 979 Ideo
1017 958 1083 978 non

108 997 173 1022 tam
195 1000 257 1021 nos
282 992 408 1031 priores
433 992 682 1033 segregavimus
708 1001 769 1022 nos
792 992 834 1022 ab
858 991 956 1032 ipsis,
987 1000 1083 1032 quam

107 1031 153 1064 illi
182 1043 243 1064 nos
271 1031 572 1066 ultro'eiecerunt:
608 1034 694 1064 sicut
725 1040 757 1065 et
786 1044 874 1066 nunc
898 1044 1029 1075 quoque
1053 1034 1084 1064 vi

108 1081 139 1107 et
162 1077 261 1107 armis
286 1086 347 1107 nos
367 1083 622 1118 persequuntur.

195 1118 338 1154 Quando
373 1126 481 1151 autem
516 1130 581 1151 non
611 1126 687 1151 sunt
716 1120 967 1151 controversiae
990 1119 1087 1161 perti-

106 1168 224 1193 nentes
249 1163 290 1193 ad
316 1160 584 1201 fundamentum,
614 1173 679 1193 non
706 1169 783 1194 sunt
811 1161 984 1194 faciendae
1008 1161 1087 1194 ‹lila-

106 1206 309 1237 cerationes:
340 1207 415 1246 quia
446 1207 542 1237 etiam
573 1206 604 1237 in
628 1204 789 1237 Ecclesiis
813 1213 905 1237 recte
929 1207 1086 1237 constitu-

107 1248 165 1286 tis,
195 1255 334 1289 possunt
363 1258 441 1279 8558
471 1248 676 1280 infirmitates
711 1249 916 1285 docentium,
951 1254 1087 1290 propter

129 1300 189 1325 uas
213 1301 279 1322 non
303 1297 355 1322 est
376 1291 530 1322 facienda
553 1293 755 1333 segregatio.
802 1292 885 1323 Nam
909 1293 941 1323 in
965 1291 1086 1323 talibus

125 1343 221 1365 ocum
245 1332 344 1365 habet
366 1333 445 1365 illud
469 1335 607 1366 Christi:
637 1335 757 1365 Lavate
785 1335 864 1364 alter
888 1335 1015 1364 alterius
1035 1345 1088 1374 pe-

106 1376 178 1411 des;
201 1377 233 1407 id
257 1382 326 1415 est,
352 1378 538 1409 condonate
562 1377 649 1409 alter
671 1377 767 1409 alteri
791 1378 1029 1416 infirmitatem,
1054 1384 1086 1409 et

106 1425 241 1458 sanate,
265 1430 482 1462 quaecunque
506 1427 581 1452 sunt
606 1419 780 1452 sanabilia.

165 1602 227 1642 De
259 1603 390 1643 iudice
429 1604 603 1658 partium
642 1604 939 1655 dissidentium⁷
980 1611 1022 1644 et

438 1694 578 1720 norma
610 1681 754 1721 iudicii.

191 1776 257 1808 lam
276 1779 425 1819 sequitur
447 1780 615 1820 quaestio:
651 1780 729 1814 Quis
750 1784 795 1809 est
818 1781 931 1819 iudex,
954 1782 1080 1820 quaudo

105 1821 245 1849 oriuntur
269 1824 497 1851 controversiae
519 1822 559 1851 cle
582 1822 753 1861 relc'slione‘?
787 1823 950 1854 Pontificii
969 1824 1081 1855 dicunt

104 1873 141 1894 se
174 1872 250 1894 esse
282 1864 419 1894 iudices.
482 1865 556 1895 Non
595 1865 709 1896 volunt
745 1876 764 1896 a
798 1867 894 1896 nobis
934 1867 1079 1898 iudicari.

105 1904 257 1937 Christus
282 1906 335 1938 hic
360 1908 478 1948 inquit:
509 1907 563 1936 Ex
582 1909 736 1945 frat-tibus
760 1911 936 1948 aynoscetis
959 1920 1024 1941 eos:
1048 1910 1079 1940 id

105 1954 175 1986 est,
210 1959 251 1980 ex
286 1955 354 1981 toto
388 1960 530 1991 corpore
565 1952 756 1988 doctrinae,
791 1952 971 1983 secundum
1009 1962 1107 1989 ver-J

105 1991 181 2022 bum
204 1991 277 2022 Dei.

521 2061 659 2093 Contra:

198 2119 323 2149 Verbum
346 2124 391 2150 est
416 2122 573 2151 obscurum
593 2126 622 2151 et
645 2122 827 2161 amblytmm,
852 2127 881 2153 et
904 2124 1079 2162 disputatio

233 2164 265 2191 ίιι
284 2166 501 2193 controversiis
524 2165 708 2204 theoloyicis
728 2166 905 2205 plerumque
923 2171 968 2196 est
991 2178 1079 2206 quae-

233 2207 295 2234 stio
319 2208 430 2245 scripti
453 2211 481 2237 et
504 2211 684 2238 sententiae:

191 2247 278 2287 Eryo
304 2253 427 2287 oportet
445 2260 510 2279 esse
533 2251 624 2281 (ιΙίηιη
653 2251 804 2285 iudicem,
835 2262 887 2281 sen
910 2263 1009 2281 uocem
1033 2253 1079 2282 di-
1104 2274 1105 2280 ,

232 2293 394 2323 rimente'n.

191 2358 437 2397 Iurisconsulti,
462 2362 591 2401 quando
615 2361 668 2393 lex
691 2370 741 2394 est
763 2364 933 2404 ambigua,
960 2374 1076 2395 conce-

106 2401 183 2431 ‘hffll
209 2407 404 2441 Potestisteffi
428 2401 568 2435 faciendi
596 2403 692 2436 aliam
721 2405 830 2448 legem
854 2406 1075 2448 fllssgiSfFfflllis
1100 2417 1102 2444 ἶ
1126 2415 1234 2448 ferunt
1257 2418 1298 2449 ad
1311 2410 1439 2449 ‘iudicia
1462 2418 1648 2457 Ecclesiae,
1674 2421 1733 2451 sed
1758 2430 1822 2449 non
1848 2421 2003 2451 convenit
2021 2420 2104 2453 haec

105 2454 188 2484 quae
216 2443 300 2475 valet
323 2452 457 2486 propter
485 2449 713 2480 auctoritatem
744 2449 885 2486 ordinis,
917 2456 947 2480 et
977 2450 1074 2481 10110-
1100 2448 1101 2459 ’

103 2496 176 2517 nem
200 2486 411 2527 probabilem.
459 2489 597 2521 Primum
622 2498 729 2523 autem
753 2493 959 2533 respondeo:
992 2492 1072 2523 Ver-

103 2530 178 2560 bum
207 2530 271 2561 Dei
302 2541 368 2562 non
391 2537 442 2563 est
469 2533 663 2573 obscurum,
691 2542 747 2567 aut
770 2536 973 2578 ambiguum:
997 2537 1073 2576 quia

102 2570 155 2603 lex
178 2579 226 2604 est
253 2575 428 2614 perspicua
452 2581 484 2606 et
507 2575 609 2615 clara,
633 2584 668 2609 ut
691 2588 765 2610 cum
788 2579 924 2610 dicitur:
947 2578 1073 2617 Dtlsqes
1097 2579 1099 2611 ἶ

103 2616 265 2646 Doni-'nam
297 2617 393 2646 Deum
423 2622 521 2650 tuum:
557 2620 624 2649 Non
655 2622 794 2650 occides:
835 2622 907 2652 Non
937 2621 1072 2651 moecha-
1096 2617 1098 2631 ⁴

312 2687 440 2704 ¹:171.,tNl'it
472 2688 621 2707 ·1i·13}t.voL
646 2690 699 2707 XXV

792 165 1007 198 PosTlLLA
1030 164 1426 197 MELANTHONIANA.

2049 165 2114 197 226

1109 260 1235 301 iberis:
1269 258 1368 291 Nulla
1404 266 1453 290 est
1484 261 1579 290 etiam
1610 261 1796 290 obscuritas
1828 261 1857 290 in
1891 261 2114 299 promissioni-

1138 304 1216 333 bus:
1240 309 1272 334 ut
1297 303 1329 333 in
1354 301 1409 333 illa
1433 313 1527 340 voce,
1547 312 1632 344 quae
1654 303 1802 333 continet
1825 313 1983 333 summam
2009 302 2114 333 Evan-

1107 373 1110 392 1
1136 344 1228 387 gelii:
1251 346 1306 375 Sir
1328 346 1414 375 Deus
1433 345 1548 375 dilexit
1565 345 1716 374 mundum.
1759 345 1864 374 Venite
1882 345 1924 374 ad
1942 356 1985 373 ms
2004 356 2113 380 oannes,

1108 395 1109 406 ¹
1133 391 1188 429 qui
1211 389 1372 419 laboratis.
1408 389 1583 420 Scribebat
1607 389 1748 430 quidem,
1768 387 1891 419 nullum
1916 387 2115 419 vocabulum

1135 442 1211 463 esse
1239 433 1271 463 in
1302 431 1490 473 Scriptura,
1524 431 1612 472 quod
1642 442 1706 462 non
1740 432 1828 462 varie
1851 431 1959 472 possit
1983 432 2114 472 exponi.

1135 475 1228 507 Haec
1253 482 1302 506 est
1327 485 1417 506 mera
1439 474 1620 515 petulantia
1650 481 1680 505 et
1711 473 1887 505 Diabolica
1919 473 2113 515 sophistica-

1135 518 1206 549 Nos
1231 519 1388 550 debemus
1412 528 1489 549 esse
1513 516 1663 558 discipuli
1688 518 1782 548 vocis
1811 518 1958 554 divinae,
1993 523 2025 548 et
2048 527 2115 548 non

1136 561 1259 593 addere
1282 560 1501 602 corruptelas

1136 753 1257 793 Estne
1290 753 1550 794 tribuendum
1583 752 1821 807 Scripturae,
1855 753 1967 806 quod
1998 752 2115 792 multi

1137 838 1306 870 movent
1336 831 1424 870 lites
1457 831 1508 870 de
1546 831 1874 885 interpretatione
1914 831 2115 870 dictorum

1496 906 1725 962 Scripturae
1734 908 1752 947 ’ἓ

1224 1016 1258 1046 10
1281 1014 1518 1057 principalibus
1543 1016 1705 1056 capitibus
1730 1016 1967 1056 pertinentibus
1999 1015 2041 1046 ad
2070 1013 2115 1046 18-

1137 1069 1212 1100 gem
1237 1065 1267 1090 ct
1291 1058 1524 1100 Evangeliuni,
1556 1058 1728 1099 Scriptura
1752 1065 1802 1089 est
1826 1064 1959 1099 aperta,
1989 1064 2020 1088 et
2042 1058 2115 1090 sine

1138 1103 1349 1133 obscuritate.
1414 1101 1481 1133 Sed
1517 1102 1694 1132 certamina
1730 1107 1761 1132 et
1797 1102 1888 1132 rixae
1921 1101 2117 1132 tribuendae

1139 1152 1215 1176 sunt
1249 1145 1402 1186 pravitati
1437 1151 1469 1175 et
1502 1143 1646 1175 malitiae
1676 1145 1899 1185 ingeniorum,
1936 1155 2021 1186 quae
2044 1154 2115 1175 cor-

1139 1194 1290 1229 rumpunt
1315 1188 1535 1228 Scripturamz
1561 1194 1594 1218 ut
1618 1198 1690 1219 cum
1705 1188 1936 1226 Samosateno,
1959 1187 2059 1218 Arrio
2084 1194 2116 1218 et

1138 1232 1300 1263 similibus
1329 1230 1418 1262 aliud
1450 1231 1639 1266 videretur,
1670 1229 1872 1272 affingebant
1897 1229 2114 1271 corruptelas.

1138 1273 1294 1305 Homines
1317 1275 1361 1315 pii
1384 1275 1434 1305 510
1457 1272 1570 1314 legunt
1594 1273 1815 1314 Scripturam,
1847 1279 1880 1304 111
1905 1274 2116 1305 considerent

1139 1316 1394 1348 Grammaticam
1423 1318 1668 1358 proprietatem.
1726 1316 1822 1352 Quod
1854 1317 1882 1348 si
1911 1327 1951 1348 ex
1981 1318 2116 1359 propria

1137 1360 1380 1401 significatione
1399 1365 1558 1401 sequatur
1581 1358 1703 1400 aliquid
1727 1370 1879 1401 pugnans
1910 1371 1984 1391 cum
2014 1360 2116 1391 inani-

1136 1402 1231 1434 sestis
1255 1403 1452 1434 testimoniis
1475 1401 1552 1434 alibi
1577 1403 1721 1441 traditis,
1741 1409 1808 1434 tum
1833 1409 1994 1444 quaerunt
2018 1404 2115 1434 inter-

1108 1439 1112 1471 !
1136 1447 1353 1487 pretationem
1383 1456 1424 1477 ex
1456 1446 1531 1486 ipsa
1559 1444 1745 1488 Scriptura.
1781 1456 1866 1487 quae
1890 1452 1941 1478 est
1964 1447 2028 1478 sibi
2051 1447 2116 1488 ipsi

1135 1491 1311 1530 interpres.
1347 1489 1546 1531 Itaqueipsa
1559 1489 1656 1521 etiam
1669 1495 1721 1521 est
1741 1495 1773 1520 et
1786 1495 1894 1520 manet
1915 1489 2014 1521 iudex
2039 1500 2115 1521 800-

1135 1533 1390 1571 troversiarum,
1432 1543 1519 1574 quae
1559 1533 1706 1564 oriuntur
1745 1533 1786 1564 de
1825 1533 1987 1565 doctrina.
2043 1533 2116 1565 Nec

1136 1575 1308 1617 quisquam
1331 1575 1517 1614 hominurn,
1548 1586 1745 1617 quacunque
1769 1577 1964 1607 auctoritate
1986 1577 2115 1618 praedi·

1134 1624 1205 1657 tus,
1229 1619 1328 1650 debet
1351 1619 1413 1650 sibi
1440 1628 1573 1651 sumere
1596 1624 1796 1661 potestatem
1818 1620 1966 1651 mutandi
1989 1619 2115 1662 aliquid

1132 1661 1165 1692 in
1189 1662 1371 1703 Scriptura.

1219 1730 1413 1761 Sententiae
1436 1731 1532 1761 etiam
1556 1741 1641 1772 quae
1663 1730 1860 1762 ferunturin
1874 1733 2112 1763 controversiis

1134 1773 1322 1810 doctrinae,
1346 1783 1412 1803 non
1436 1772 1547 1804 valent
1570 1779 1704 1814 propter
1722 1773 1883 1811 homines,
1909 1775 1967 1805 sed
1992 1774 2113 1815 simpli-

1134 1817 1216 1846 citer
1244 1816 1419 1846 videndum
1455 1822 1523 1853 est,
1557 1827 1599 1846 an
1630 1827 1702 1847 cuni
1732 1816 1904 1857 Scriptura
1926 1820 2112 1850 sententiae

1133 1857 1210 1888 illae
1239 1864 1435 1900 congruant.
1492 1859 1575 1889 Nam
1605 1859 1723 1890 iudicia
1748 1859 1922 1891 Ecclesiae
1944 1871 2009 1891 non
2034 1868 2112 1893 sunt

1105 1907 1107 1930 ε
1133 1900 1251 1931 similia
1272 1902 1400 1932 iudiciis
1425 1900 1576 1942 politicis·
1619 1901 1717 1933 Valet
1739 1904 1903 1934 sententia
1925 1905 1956 1934 iu
1980 1905 2110 1936 indiciis

1134 1942 1277 1983 politicis
1310 1950 1446 1985 propter
1480 1945 1709 1976 auctoritatem
1739 1946 1866 1976 iudicis.
1924 1946 1957 1977 In
1983 1948 2109 1978 iudiciis

1105 2021 1107 2030 ,
1133 1985 1306 2017 Ecclesiae
1328 1997 1393 2018 non
1418 1985 1506 2018 valet
1528 1994 1663 2028 propter
1685 1989 1913 2020 auctoritatem
1933 2000 2110 2031 personae,

1105 2037 1107 2070 ς
1133 2031 1192 2060 sed
1216 2036 1351 2071 propter
1374 2030 1561 2061 testimonia
1584 2032 1677 2062 verbi
1700 2031 1773 2062 Dei.
1824 2031 1937 2073 Vulgo
1962 2033 2108 2065 solemus

1105 2071 1107 2100 Ι
1133 2072 1259 2104 dicere:
1293 2073 1442 2113 Synodus
1467 2073 1517 2102 vel
1545 2074 1708 2103 eoncz'le'um
1737 2085 1798 2104 non
1826 2075 1917 2105 habet
1940 2078 2108 2106 ‹zm-torita-

1104 2132 1106 2151 ς
1132 2119 1189 2144 tem
1222 2117 1339 2155 reyz'am
1373 2116 1420 2145 vel
1448 2119 1655 2155 praetoriam:
1691 2128 1756 2158 quo
1788 2118 2029 2159 significamus.
2066 2130 2108 2151 ne

1133 2159 1262 2194 Quidem
1297 2159 1424 2201 Synodi
1458 2160 1760 2200 interpretationem
1801 2160 1930 2199 valere,
1972 2169 2108 2204 propter

1105 2202 1357 2233 ,auctoritatem
1393 2201 1536 2244 aliquam
1570 2203 1755 2235 humanam.
1813 2205 1987 2246 Augustus
2012 2208 2106 2237 581181

1130 2245 1214 2275 inter
1237 2244 1514 2283 Iurisconsultos,
1546 2247 1752 2287 disputantes
1776 2248 1817 2278 de
1840 2249 2108 2288 interpretatione

1103 2317 1105 2322 ,
1130 2286 1258 2329 legem,
1283 2299 1314 2319 81
1338 2288 1436 2320 habet
1459 2289 1530 2330 ipse
1553 2296 1750 2330 potestatem
1774 2291 1939 2322 iudicandi
1964 2293 2004 2323 de
2029 2303 2105 2323 con-

1103 2357 1104 2360 ,
1129 2332 1308 2368 troversia,
1333 2337 1365 2362 et
1388 2333 1557 2363 decretum
1581 2333 1651 2364 eius
1677 2332 1763 2364 valet
1787 2335 1981 2365 auctoritate
2001 2335 2104 2377 regia.

1128 2373 1221 2404 Hanc
1246 2374 1419 2414 imaginent
1441 2373 1647 2416 politicorum
1672 2376 1863 2407 iudiciorum
1888 2376 2105 2409 niulti'trans-

1128 2459 1256 2502 imag03
1279 2461 1354 2502 quia
1377 2462 1408 2492 in
1432 2460 1584 2493 Ecclesia
1608 2463 1743 2493 verbum
1768 2462 1831 2493 Dei
1855 2469 1905 2494 est
1929 2464 2037 2495 iudex.

1867 2689 1895 2712 15
