2343 2970
177 164 241 196 367

179 258 351 300 scopulos,
376 261 438 290 das
460 270 532 291 man
556 262 613 291 iezt
636 261 715 292 heis!
739 262 894 292 claussen.
940 259 1051 292 Credo
1073 260 1157 292 Tau-

179 313 249 333 rum
277 313 343 333 non
374 304 437 334 (lici
460 314 479 334 a
501 303 606 344 figura
629 304 732 340 tauri,
755 305 813 334 sed
838 314 858 334 a
881 304 971 334 thur:
995 304 1027 334 id
1051 310 1114 342 est,
1138 314 1158 335 a

179 344 347 381 faucib-m
370 346 445 387 quia
468 345 599 377 fuerunt
623 352 764 384 montes,
789 347 873 377 sicut
897 346 1015 388 AlpeS,
1033 347 1065 378 in
1089 347 1157 390 qui·

178 389 242 420 bus
266 388 397 420 suerunt
421 388 534 419 lauces
557 390 598 420 ad
623 387 796 420 ulteriores
820 390 984 431 regiones

264 431 337 473 Ego
362 433 511 463 existimo
535 430 720 472 Decapolin
749 432 870 463 dictam
905 443 982 464 esse
1010 438 1158 474 tempore

177 474 316 506 Romani
342 475 476 516 Imperii.
522 473 657 505 Gadara
684 475 740 506 hat
769 475 851 506 auch
884 477 1001 507 darem
1032 476 1157 516 yelzorc.

178 516 374 549 Gadarenus
409 517 503 549 lacus
538 515 593 548 suit
630 519 758 559 putris,
797 519 827 549 in
868 530 964 560 quem
1003 518 1157 551 Christus

176 561 404 602 praecipitavit
423 571 556 602 poree-S,
579 560 635 591 lm!
659 561 740 592 anch
765 562 797 592 in
821 563 873 592 die
897 561 1083 603 De‹·apolin
1103 573 1157 603 ye-

176 603 262 634 lzort.
308 603 496 634 Damascus
521 604 619 634 hodie
643 610 694 635 est
718 604 845 636 ssot-ens
868 606 960 642 urbs,
984 611 1016 636 et
1040 611 1090 637 est
1114 606 1157 636 ibi

177 646 412 678 celeberrimus
442 653 626 684 mercatus,
655 655 685 678 et
714 647 794 678 fiunt
823 648 867 679 ibi
902 649 1024 689 optima
1055 647 1158 680 ferra—

175 695 285 720 menta
299 712 308 727 ‚
341 690 394 720 die
417 689 522 720 bas-ren
545 689 668 731 lt-lireyen
682 702 692 720 .·
716 691 813 722 habet
837 701 937 722 venas
963 690 1156 723 metallicas,

175 731 318 773 Sarepta
353 733 394 763 ist
423 733 505 763 ‹mclz
534 733 579 764 das
605 734 750 774 yeleyem
776 734 861 765 nicht
879 734 956 774 serv
982 745 1000 765 a
1024 735 1154 766 Sidone.

176 774 314 817 Sarepta
333 776 365 806 id
383 781 446 812 est.
462 776 703 814 conflatorium,
716 779 783 808 eme
794 778 899 818 seiyer
911 777 1006 809 butte.
1042 778 1156 809 Omnis

175 828 284 849 sermo
309 818 393 853 Dei,
425 820 468 850 da
504 821 563 849 wir
585 820 702 858 huben,
726 821 859 861 ignitus,
888 827 1050 862 purgatus
1074 820 1156 852 mul-

175 859 346 903 tipliciter:
387 861 441 892 Da
465 862 564 893 stehet
599 864 661 894 das
694 868 786 901 ποι-ί,
832 863 992 906 Zarpath:
1027 865 1059 894 id
1095 870 1156 900 est,

175 904 353 936 conflatus.
399 905 546 936 Verbum
570 905 632 937 Dei
657 907 750 938 debet
779 917 855 938 esse
890 914 1088 949 purgatum,
1121 914 1157 938 ut

175 948 375 980 retineamus
406 948 629 989 incorruptam
665 952 870 981 sententiam.
923 950 1061 982 Dan-on
1083 955 1157 992 sayt

176 989 350 1022 Salomon:
374 989 521 1022 Verbum
546 992 607 1023 Dei
631 991 770 1034 clypeus
793 993 926 1034 ignituS.
979 994 1053 1025 le
1076 1003 1156 1024 mer-

176 1033 244 1066 chet
266 1034 351 1072 das,
375 1034 438 1066 das
459 1035 512 1065 ihr
545 1035 632 1066 m'cltc
666 1036 818 1077 allegirt,
852 1038 909 1068 wie
941 1038 993 1068 die
1021 1037 1155 1068 Anaba-

175 1077 307 1119 ptistae,
332 1083 364 1109 et
387 1078 474 1109 sicut
496 1077 552 1109 ille
575 1089 693 1110 scurra
716 1078 851 1110 clamat:

306 1136 428 1169 Paulus
453 1138 547 1173 dicit,
581 1137 656 1170 Non
685 1139 759 1170 dico
781 1140 951 1171 secundum
974 1141 1157 1180 imperium,

347 1185 382 1212 ut
405 1182 500 1212 delur
519 1181 738 1224 Eleemosyna:

306 1224 394 1266 Eryo
417 1225 501 1256 bona
523 1235 626 1266 opera
648 1235 711 1256 von
734 1229 808 1257 sunt
830 1227 1027 1258 necessaria.

263 1292 475 1334 Respondeo.
500 1291 623 1324 Paulus
647 1304 714 1324 non
738 1293 807 1326 vult
831 1293 902 1325 tolli
916 1295 1160 1326 distinctionem

176 1335 394 1374 dominorum,
417 1337 476 1367 sed
499 1335 580 1368 mult
603 1337 735 1368 modum
759 1336 1054 1380 Eleemosynarum
1079 1336 1159 1369 libe-

176 1389 248 1410 rum
272 1388 359 1411 esse.
405 1378 632 1411 Concionator
645 1390 711 1411 non
725 1380 823 1412 debet
835 1382 1078 1422 praescribere,
1092 1391 1160 1413 mo·

176 1422 252 1453 dum
276 1421 435 1464 singulis;
457 1432 524 1454 non
548 1423 646 1454 dehet
667 1424 874 1466 praecipere,
896 1430 931 1456 tu
955 1425 1014 1456 des
1034 1424 1161 1463 decem,

175 1471 209 1496 tu
232 1464 286 1496 20.
332 1465 384 1497 De
418 1465 485 1497 hoc
518 1475 641 1508 genere
674 1476 813 1507 operum
847 1466 992 1510 loquitur
1023 1466 1158 1500 Paulus.

175 1507 245 1540 Sed
278 1518 345 1540 non
374 1508 464 1540 valet
494 1510 731 1551 consequentia
759 1520 779 1541 a
808 1520 875 1542 non
908 1516 1088 1552 praecepto
1116 1511 1160 1542 ad

174 1558 396 1593 praeceptum.
442 1551 642 1594 Praecepta:
666 1552 743 1584 Non
760 1554 888 1585 occides
905 1564 966 1586 non
976 1552 1160 1594 furaberis,

176 1601 254 1627 sunt
272 1594 498 1628 immutabilia.
543 1597 647 1627 Drum
666 1601 742 1637 sayt
761 1597 822 1628 der
845 1601 930 1628 tert:
955 1597 1074 1630 Sermo
1097 1596 1161 1629 Dei

174 1643 351 1712 pull-gatus,
372 1638 405 1670 id
428 1646 490 1677 est,
512 1639 597 1671 bene
619 1639 805 1681 inspectum
828 1641 984 1679 verbum,
1007 1647 1059 1673 est
1082 1650 1160 1672 con-

175 1690 215 1712 so
231 1681 308 1713 atio.

174 1848 347 1888 Lacus
402 1848 770 1900 Genezareth,
829 1848 1160 1900 Gadarenus,

241 1932 294 1965 et
339 1925 734 1980 Asphaltites,
781 1926 1094 1969 differunt.

263 2024 425 2056 Darnach
446 2026 547 2057 steket
570 2026 632 2064 hie,
656 2025 749 2058 Mare
763 2026 944 2060 Galilaeae.
991 2027 1038 2059 Ita
1060 2029 1163 2060 nomi-

175 2074 233 2099 nat
255 2067 518 2110 limpidissimum
541 2068 663 2108 lacum,
685 2070 745 2101 der
768 2071 813 2102 {la
835 2071 916 2103 Izet‘st
939 2070 1162 2109 Genezareth,

177 2112 237 2143 den
268 2120 344 2143 man
371 2116 462 2143 sonst
490 2117 605 2144 nennet
633 2123 725 2144 mare
746 2113 942 2146 Tiberiadis.
987 2114 1052 2146 Die
1074 2114 1163 2147 State

175 2153 346 2193 Tiberias,
379 2154 438 2186 Izat
468 2165 589 2187 novum
623 2166 743 2188 nomen
778 2168 797 2188 a
821 2157 964 2189 Tiberio.
1010 2158 1161 2190 Herodes

176 2197 233 2229 hat
255 2199 487 2239 praesentibus
511 2198 651 2230 dominis
673 2199 864 2240 yelwuclwlt.
909 2201 1019 2233 Antea
1042 2207 1162 2233 vocata

177 2248 229 2272 est
252 2241 426 2280 cinereth,
449 2241 481 2271 id
506 2248 568 2280 est,
592 2241 748 2280 Cithara3
785 2244 861 2284 quia
883 2244 998 2276 habuit
1021 2244 1162 2287 figuram

176 2283 333 2316 citharae.
365 2283 516 2316 Galilaea
537 2291 586 2316 est
611 2285 723 2318 adhuc
747 2287 1001 2319 amoenissimus
1023 2294 1161 2319 tractus.

177 2326 251 2359 Non
276 2333 328 2359 est
350 2326 445 2360 lacus
469 2327 680 2367 Gadarenus,
703 2329 762 2360 der
785 2330 828 2360 ist
849 2330 926 2362 uber
948 2331 1010 2362 den
1026 2331 1161 2365 Jordan,

177 2380 297 2402 versus
319 2369 483 2403 Ituraeam
506 2377 556 2403 est
579 2369 675 2403 lacus
698 2369 853 2404 foetidus.
898 2373 1021 2406 Postea
1043 2383 1162 2406 rursus

177 2419 229 2446 est
250 2412 335 2446 alius
366 2413 463 2446 lacus
484 2413 716 2456 Asphaltites,
752 2415 807 2457 qui
830 2423 882 2447 est
916 2415 1010 2449 lacus
1045 2415 1163 2458 plenus

177 2455 362 2498 sulphuris:
386 2455 497 2490 sactus
521 2467 562 2489 ex
585 2458 753 2490 cineribus
775 2457 942 2491 Sodomae
965 2466 999 2492 et
1022 2459 1163 2492 Gomor-

178 2497 270 2530 rhae.
301 2499 399 2532 Unde
422 2501 562 2534 dicitur-⁸.²
584 2501 638 2533 Ab
662 2501 746 2534 Esclz
768 2506 798 2533 et
821 2501 913 2541 Pale,
934 2503 967 2535 id
990 2509 1054 2543 est,
1076 2503 1164 2546 ignis

178 2541 347 2574 occultus:
369 2548 461 2576 sonst
483 2553 605 2576 nemen
624 2544 671 2576 sie
693 2555 727 2577 es
749 2554 841 2576 mare
863 2551 1039 2578 mortuum.
1096 2545 1164 2578 Alii

177 2584 386 2626 Asphaltites
408 2587 577 2620 deducunt
603 2589 646 2620 ab
668 2587 834 2629 ἄσφαλτος,
858 2588 891 2619 id
914 2595 984 2630 est,
1006 2589 1163 2621 bitumen.

178 2629 239 2661 Die
260 2628 477 2663 Heidm‘sclzen
498 2637 620 2674 poeten
642 2631 746 2664 haben
765 2632 889 2674 finyz'rt,
911 2632 1001 2674 quod
1022 2631 1164 2675 Typhon

817 167 926 197 l'lllL.
951 166 1055 198 MEL.
1079 166 1266 199 SCfflPTA
1288 166 1552 202 EXEGETICA.

2124 175 2188 208 368

1210 262 1254 292 ibi
1278 263 1321 293 sit
1345 263 1505 305 sepultus.
1549 263 1690 306 Typhon
1713 274 1764 297 est
1788 265 1842 298 ille
1867 273 1997 305 ventus,
2021 269 2076 310 qui
2098 275 2189 302 ante-

1211 305 1298 337 cedit
1322 303 1459 345 sulmen,
1483 308 1543 338 dm·
1561 309 1616 339 die
1637 309 1700 340 leui
1729 310 1881 350 stupidos
1905 310 2026 342 macla:
2055 313 2188 354 quando

1210 358 1277 379 non
1311 350 1456 388 occidit,
1491 357 1598 382 tamen
1632 350 1712 383 facit
1745 353 1927 389 attonitos,
1952 353 2005 385 vel
2027 356 2186 397 stupidos.

1211 392 1402 430 Finxerunt‚
1427 394 1513 435 quod
1537 393 1676 436 Typhon
1701 395 1743 426 ibi
1766 397 1826 434 sit,
1849 403 1881 427 et
1904 403 1993 428 motu
2015 407 2076 430 suo
2100 396 2190 431 efflet

1210 435 1331 479 ignem.
1377 436 1442 467 Sed
1473 444 1522 468 est
1547 446 1789 470 monumentum
1819 449 1944 480 poenae
1968 441 2135 473 Sodomae
2158 447 2190 473 et

1212 478 1430 511 Gomorrhae.
1477 480 1519 511 Es
1538 480 1636 511 stelmt
1661 482 1849 512 nominatim
1874 483 1903 513 in
1927 482 2078 522 historia,
2101 485 2189 526 quod

1210 522 1282 562 ipse
1307 521 1409 553 Pilius
1434 523 1495 554 Dei
1524 522 1621 555 suerit
1651 532 1808 555 executor
1831 524 1917 556 illius
1940 536 2077 566 poenae.
2125 530 2188 560 00-

1210 565 1312 596 mz'nus
1336 568 1461 606 accepit
1484 568 1583 607 iynem
1607 579 1627 598 α
1651 568 1802 599 Domino.-
1831 569 1917 609 quod
1941 570 2098 601 debemus
2122 581 2188 603 me·

1210 609 1358 640 minisse.
1406 609 1464 640 Est
1488 611 1720 648 testimonium,
1748 612 1836 652 quod
1859 611 1942 649 λόγος
1966 613 2006 643 sit
2031 623 2188 654 persona,

1210 651 1255 682 cia
1277 661 1314 681 er
1337 653 1390 682 mi!
1415 653 1482 683 clem
1508 653 1672 684 Abraham
1694 663 1807 694 yessen
1824 654 1897 692 hat,
1920 655 2026 686 :eucht
2049 666 2085 688 er
2103 654 2187 696 fort,

1210 701 1242 725 et
1265 693 1352 725 delet
1374 696 1561 727 Sodomam.
1610 696 1718 728 Lacus
1753 698 1815 728 iste
1846 697 2050 738 Asphaltites
2084 705 2134 730 est
2156 701 2189 731 in

1209 735 1319 768 limine
1343 737 1495 776 Iudaeae,
1518 738 1638 781 longus
1663 747 1739 771 octo
1762 739 1953 771 miliaribus.

1476 921 1554 961 De
1607 922 1929 963 Miraculis.

1232 1031 1342 1082 Quid
1374 1040 1446 1082 est,
1479 1034 1589 1086 quod
1621 1034 1874 1074 nominamus
1906 1035 2168 1077 miraculum?

1298 1123 1391 1164 Opus
1415 1130 1508 1154 extra
1537 1124 1685 1155 ordinem
1709 1131 1844 1155 naturae
1873 1135 1893 1156 a
1916 1125 1988 1156 Deo
2011 1124 2133 1158 factum
2155 1134 2190 1158 ut

1211 1167 1254 1197 sit
1278 1166 1500 1198 testimonium
1523 1167 1564 1198 de
1582 1165 1667 1205 Det),
1692 1166 1774 1198 alias
1797 1166 1861 1198 alia
1884 1169 2079 1206 occasione,
2102 1176 2134 1200 et
2156 1170 2190 1201 in

1211 1207 1277 1241 alio
1297 1216 1396 1250 atque
1418 1208 1483 1241 alio
1515 1211 1659 1252 negotio.
1716 1209 1790 1241 Alia
1820 1216 1896 1242 sunt
1926 1211 2083 1242 miracula
2102 1210 2191 1243 facta

1212 1262 1325 1284 coram
1359 1252 1556 1289 Pharaone;
1599 1252 1665 1285 alia
1709 1259 1786 1285 sunt
1823 1252 1967 1285 exhibita
2000 1253 2192 1292 Zachariae,

1212 1296 1382 1334 Abrahae,
1400 1302 1463 1328 etc.

1213 1461 1369 1503 Suntne
1402 1462 1525 1502 etiam
1557 1462 1786 1502 testimonia
1819 1462 1871 1503 de
1903 1462 1993 1503 Deo
2032 1463 2192 1504 ordina—

1581 1539 1638 1580 ria
1670 1538 1818 1594 opera?

1300 1641 1350 1670 Ita
1373 1640 1455 1671 ordo
1479 1646 1680 1681 temporum,
1710 1640 1847 1678 messis,
1882 1641 1988 1681 ipsum
2012 1640 2195 1679 cerebrum,

1214 1693 1275 1714 seu
1299 1690 1400 1724 caput
1421 1682 1562 1713 hominis
1597 1689 1674 1714 sunt
1703 1681 1801 1724 plena
1823 1684 2019 1715 testimoniis
2042 1684 2084 1714 de
2105 1683 2196 1717 Deo:

1215 1726 1299 1758 Sunt
1321 1725 1354 1756 in
1378 1732 1487 1757 mente
1516 1726 1668 1765 notitiae,
1695 1732 1728 1758 et
1761 1726 1872 1758 addita
1899 1733 1951 1758 est
1979 1727 2196 1765 conscientia,

1215 1779 1300 1811 quae
1335 1775 1388 1800 est
1422 1769 1552 1800 vindex.
1599 1769 1739 1804 Quando
1767 1770 1948 1808 invocatis,
1978 1770 2105 1802 debetis
2138 1779 2196 1801 co-

1215 1812 1322 1854 gitare
1352 1812 1393 1844 de
1422 1811 1698 1854 patefactionibus
1729 1813 1846 1844 divinis
1868 1814 1900 1844 in
1930 1813 2085 1853 operibus
2109 1813 2195 1844 ordi-

1215 1856 1317 1886 nariis
1340 1861 1372 1886 et
1395 1856 1681 1887 extraordinariis:
1704 1857 1766 1888 das
1789 1860 1833 1888 ist
1855 1856 2005 1894 nulzliclz,
2029 1856 2096 1887 und
2118 1856 2196 1888 sehr

1211 1903 1271 1939 yut
1290 1899 1333 1930 ad
1363 1900 1570 1930 assensionis
1594 1900 1876 1931 confirmationem
1904 1899 1945 1930 de
1975 1899 2196 1940 providentia,

1216 1943 1256 1973 dc
1288 1952 1350 1983 qua
1388 1942 1522 1973 assidue
1557 1943 1768 1983 cogitandum
1798 1948 1866 1980 est,
1897 1949 2032 1983 propter
2055 1940 2196 1984 gloriam

1216 1985 1291 2023 Dei,
1304 1991 1337 2016 ut
1362 1984 1569 2016 celebremus
1593 1984 1763 2023 artificem,
1782 1991 1816 2016 et
1834 1991 1868 2015 ut
1894 1995 1967 2016 eum
1989 1985 2194 2017 invocemus.

1303 2028 1471 2059 Habemus
1500 2028 1562 2058 iani
1592 2026 1693 2058 multa
1721 2026 1879 2069 pericula.
1926 2027 2055 2059 Videtis
2080 2028 2195 2070 vagari

1216 2073 1361 2110 morbos
1385 2071 1439 2112 qui
1463 2071 1583 2102 debent
1606 2081 1668 2102 nos
1692 2082 1841 2109 monere,
1872 2081 1937 2102 non
1961 2071 2070 2103 solum
2093 2078 2127 2102 ut
2150 2072 2194 2102 si-

1214 2125 1287 2146 mus
1310 2113 1536 2155 diligentiores
1559 2115 1591 2145 in
1619 2115 1827 2154 precatione,
1857 2115 1917 2145 sed
1946 2115 2042 2146 etiam
2072 2122 2194 2155 ttmpe-

1214 2158 1389 2189 rantiores.
1434 2156 1564 2187 Recens
1598 2157 1630 2187 in
1654 2156 1801 2188 Marehia
1830 2159 1863 2189 in
1894 2157 2043 2199 profesto
2073 2157 2193 2191 iacobi,

1215 2201 1292 2232 dum
1320 2200 1536 2232 concionatur
1563 2208 1699 2241 pastor,
1734 2207 1833 2232 ruunt
1868 2200 2036 2242 laquearia
2070 2199 2194 2242 templi,

1214 2253 1384 2276 concussa
1401 2249 1508 2274 terrae
1532 2249 1632 2281 motu,
1646 2250 1677 2275 et
1701 2244 1887 2285 opprimunt
1910 2249 2090 2285 pastorem,
2102 2249 2135 2275 et
2154 2243 2194 2275 16

1215 2287 1375 2318 homines.
1401 2286 1512 2327 Aliqui
1535 2285 1739 2328 effugerunt,
1770 2288 1824 2328 qui
1847 2293 1955 2317 tamen
1985 2287 2082 2318 etiam
2109 2285 2194 2318 laesi

1217 2337 1305 2368 sunt,
1330 2330 1434 2370 ruptis
1459 2328 1635 2371 lapidibus.
1682 2329 1835 2361 Sedecim
1857 2328 1920 2368 illi,
1949 2331 2003 2370 qui
2031 2335 2109 2362 sunt
2136 2340 2193 2372 op·

1215 2374 1336 2415 pressi,
1359 2371 1491 2404 suerunt
1515 2371 1669 2404 collocati
1692 2374 1724 2404 in
1747 2383 1847 2405 unum
1866 2372 2066 2414 sepulcrum.
2114 2373 2193 2404 Pos-

1216 2423 1267 2448 set
1290 2416 1388 2448 nobis
1411 2414 1551 2457 singulis
1575 2416 1738 2448 accidere.
1783 2415 1876 2447 Talia
1904 2414 2056 2457 exempla
2085 2417 2193 2448 consi·

1216 2461 1382 2497 deremus,
1406 2459 1499 2500 proci
1522 2457 1708 2501 Penelopes
1731 2460 1858 2491 rident:
1886 2459 1932 2490 da
1961 2460 2024 2491 das
2045 2459 2111 2490 blut
2133 2469 2194 2492 aus

1215 2504 1280 2535 den
1301 2502 1431 2534 wenden
1455 2505 1598 2544 sytrinyt:
1627 2503 1688 2534 sed
1717 2503 1825 2534 rident
1852 2503 1953 2534 risum
1982 2502 2191 2534 Sardonium.

1216 2546 1317 2578 Risus
1340 2545 1535 2584 SardoniuS,
1558 2551 1609 2577 est
1631 2546 1735 2578 rictus
1754 2546 1839 2584 oris,
1861 2556 1927 2587 quo
1951 2544 2101 2577 homines
2124 2556 2193 2577 mo·

1215 2590 1353 2621 riuntur.
1398 2588 1506 2619 Habet
1528 2599 1647 2621 nomen
1670 2599 1689 2620 a
1713 2589 1841 2620 Sardoa
1870 2589 1984 2620 herba.
2029 2587 2090 2620 Est
2117 2598 2193 2630 spe·

1216 2632 1284 2665 cies
1307 2629 1495 2670 ranunculi,
1521 2642 1618 2672 suffen
1635 2642 1698 2671 διε,
1720 2641 1809 2664 werin
1835 2641 1927 2663 mam·
1954 2641 2038 2670 esse,
2060 2641 2096 2664 so
2125 2641 2192 2663 mus
