<?xml version="1.0" encoding="UTF-8"?>
<!DOCTYPE html PUBLIC "-//W3C//DTD XHTML 1.0 Transitional//EN"
    "http://www.w3.org/TR/xhtml1/DTD/xhtml1-transitional.dtd">
<html xmlns="http://www.w3.org/1999/xhtml" xml:lang="en" lang="en">
 <head>
  <title>
</title>
<meta http-equiv="Content-Type" content="text/html;charset=utf-8" />
  <meta name='ocr-system' content='tesseract 3.04.00' />
  <meta name='ocr-capabilities' content='ocr_page ocr_carea ocr_par ocr_line ocrx_word'/>
</head>
<body>
  <div class='ocr_page' id='page_1' title='image "./operaquaesupersu25melauoft/operaquaesupersu25melauoft_0184.png"; bbox 0 0 2343 2970; ppageno 0'>
   <div class='ocr_carea' id='block_1_1' title="bbox 224 158 1211 328">
    <p class='ocr_par' dir='ltr' id='par_1_1' title="bbox 224 158 1211 328">
     <span class='ocr_line' id='line_1_1' title="bbox 226 158 291 191; baseline -0.031 0"><span class='ocrx_word' id='word_1_1' title='bbox 226 158 291 191; x_wconf 77' lang='lat'>339</span> 
     </span>
     <span class='ocr_line' id='line_1_2' title="bbox 224 252 1210 292; baseline 0 -7"><span class='ocrx_word' id='word_1_2' title='bbox 224 253 347 285; x_wconf 77' lang='lat' dir='ltr'>luctus.</span> <span class='ocrx_word' id='word_1_3' title='bbox 395 253 467 285; x_wconf 70' lang='lat' dir='ltr'>Das</span> <span class='ocrx_word' id='word_1_4' title='bbox 491 253 572 285; x_wconf 79' lang='lat' dir='ltr'>heist</span> <span class='ocrx_word' id='word_1_5' title='bbox 601 254 697 292; x_wconf 74' lang='lat' dir='ltr'>alles,</span> <span class='ocrx_word' id='word_1_6' title='bbox 725 254 827 285; x_wconf 87' lang='lat' dir='ltr'>rectio</span> <span class='ocrx_word' id='word_1_7' title='bbox 851 252 1099 285; x_wconf 79' lang='lat' dir='ltr'>Locomotivae.</span> <span class='ocrx_word' id='word_1_8' title='bbox 1145 253 1210 285; x_wconf 89' lang='lat' dir='ltr'>No-</span> 
     </span>
     <span class='ocr_line' id='line_1_3' title="bbox 225 295 1211 328; baseline 0.001 -1"><span class='ocrx_word' id='word_1_9' title='bbox 225 302 297 327; x_wconf 88' lang='lat' dir='ltr'>stro</span> <span class='ocrx_word' id='word_1_10' title='bbox 332 295 467 328; x_wconf 78' lang='lat' dir='ltr'>Caesari</span> <span class='ocrx_word' id='word_1_11' title='bbox 503 296 626 328; x_wconf 85' lang='lat' dir='ltr'>Carolo</span> <span class='ocrx_word' id='word_1_12' title='bbox 650 296 691 327; x_wconf 89' lang='lat' dir='ltr'>V.</span> <span class='ocrx_word' id='word_1_13' title='bbox 730 297 761 327; x_wconf 93' lang='lat' dir='ltr'>in</span> <span class='ocrx_word' id='word_1_14' title='bbox 787 295 894 327; x_wconf 72' lang='lat' dir='ltr'>(inilia</span> <span class='ocrx_word' id='word_1_15' title='bbox 924 297 1110 328; x_wconf 77' lang='lat' dir='ltr'>introducta</span> <span class='ocrx_word' id='word_1_16' title='bbox 1139 302 1211 328; x_wconf 89' lang='lat' dir='ltr'>erat</span> 
     </span>
    </p>
   </div>
   <div class='ocr_carea' id='block_1_2' title="bbox 223 339 1210 467">
    <p class='ocr_par' dir='ltr' id='par_1_2' title="bbox 223 339 1210 467">
     <span class='ocr_line' id='line_1_4' title="bbox 223 339 1210 381; baseline 0.001 -11"><span class='ocrx_word' id='word_1_17' title='bbox 223 340 257 370; x_wconf 85' lang='lat' dir='ltr'>in</span> <span class='ocrx_word' id='word_1_18' title='bbox 282 339 468 372; x_wconf 78' lang='lat' dir='ltr'>cubiculum</span> <span class='ocrx_word' id='word_1_19' title='bbox 492 340 604 381; x_wconf 77' lang='lat' dir='ltr'>virgo,</span> <span class='ocrx_word' id='word_1_20' title='bbox 634 350 734 381; x_wconf 73' lang='lat' dir='ltr'>quam</span> <span class='ocrx_word' id='word_1_21' title='bbox 765 340 921 370; x_wconf 85' lang='lat' dir='ltr'>intactam</span> <span class='ocrx_word' id='word_1_22' title='bbox 951 340 1074 370; x_wconf 75' lang='lat' dir='ltr'>remisit</span> <span class='ocrx_word' id='word_1_23' title='bbox 1097 341 1129 370; x_wconf 94' lang='lat' dir='ltr'>in</span> <span class='ocrx_word' id='word_1_24' title='bbox 1153 351 1210 381; x_wconf 85' lang='lat' dir='ltr'>pa-</span> 
     </span>
     <span class='ocr_line' id='line_1_5' title="bbox 223 381 1210 424; baseline 0 -10"><span class='ocrx_word' id='word_1_25' title='bbox 223 383 331 421; x_wconf 86' lang='lat' dir='ltr'>triam,</span> <span class='ocrx_word' id='word_1_26' title='bbox 356 389 389 414; x_wconf 82' lang='lat' dir='ltr'>et.</span> <span class='ocrx_word' id='word_1_27' title='bbox 412 389 531 424; x_wconf 67' lang='lat' dir='ltr'>postea</span> <span class='ocrx_word' id='word_1_28' title='bbox 555 390 655 413; x_wconf 86' lang='lat' dir='ltr'>totam</span> <span class='ocrx_word' id='word_1_29' title='bbox 679 381 769 413; x_wconf 84' lang='lat' dir='ltr'>illam</span> <span class='ocrx_word' id='word_1_30' title='bbox 801 392 928 420; x_wconf 83' lang='lat' dir='ltr'>arcem,</span> <span class='ocrx_word' id='word_1_31' title='bbox 956 383 988 413; x_wconf 90' lang='lat' dir='ltr'>in</span> <span class='ocrx_word' id='word_1_32' title='bbox 1013 393 1078 424; x_wconf 87' lang='lat' dir='ltr'>qua</span> <span class='ocrx_word' id='word_1_33' title='bbox 1103 383 1210 415; x_wconf 78' lang='lat' dir='ltr'>suerat</span> 
     </span>
     <span class='ocr_line' id='line_1_6' title="bbox 224 425 642 467; baseline 0.002 -11"><span class='ocrx_word' id='word_1_34' title='bbox 224 425 360 467; x_wconf 82' lang='lat' dir='ltr'><strong>hospes,</strong></span> <span class='ocrx_word' id='word_1_35' title='bbox 384 425 560 458; x_wconf 78' lang='lat' dir='ltr'>demolitus</span> <span class='ocrx_word' id='word_1_36' title='bbox 584 431 642 457; x_wconf 83' lang='lat' dir='ltr'>est.</span> 
     </span>
    </p>
   </div>
   <div class='ocr_carea' id='block_1_3' title="bbox 224 590 1233 645">
    <p class='ocr_par' dir='ltr' id='par_1_3' title="bbox 224 590 1233 645">
     <span class='ocr_line' id='line_1_7' title="bbox 224 590 1233 645; baseline 0.001 -13"><span class='ocrx_word' id='word_1_37' title='bbox 224 591 442 641; x_wconf 84' lang='lat' dir='ltr'>Quomodo</span> <span class='ocrx_word' id='word_1_38' title='bbox 475 591 521 631; x_wconf 74' lang='lat' dir='ltr'>fit</span> <span class='ocrx_word' id='word_1_39' title='bbox 552 590 776 645; x_wconf 72' lang='lat' dir='ltr'>disciplina,</span> <span class='ocrx_word' id='word_1_40' title='bbox 822 606 893 632; x_wconf 89' lang='lat' dir='ltr'>seu</span> <span class='ocrx_word' id='word_1_41' title='bbox 922 592 1045 632; x_wconf 87' lang='lat' dir='ltr'>rect-io</span> <span class='ocrx_word' id='word_1_42' title='bbox 1076 591 1233 633; x_wconf 74' lang='lat' dir='ltr'>Loco—‹</span> 
     </span>
    </p>
   </div>
   <div class='ocr_carea' id='block_1_4' title="bbox 606 669 820 709">
    <p class='ocr_par' dir='ltr' id='par_1_4' title="bbox 606 669 820 709">
     <span class='ocr_line' id='line_1_8' title="bbox 606 669 820 709; baseline 0 -1"><span class='ocrx_word' id='word_1_43' title='bbox 606 669 785 709; x_wconf 81' lang='lat' dir='ltr'>motivae</span> <span class='ocrx_word' id='word_1_44' title='bbox 802 670 820 708; x_wconf 72' lang='grc' dir='ltr'>ἱ)</span> 
     </span>
    </p>
   </div>
   <div class='ocr_carea' id='block_1_5' title="bbox 219 767 1205 854">
    <p class='ocr_par' dir='ltr' id='par_1_5' title="bbox 219 767 1205 854">
     <span class='ocr_line' id='line_1_9' title="bbox 306 767 1205 809; baseline 0.004 -12"><span class='ocrx_word' id='word_1_45' title='bbox 306 767 471 809; x_wconf 76' lang='lat' dir='ltr'>Scipionis</span> <span class='ocrx_word' id='word_1_46' title='bbox 506 768 708 799; x_wconf 85' lang='lat' dir='ltr'>continentia</span> <span class='ocrx_word' id='word_1_47' title='bbox 743 775 795 800; x_wconf 90' lang='lat' dir='ltr'>est</span> <span class='ocrx_word' id='word_1_48' title='bbox 824 770 929 801; x_wconf 85' lang='lat' dir='ltr'>rectio</span> <span class='ocrx_word' id='word_1_49' title='bbox 956 769 1205 809; x_wconf 63' lang='lat' dir='ltr'>Locouiotivae,</span> 
     </span>
     <span class='ocr_line' id='line_1_10' title="bbox 219 810 1205 854; baseline 0.003 -13"><span class='ocrx_word' id='word_1_50' title='bbox 219 820 305 853; x_wconf 86' lang='lat' dir='ltr'>quae</span> <span class='ocrx_word' id='word_1_51' title='bbox 333 810 370 842; x_wconf 86' lang='lat' dir='ltr'>fit</span> <span class='ocrx_word' id='word_1_52' title='bbox 400 811 601 852; x_wconf 75' lang='lat' dir='ltr'>cogitatione</span> <span class='ocrx_word' id='word_1_53' title='bbox 631 810 733 853; x_wconf 78' lang='lat' dir='ltr'>legis,</span> <span class='ocrx_word' id='word_1_54' title='bbox 770 819 802 843; x_wconf 88' lang='lat' dir='ltr'>et</span> <span class='ocrx_word' id='word_1_55' title='bbox 835 812 1006 844; x_wconf 81' lang='lat' dir='ltr'>voluntate</span> <span class='ocrx_word' id='word_1_56' title='bbox 1037 813 1205 854; x_wconf 86' lang='lat' dir='ltr'>obtempe-</span> 
     </span>
    </p>
   </div>
   <div class='ocr_carea' id='block_1_6' title="bbox 218 854 1233 897">
    <p class='ocr_par' dir='ltr' id='par_1_6' title="bbox 218 854 1233 897">
     <span class='ocr_line' id='line_1_11' title="bbox 218 854 1233 897; baseline 0.003 -13"><span class='ocrx_word' id='word_1_57' title='bbox 218 860 325 892; x_wconf 84' lang='lat' dir='ltr'>rante,</span> <span class='ocrx_word' id='word_1_58' title='bbox 348 860 381 885; x_wconf 87' lang='lat' dir='ltr'>et</span> <span class='ocrx_word' id='word_1_59' title='bbox 405 855 584 894; x_wconf 81' lang='lat' dir='ltr'>imperante</span> <span class='ocrx_word' id='word_1_60' title='bbox 607 856 739 892; x_wconf 47' lang='lat' dir='ltr'>nervi&amp;</span> <span class='ocrx_word' id='word_1_61' title='bbox 763 862 798 886; x_wconf 91' lang='lat' dir='ltr'>ut</span> <span class='ocrx_word' id='word_1_62' title='bbox 820 856 870 887; x_wconf 80' lang='lat' dir='ltr'>sic</span> <span class='ocrx_word' id='word_1_63' title='bbox 893 856 1001 887; x_wconf 87' lang='lat' dir='ltr'>cieant</span> <span class='ocrx_word' id='word_1_64' title='bbox 1024 854 1078 886; x_wconf 87' lang='lat' dir='ltr'>vel</span> <span class='ocrx_word' id='word_1_65' title='bbox 1102 857 1205 897; x_wconf 88' lang='lat' dir='ltr'>repri-</span> <span class='ocrx_word' id='word_1_66' title='bbox 1231 860 1233 866; x_wconf 75' lang='grc'><em>’</em></span> 
     </span>
    </p>
   </div>
   <div class='ocr_carea' id='block_1_7' title="bbox 218 896 1206 1244">
    <p class='ocr_par' dir='ltr' id='par_1_7' title="bbox 218 896 1206 1244">
     <span class='ocr_line' id='line_1_12' title="bbox 220 896 1205 941; baseline 0.003 -14"><span class='ocrx_word' id='word_1_67' title='bbox 220 904 309 928; x_wconf 87' lang='lat' dir='ltr'>mant</span> <span class='ocrx_word' id='word_1_68' title='bbox 335 898 491 928; x_wconf 83' lang='lat' dir='ltr'>membra.</span> <span class='ocrx_word' id='word_1_69' title='bbox 549 896 673 929; x_wconf 85' lang='lat' dir='ltr'>Paulus</span> <span class='ocrx_word' id='word_1_70' title='bbox 711 905 809 930; x_wconf 88' lang='lat' dir='ltr'>vocat</span> <span class='ocrx_word' id='word_1_71' title='bbox 847 909 949 940; x_wconf 86' lang='lat' dir='ltr'>opera</span> <span class='ocrx_word' id='word_1_72' title='bbox 978 898 1073 941; x_wconf 77' lang='lat' dir='ltr'>legis</span> <span class='ocrx_word' id='word_1_73' title='bbox 1131 900 1205 931; x_wconf 92' lang='lat' dir='ltr'>Non</span> 
     </span>
     <span class='ocr_line' id='line_1_13' title="bbox 219 940 1205 982; baseline 0.004 -12"><span class='ocrx_word' id='word_1_74' title='bbox 219 940 366 971; x_wconf 87' lang='lat' dir='ltr'>nominat</span> <span class='ocrx_word' id='word_1_75' title='bbox 388 941 542 978; x_wconf 81' lang='lat' dir='ltr'>virtutes,</span> <span class='ocrx_word' id='word_1_76' title='bbox 579 941 666 982; x_wconf 85' lang='lat' dir='ltr'>quia,</span> <span class='ocrx_word' id='word_1_77' title='bbox 702 943 791 982; x_wconf 91' lang='lat' dir='ltr'>quod</span> <span class='ocrx_word' id='word_1_78' title='bbox 815 942 934 974; x_wconf 87' lang='lat' dir='ltr'>dicitur</span> <span class='ocrx_word' id='word_1_79' title='bbox 956 943 1059 974; x_wconf 81' lang='lat' dir='ltr'>virtus</span> <span class='ocrx_word' id='word_1_80' title='bbox 1084 942 1115 972; x_wconf 90' lang='lat' dir='ltr'>in</span> <span class='ocrx_word' id='word_1_81' title='bbox 1139 953 1205 974; x_wconf 89' lang='lat' dir='ltr'>non</span> 
     </span>
     <span class='ocr_line' id='line_1_14' title="bbox 219 982 1206 1028; baseline 0.003 -15"><span class='ocrx_word' id='word_1_82' title='bbox 219 983 357 1020; x_wconf 77' lang='lat' dir='ltr'>renatis,</span> <span class='ocrx_word' id='word_1_83' title='bbox 381 989 432 1014; x_wconf 82' lang='lat' dir='ltr'>est</span> <span class='ocrx_word' id='word_1_84' title='bbox 454 982 554 1015; x_wconf 86' lang='lat' dir='ltr'>valde</span> <span class='ocrx_word' id='word_1_85' title='bbox 578 985 768 1015; x_wconf 79' lang='lat' dir='ltr'>obscurum.</span> <span class='ocrx_word' id='word_1_86' title='bbox 804 986 914 1026; x_wconf 78' lang='lat' dir='ltr'>Opera</span> <span class='ocrx_word' id='word_1_87' title='bbox 937 985 1091 1024; x_wconf 74' lang='lat' dir='ltr'>hominis,</span> <span class='ocrx_word' id='word_1_88' title='bbox 1116 987 1206 1028; x_wconf 83' lang='lat' dir='ltr'>cogi-</span> 
     </span>
     <span class='ocr_line' id='line_1_15' title="bbox 219 1027 1069 1070; baseline 0.002 -13"><span class='ocrx_word' id='word_1_89' title='bbox 219 1027 320 1064; x_wconf 83' lang='lat' dir='ltr'>tatio,</span> <span class='ocrx_word' id='word_1_90' title='bbox 353 1027 506 1058; x_wconf 75' lang='lat' dir='ltr'>actiones</span> <span class='ocrx_word' id='word_1_91' title='bbox 540 1033 707 1069; x_wconf 87' lang='lat' dir='ltr'>utcunque</span> <span class='ocrx_word' id='word_1_92' title='bbox 742 1027 881 1070; x_wconf 78' lang='lat' dir='ltr'>intelligi</span> <span class='ocrx_word' id='word_1_93' title='bbox 916 1035 1069 1070; x_wconf 75' lang='lat' dir='ltr'>possunt.</span> 
     </span>
     <span class='ocr_line' id='line_1_16' title="bbox 218 1068 1206 1114; baseline 0.003 -14"><span class='ocrx_word' id='word_1_94' title='bbox 218 1068 312 1100; x_wconf 86' lang='lat' dir='ltr'>Deus</span> <span class='ocrx_word' id='word_1_95' title='bbox 337 1075 369 1100; x_wconf 87' lang='lat' dir='ltr'>te</span> <span class='ocrx_word' id='word_1_96' title='bbox 391 1080 493 1101; x_wconf 79' lang='lat' dir='ltr'>nosse</span> <span class='ocrx_word' id='word_1_97' title='bbox 517 1068 642 1110; x_wconf 78' lang='lat' dir='ltr'>legem,</span> <span class='ocrx_word' id='word_1_98' title='bbox 677 1077 709 1102; x_wconf 86' lang='lat' dir='ltr'>et</span> <span class='ocrx_word' id='word_1_99' title='bbox 734 1073 938 1113; x_wconf 76' lang='lat' dir='ltr'>cogitatione</span> <span class='ocrx_word' id='word_1_100' title='bbox 968 1071 1053 1114; x_wconf 82' lang='lat' dir='ltr'>legis</span> <span class='ocrx_word' id='word_1_101' title='bbox 1079 1070 1147 1103; x_wconf 72' lang='lat' dir='ltr'>mh</span> <span class='ocrx_word' id='word_1_102' title='bbox 1173 1078 1206 1103; x_wconf 85' lang='lat' dir='ltr'>te</span> 
     </span>
     <span class='ocr_line' id='line_1_17' title="bbox 218 1113 1205 1157; baseline 0.003 -14"><span class='ocrx_word' id='word_1_103' title='bbox 218 1113 384 1143; x_wconf 83' lang='lat' dir='ltr'>moderari</span> <span class='ocrx_word' id='word_1_104' title='bbox 415 1114 574 1144; x_wconf 84' lang='lat' dir='ltr'>membra.</span> <span class='ocrx_word' id='word_1_105' title='bbox 634 1113 758 1145; x_wconf 76' lang='lat' dir='ltr'>Paulus</span> <span class='ocrx_word' id='word_1_106' title='bbox 792 1113 901 1157; x_wconf 82' lang='lat' dir='ltr'>legem</span> <span class='ocrx_word' id='word_1_107' title='bbox 937 1121 1036 1146; x_wconf 80' lang='lat' dir='ltr'>vocat</span> <span class='ocrx_word' id='word_1_108' title='bbox 1064 1116 1205 1153; x_wconf 75' lang='lat' dir='ltr'>literam,</span> 
     </span>
     <span class='ocr_line' id='line_1_18' title="bbox 219 1155 1206 1198; baseline 0.004 -12"><span class='ocrx_word' id='word_1_109' title='bbox 219 1155 295 1197; x_wconf 88' lang='lat' dir='ltr'>quia</span> <span class='ocrx_word' id='word_1_110' title='bbox 320 1156 479 1197; x_wconf 76' lang='lat' dir='ltr'>cogitatio</span> <span class='ocrx_word' id='word_1_111' title='bbox 504 1163 554 1188; x_wconf 82' lang='lat' dir='ltr'>est</span> <span class='ocrx_word' id='word_1_112' title='bbox 579 1155 694 1187; x_wconf 82' lang='lat' dir='ltr'>similis</span> <span class='ocrx_word' id='word_1_113' title='bbox 718 1158 869 1198; x_wconf 82' lang='lat' dir='ltr'>picturae</span> <span class='ocrx_word' id='word_1_114' title='bbox 892 1159 924 1189; x_wconf 88' lang='lat' dir='ltr'>in</span> <span class='ocrx_word' id='word_1_115' title='bbox 950 1160 1100 1190; x_wconf 85' lang='lat' dir='ltr'>cerebro.</span> <span class='ocrx_word' id='word_1_116' title='bbox 1139 1158 1206 1190; x_wconf 83' lang='lat' dir='ltr'>Cur</span> 
     </span>
     <span class='ocr_line' id='line_1_19' title="bbox 218 1199 1205 1244; baseline 0.002 -15"><span class='ocrx_word' id='word_1_117' title='bbox 218 1199 313 1229; x_wconf 86' lang='lat' dir='ltr'>dicit:</span> <span class='ocrx_word' id='word_1_118' title='bbox 338 1199 453 1230; x_wconf 61' lang='grc' dir='ltr'>Δίωνα</span> <span class='ocrx_word' id='word_1_119' title='bbox 478 1199 619 1230; x_wconf 75' lang='lat' dir='ltr'>occidit?</span> <span class='ocrx_word' id='word_1_120' title='bbox 664 1199 723 1231; x_wconf 87' lang='lat' dir='ltr'>llla</span> <span class='ocrx_word' id='word_1_121' title='bbox 747 1202 905 1243; x_wconf 80' lang='lat' dir='ltr'>cogitatio</span> <span class='ocrx_word' id='word_1_122' title='bbox 929 1201 1014 1244; x_wconf 79' lang='lat' dir='ltr'>legis</span> <span class='ocrx_word' id='word_1_123' title='bbox 1038 1203 1110 1233; x_wconf 75' lang='lat' dir='ltr'>sine</span> <span class='ocrx_word' id='word_1_124' title='bbox 1130 1201 1205 1233; x_wconf 79' lang='lat' dir='ltr'>Deo</span> 
     </span>
    </p>
   </div>
   <div class='ocr_carea' id='block_1_8' title="bbox 218 1241 1233 1287">
    <p class='ocr_par' dir='ltr' id='par_1_8' title="bbox 218 1241 1233 1287">
     <span class='ocr_line' id='line_1_20' title="bbox 218 1241 1233 1287; baseline 0.004 -15"><span class='ocrx_word' id='word_1_125' title='bbox 218 1241 419 1279; x_wconf 70' lang='lat' dir='ltr'>vivificante,</span> <span class='ocrx_word' id='word_1_126' title='bbox 445 1243 566 1274; x_wconf 87' lang='lat' dir='ltr'>occidit</span> <span class='ocrx_word' id='word_1_127' title='bbox 590 1242 769 1275; x_wconf 80' lang='lat' dir='ltr'>hominem:</span> <span class='ocrx_word' id='word_1_128' title='bbox 794 1244 953 1276; x_wconf 83' lang='lat' dir='ltr'>utludam</span> <span class='ocrx_word' id='word_1_129' title='bbox 972 1245 1093 1276; x_wconf 84' lang='lat' dir='ltr'>occidit</span> <span class='ocrx_word' id='word_1_130' title='bbox 1119 1246 1207 1287; x_wconf 81' lang='lat' dir='ltr'>cogi·</span> <span class='ocrx_word' id='word_1_131' title='bbox 1231 1259 1233 1283; x_wconf 85' lang='grc'>;</span> 
     </span>
    </p>
   </div>
   <div class='ocr_carea' id='block_1_9' title="bbox 214 1283 1206 1846">
    <p class='ocr_par' dir='ltr' id='par_1_9' title="bbox 217 1283 1206 1629">
     <span class='ocr_line' id='line_1_21' title="bbox 217 1283 1206 1329; baseline 0.004 -14"><span class='ocrx_word' id='word_1_132' title='bbox 217 1285 297 1316; x_wconf 87' lang='lat' dir='ltr'>tatio</span> <span class='ocrx_word' id='word_1_133' title='bbox 320 1283 417 1327; x_wconf 84' lang='lat' dir='ltr'>legis,</span> <span class='ocrx_word' id='word_1_134' title='bbox 441 1286 622 1317; x_wconf 80' lang='lat' dir='ltr'>ostendens</span> <span class='ocrx_word' id='word_1_135' title='bbox 641 1293 830 1327; x_wconf 70' lang='lat' dir='ltr'>peccatumz</span> <span class='ocrx_word' id='word_1_136' title='bbox 850 1288 926 1329; x_wconf 84' lang='lat' dir='ltr'>quia</span> <span class='ocrx_word' id='word_1_137' title='bbox 950 1294 1001 1319; x_wconf 83' lang='lat' dir='ltr'>est</span> <span class='ocrx_word' id='word_1_138' title='bbox 1025 1289 1097 1319; x_wconf 89' lang='lat' dir='ltr'>sine</span> <span class='ocrx_word' id='word_1_139' title='bbox 1116 1290 1206 1329; x_wconf 80' lang='lat' dir='ltr'>agni-</span> 
     </span>
     <span class='ocr_line' id='line_1_22' title="bbox 218 1327 1206 1372; baseline 0.003 -13"><span class='ocrx_word' id='word_1_140' title='bbox 218 1329 305 1359; x_wconf 83' lang='lat' dir='ltr'>tione</span> <span class='ocrx_word' id='word_1_141' title='bbox 342 1327 399 1359; x_wconf 83' lang='lat' dir='ltr'>filii</span> <span class='ocrx_word' id='word_1_142' title='bbox 422 1329 486 1360; x_wconf 79' lang='lat' dir='ltr'>Dei</span> <span class='ocrx_word' id='word_1_143' title='bbox 522 1329 722 1360; x_wconf 72' lang='lat' dir='ltr'>vivificantis</span> <span class='ocrx_word' id='word_1_144' title='bbox 756 1329 921 1361; x_wconf 86' lang='lat' dir='ltr'>hominem</span> <span class='ocrx_word' id='word_1_145' title='bbox 956 1342 1015 1372; x_wconf 88' lang='lat' dir='ltr'>per</span> <span class='ocrx_word' id='word_1_146' title='bbox 1049 1332 1206 1372; x_wconf 79' lang='lat' dir='ltr'>Spiritum</span> 
     </span>
     <span class='ocr_line' id='line_1_23' title="bbox 217 1377 381 1403; baseline 0.006 -1"><span class='ocrx_word' id='word_1_147' title='bbox 217 1377 381 1403; x_wconf 84' lang='lat' dir='ltr'>sanctum.</span> 
     </span>
     <span class='ocr_line' id='line_1_24' title="bbox 217 1416 1203 1458; baseline 0.002 -12"><span class='ocrx_word' id='word_1_148' title='bbox 217 1421 292 1446; x_wconf 90' lang='lat' dir='ltr'>stus</span> <span class='ocrx_word' id='word_1_149' title='bbox 317 1425 391 1447; x_wconf 91' lang='lat' dir='ltr'>eum</span> <span class='ocrx_word' id='word_1_150' title='bbox 414 1416 558 1456; x_wconf 75' lang='lat' dir='ltr'>aspexit,</span> <span class='ocrx_word' id='word_1_151' title='bbox 583 1416 691 1447; x_wconf 74' lang='lat' dir='ltr'>existit</span> <span class='ocrx_word' id='word_1_152' title='bbox 714 1417 746 1447; x_wconf 91' lang='lat' dir='ltr'>in</span> <span class='ocrx_word' id='word_1_153' title='bbox 760 1417 868 1448; x_wconf 85' lang='lat' dir='ltr'>animo</span> <span class='ocrx_word' id='word_1_154' title='bbox 881 1417 972 1448; x_wconf 90' lang='lat' dir='ltr'>Petri</span> <span class='ocrx_word' id='word_1_155' title='bbox 988 1418 1203 1458; x_wconf 84' lang='lat' dir='ltr'>poenitentia:</span> 
     </span>
     <span class='ocr_line' id='line_1_25' title="bbox 217 1457 1204 1500; baseline 0.003 -11"><span class='ocrx_word' id='word_1_156' title='bbox 217 1458 278 1489; x_wconf 85' lang='lat' dir='ltr'>sed</span> <span class='ocrx_word' id='word_1_157' title='bbox 302 1457 400 1490; x_wconf 89' lang='lat' dir='ltr'>simul</span> <span class='ocrx_word' id='word_1_158' title='bbox 434 1465 487 1489; x_wconf 90' lang='lat' dir='ltr'>est</span> <span class='ocrx_word' id='word_1_159' title='bbox 517 1460 549 1490; x_wconf 87' lang='lat' dir='ltr'>in</span> <span class='ocrx_word' id='word_1_160' title='bbox 581 1469 621 1490; x_wconf 90' lang='lat' dir='ltr'>eo</span> <span class='ocrx_word' id='word_1_161' title='bbox 654 1460 811 1500; x_wconf 82' lang='lat' dir='ltr'>cogitatio</span> <span class='ocrx_word' id='word_1_162' title='bbox 846 1461 887 1491; x_wconf 89' lang='lat' dir='ltr'>de</span> <span class='ocrx_word' id='word_1_163' title='bbox 910 1461 1106 1492; x_wconf 71' lang='lat' dir='ltr'>remissione</span> <span class='ocrx_word' id='word_1_164' title='bbox 1129 1471 1204 1500; x_wconf 88' lang='lat' dir='ltr'>pec-</span> 
     </span>
     <span class='ocr_line' id='line_1_26' title="bbox 217 1506 376 1534; baseline 0.013 -2"><span class='ocrx_word' id='word_1_165' title='bbox 217 1506 376 1534; x_wconf 81' lang='lat' dir='ltr'>catorum.</span> 
     </span>
     <span class='ocr_line' id='line_1_27' title="bbox 217 1544 1204 1586; baseline 0.004 -11"><span class='ocrx_word' id='word_1_166' title='bbox 217 1550 249 1576; x_wconf 89' lang='lat' dir='ltr'>et</span> <span class='ocrx_word' id='word_1_167' title='bbox 272 1544 417 1585; x_wconf 86' lang='lat' dir='ltr'>Spiritus</span> <span class='ocrx_word' id='word_1_168' title='bbox 440 1552 579 1577; x_wconf 83' lang='lat' dir='ltr'>sanetus</span> <span class='ocrx_word' id='word_1_169' title='bbox 603 1545 705 1577; x_wconf 84' lang='lat' dir='ltr'>efficit</span> <span class='ocrx_word' id='word_1_170' title='bbox 727 1544 895 1584; x_wconf 81' lang='lat' dir='ltr'>laetitiam,</span> <span class='ocrx_word' id='word_1_171' title='bbox 926 1552 958 1577; x_wconf 88' lang='lat' dir='ltr'>et</span> <span class='ocrx_word' id='word_1_172' title='bbox 980 1545 1064 1578; x_wconf 86' lang='lat' dir='ltr'>tales</span> <span class='ocrx_word' id='word_1_173' title='bbox 1084 1554 1204 1586; x_wconf 84' lang='lat' dir='ltr'>motus,</span> 
     </span>
     <span class='ocr_line' id='line_1_28' title="bbox 218 1587 507 1629; baseline 0.007 -11"><span class='ocrx_word' id='word_1_174' title='bbox 218 1587 328 1628; x_wconf 88' lang='lat' dir='ltr'>qualis</span> <span class='ocrx_word' id='word_1_175' title='bbox 352 1594 403 1619; x_wconf 87' lang='lat' dir='ltr'>est</span> <span class='ocrx_word' id='word_1_176' title='bbox 426 1588 507 1629; x_wconf 88' lang='lat' dir='ltr'>ipse.</span> 
     </span>
    </p>

    <p class='ocr_par' dir='ltr' id='par_1_10' title="bbox 214 1630 1205 1846">
     <span class='ocr_line' id='line_1_29' title="bbox 305 1630 1203 1675; baseline 0.004 -14"><span class='ocrx_word' id='word_1_177' title='bbox 305 1630 366 1662; x_wconf 90' lang='lat' dir='ltr'>Ubi</span> <span class='ocrx_word' id='word_1_178' title='bbox 390 1637 442 1662; x_wconf 88' lang='lat' dir='ltr'>cst</span> <span class='ocrx_word' id='word_1_179' title='bbox 476 1632 507 1662; x_wconf 89' lang='lat' dir='ltr'>in</span> <span class='ocrx_word' id='word_1_180' title='bbox 543 1637 575 1662; x_wconf 92' lang='lat' dir='ltr'>te</span> <span class='ocrx_word' id='word_1_181' title='bbox 609 1632 735 1673; x_wconf 87' lang='lat' dir='ltr'>scripta</span> <span class='ocrx_word' id='word_1_182' title='bbox 763 1630 842 1664; x_wconf 70' lang='lat' dir='ltr'>lex?</span> <span class='ocrx_word' id='word_1_183' title='bbox 873 1633 929 1664; x_wconf 88' lang='lat' dir='ltr'>ubi</span> <span class='ocrx_word' id='word_1_184' title='bbox 964 1631 1045 1665; x_wconf 85' lang='lat' dir='ltr'>fiunt</span> <span class='ocrx_word' id='word_1_185' title='bbox 1080 1634 1203 1675; x_wconf 84' lang='lat' dir='ltr'>cogita-</span> 
     </span>
     <span class='ocr_line' id='line_1_30' title="bbox 214 1673 1205 1718; baseline 0.004 -14"><span class='ocrx_word' id='word_1_186' title='bbox 214 1673 346 1705; x_wconf 73' lang='lat' dir='ltr'>tiones?</span> <span class='ocrx_word' id='word_1_187' title='bbox 391 1674 425 1705; x_wconf 88' lang='lat' dir='ltr'>ln</span> <span class='ocrx_word' id='word_1_188' title='bbox 455 1675 607 1706; x_wconf 88' lang='lat' dir='ltr'>cerebro.</span> <span class='ocrx_word' id='word_1_189' title='bbox 664 1674 777 1707; x_wconf 78' lang='lat' dir='ltr'>Litera</span> <span class='ocrx_word' id='word_1_190' title='bbox 812 1681 863 1707; x_wconf 88' lang='lat' dir='ltr'>est</span> <span class='ocrx_word' id='word_1_191' title='bbox 899 1676 1054 1718; x_wconf 83' lang='lat' dir='ltr'>quiddam</span> <span class='ocrx_word' id='word_1_192' title='bbox 1084 1677 1205 1718; x_wconf 83' lang='lat' dir='ltr'>pictum</span> 
     </span>
     <span class='ocr_line' id='line_1_31' title="bbox 216 1718 1203 1759; baseline 0.003 -11"><span class='ocrx_word' id='word_1_193' title='bbox 216 1718 248 1748; x_wconf 86' lang='lat' dir='ltr'>in</span> <span class='ocrx_word' id='word_1_194' title='bbox 273 1718 431 1755; x_wconf 83' lang='lat' dir='ltr'>cerebro,</span> <span class='ocrx_word' id='word_1_195' title='bbox 455 1723 487 1748; x_wconf 89' lang='lat' dir='ltr'>et</span> <span class='ocrx_word' id='word_1_196' title='bbox 510 1728 575 1748; x_wconf 88' lang='lat' dir='ltr'>non</span> <span class='ocrx_word' id='word_1_197' title='bbox 612 1724 663 1748; x_wconf 92' lang='lat' dir='ltr'>est</span> <span class='ocrx_word' id='word_1_198' title='bbox 698 1718 853 1759; x_wconf 79' lang='lat' dir='ltr'>quiddam</span> <span class='ocrx_word' id='word_1_199' title='bbox 887 1720 999 1750; x_wconf 77' lang='lat' dir='ltr'>vivum</span> <span class='ocrx_word' id='word_1_200' title='bbox 1034 1719 1066 1750; x_wconf 95' lang='lat' dir='ltr'>in</span> <span class='ocrx_word' id='word_1_201' title='bbox 1090 1720 1203 1751; x_wconf 89' lang='lat' dir='ltr'>corde.</span> 
     </span>
     <span class='ocr_line' id='line_1_32' title="bbox 216 1759 1203 1802; baseline 0.004 -12"><span class='ocrx_word' id='word_1_202' title='bbox 216 1760 269 1790; x_wconf 79' lang='lat' dir='ltr'>Ad</span> <span class='ocrx_word' id='word_1_203' title='bbox 294 1759 422 1791; x_wconf 78' lang='lat' dir='ltr'>literam</span> <span class='ocrx_word' id='word_1_204' title='bbox 442 1761 582 1800; x_wconf 84' lang='lat' dir='ltr'>pertinet</span> <span class='ocrx_word' id='word_1_205' title='bbox 606 1760 790 1802; x_wconf 77' lang='lat' dir='ltr'>disciplina.</span> <span class='ocrx_word' id='word_1_206' title='bbox 836 1762 967 1793; x_wconf 85' lang='lat' dir='ltr'>Interim</span> <span class='ocrx_word' id='word_1_207' title='bbox 990 1773 1049 1794; x_wconf 90' lang='lat' dir='ltr'>cor</span> <span class='ocrx_word' id='word_1_208' title='bbox 1072 1769 1203 1794; x_wconf 81' lang='lat' dir='ltr'>aestuat</span> 
     </span>
     <span class='ocr_line' id='line_1_33' title="bbox 215 1803 960 1846; baseline 0.004 -12"><span class='ocrx_word' id='word_1_209' title='bbox 215 1803 348 1844; x_wconf 72' lang='lat' dir='ltr'>Eut-ipis</span> <span class='ocrx_word' id='word_1_210' title='bbox 373 1803 533 1836; x_wconf 84' lang='lat' dir='ltr'>fluctuum</span> <span class='ocrx_word' id='word_1_211' title='bbox 559 1803 717 1835; x_wconf 82' lang='lat' dir='ltr'>malarum</span> <span class='ocrx_word' id='word_1_212' title='bbox 741 1805 960 1846; x_wconf 80' lang='lat' dir='ltr'>cupiditatum.</span> 
     </span>
    </p>
   </div>
   <div class='ocr_carea' id='block_1_10' title="bbox 215 1969 1229 2027">
    <p class='ocr_par' dir='ltr' id='par_1_11' title="bbox 215 1969 1229 2027">
     <span class='ocr_line' id='line_1_34' title="bbox 215 1969 1229 2027; baseline 0.004 -18"><span class='ocrx_word' id='word_1_213' title='bbox 215 1969 286 2009; x_wconf 87' lang='lat' dir='ltr'>De</span> <span class='ocrx_word' id='word_1_214' title='bbox 319 1970 529 2023; x_wconf 82' lang='lat' dir='ltr'>poenis</span> <span class='ocrx_word' id='word_1_215' title='bbox 561 1971 836 2010; x_wconf 79' lang='lat' dir='ltr'>violatae</span> <span class='ocrx_word' id='word_1_216' title='bbox 872 1971 1229 2027; x_wconf 59' lang='lat' dir='ltr'>disciplinae?</span> 
     </span>
    </p>
   </div>
   <div class='ocr_carea' id='block_1_11' title="bbox 345 2062 1201 2191">
    <p class='ocr_par' dir='ltr' id='par_1_12' title="bbox 345 2062 1201 2191">
     <span class='ocr_line' id='line_1_35' title="bbox 345 2062 1101 2101; baseline 0.005 -10"><span class='ocrx_word' id='word_1_217' title='bbox 345 2063 437 2092; x_wconf 72' lang='lat' dir='ltr'>Mulli</span> <span class='ocrx_word' id='word_1_218' title='bbox 457 2062 618 2092; x_wconf 71' lang='lat' dir='ltr'>evandzmt</span> <span class='ocrx_word' id='word_1_219' title='bbox 637 2072 760 2101; x_wconf 78' lang='lat' dir='ltr'>poenas</span> <span class='ocrx_word' id='word_1_220' title='bbox 777 2073 909 2094; x_wconf 59' lang='grc' dir='ltr'>εςηοναηι</span> <span class='ocrx_word' id='word_1_221' title='bbox 931 2066 1101 2096; x_wconf 76' lang='lat' dir='ltr'>scelerum:</span> 
     </span>
     <span class='ocr_line' id='line_1_36' title="bbox 347 2105 1201 2146; baseline 0.007 -12"><span class='ocrx_word' id='word_1_222' title='bbox 347 2105 433 2143; x_wconf 68' lang='lat' dir='ltr'>Eryo</span> <span class='ocrx_word' id='word_1_223' title='bbox 455 2114 519 2135; x_wconf 78' lang='lat' dir='ltr'>uon</span> <span class='ocrx_word' id='word_1_224' title='bbox 542 2110 617 2135; x_wconf 75' lang='lat' dir='ltr'>sunl</span> <span class='ocrx_word' id='word_1_225' title='bbox 632 2108 852 2137; x_wconf 72' lang='lat' dir='ltr'>7111711er0711lae</span> <span class='ocrx_word' id='word_1_226' title='bbox 865 2116 991 2146; x_wconf 72' lang='lat' dir='ltr'>poenae</span> <span class='ocrx_word' id='word_1_227' title='bbox 1009 2110 1095 2139; x_wconf 77' lang='lat' dir='ltr'>luter</span> <span class='ocrx_word' id='word_1_228' title='bbox 1111 2118 1201 2140; x_wconf 77' lang='lat' dir='ltr'>caus—</span> 
     </span>
     <span class='ocr_line' id='line_1_37' title="bbox 388 2151 1201 2191; baseline 0.005 -13"><span class='ocrx_word' id='word_1_229' title='bbox 388 2157 456 2184; x_wconf 75' lang='lat' dir='ltr'>sas,</span> <span class='ocrx_word' id='word_1_230' title='bbox 485 2157 543 2178; x_wconf 80' lang='lat' dir='ltr'>cm·</span> <span class='ocrx_word' id='word_1_231' title='bbox 567 2157 696 2179; x_wconf 54' lang='lat' dir='ltr'>necesse</span> <span class='ocrx_word' id='word_1_232' title='bbox 719 2152 761 2180; x_wconf 75' lang='lat' dir='ltr'>sit</span> <span class='ocrx_word' id='word_1_233' title='bbox 787 2154 960 2189; x_wconf 72' lang='lat' dir='ltr'>praestare</span> <span class='ocrx_word' id='word_1_234' title='bbox 988 2151 1201 2191; x_wconf 67' lang='lat' dir='ltr'>disciplinam.</span> 
     </span>
    </p>
   </div>
   <div class='ocr_carea' id='block_1_12' title="bbox 302 2213 1227 2258">
    <p class='ocr_par' dir='ltr' id='par_1_13' title="bbox 302 2213 1227 2258">
     <span class='ocr_line' id='line_1_38' title="bbox 302 2213 1227 2258; baseline 0.006 -12"><span class='ocrx_word' id='word_1_235' title='bbox 302 2214 516 2256; x_wconf 85' lang='lat' dir='ltr'>Respondeo.</span> <span class='ocrx_word' id='word_1_236' title='bbox 552 2215 777 2247; x_wconf 73' lang='lat' dir='ltr'>Ecclesiastes</span> <span class='ocrx_word' id='word_1_237' title='bbox 797 2229 869 2258; x_wconf 84' lang='lat' dir='ltr'>cap.</span> <span class='ocrx_word' id='word_1_238' title='bbox 893 2218 923 2248; x_wconf 75' lang='lat' dir='ltr'>S.</span> <span class='ocrx_word' id='word_1_239' title='bbox 949 2218 1043 2250; x_wconf 80' lang='lat' dir='ltr'>dicit:</span> <span class='ocrx_word' id='word_1_240' title='bbox 1066 2220 1204 2252; x_wconf 74' lang='lat' dir='ltr'>Etiamsi</span> <span class='ocrx_word' id='word_1_241' title='bbox 1226 2213 1227 2220; x_wconf 14' lang='grc' dir='ltr'>ἵ</span> 
     </span>
    </p>
   </div>
   <div class='ocr_carea' id='block_1_13' title="bbox 212 2261 1201 2550">
    <p class='ocr_par' dir='ltr' id='par_1_14' title="bbox 212 2261 1201 2550">
     <span class='ocr_line' id='line_1_39' title="bbox 214 2261 1201 2299; baseline 0.004 -9"><span class='ocrx_word' id='word_1_242' title='bbox 214 2261 410 2299; x_wconf 72' lang='lat' dir='ltr'>tltffi’rmzlm·</span> <span class='ocrx_word' id='word_1_243' title='bbox 430 2269 565 2299; x_wconf 76' lang='lat' dir='ltr'>poenae,</span> <span class='ocrx_word' id='word_1_244' title='bbox 589 2264 695 2291; x_wconf 78' lang='lat' dir='ltr'>tamen</span> <span class='ocrx_word' id='word_1_245' title='bbox 719 2264 836 2299; x_wconf 75' lang='lat' dir='ltr'>impius</span> <span class='ocrx_word' id='word_1_246' title='bbox 858 2272 916 2292; x_wconf 77' lang='lat' dir='ltr'>seu</span> <span class='ocrx_word' id='word_1_247' title='bbox 938 2265 1116 2294; x_wconf 76' lang='lat' dir='ltr'>sceleratas</span> <span class='ocrx_word' id='word_1_248' title='bbox 1137 2273 1201 2295; x_wconf 79' lang='lat' dir='ltr'>mm</span> 
     </span>
     <span class='ocr_line' id='line_1_40' title="bbox 213 2303 330 2334; baseline 0 -1"><span class='ocrx_word' id='word_1_249' title='bbox 213 2303 330 2334; x_wconf 68' lang='lat' dir='ltr'>evadit.</span> 
     </span>
     <span class='ocr_line' id='line_1_41' title="bbox 214 2344 1200 2387; baseline 0.004 -11"><span class='ocrx_word' id='word_1_250' title='bbox 214 2355 290 2376; x_wconf 78' lang='lat' dir='ltr'>esse</span> <span class='ocrx_word' id='word_1_251' title='bbox 313 2345 523 2376; x_wconf 73' lang='lat' dir='ltr'>metuendas:</span> <span class='ocrx_word' id='word_1_252' title='bbox 558 2347 634 2387; x_wconf 81' lang='lat' dir='ltr'>quia</span> <span class='ocrx_word' id='word_1_253' title='bbox 663 2344 836 2377; x_wconf 67' lang='lat' dir='ltr'>alius‘alio</span> <span class='ocrx_word' id='word_1_254' title='bbox 860 2348 901 2378; x_wconf 72' lang='lat' dir='ltr'>sit</span> <span class='ocrx_word' id='word_1_255' title='bbox 925 2346 1133 2387; x_wconf 70' lang='lat' dir='ltr'>fortunatior,</span> <span class='ocrx_word' id='word_1_256' title='bbox 1164 2355 1200 2380; x_wconf 85' lang='lat' dir='ltr'>ut</span> 
     </span>
     <span class='ocr_line' id='line_1_42' title="bbox 213 2387 1198 2430; baseline 0.003 -10"><span class='ocrx_word' id='word_1_257' title='bbox 213 2387 355 2420; x_wconf 78' lang='lat' dir='ltr'>evendnt</span> <span class='ocrx_word' id='word_1_258' title='bbox 380 2387 631 2430; x_wconf 70' lang='lat' dir='ltr'>aliquantisper:</span> <span class='ocrx_word' id='word_1_259' title='bbox 667 2400 731 2420; x_wconf 89' lang='lat' dir='ltr'>non</span> <span class='ocrx_word' id='word_1_260' title='bbox 756 2396 877 2428; x_wconf 82' lang='lat' dir='ltr'>autem,</span> <span class='ocrx_word' id='word_1_261' title='bbox 913 2399 942 2421; x_wconf 88' lang='lat' dir='ltr'>ut</span> <span class='ocrx_word' id='word_1_262' title='bbox 972 2393 1112 2429; x_wconf 69' lang='lat' dir='ltr'>caeteri,</span> <span class='ocrx_word' id='word_1_263' title='bbox 1144 2393 1198 2423; x_wconf 85' lang='lat' dir='ltr'>de-</span> 
     </span>
     <span class='ocr_line' id='line_1_43' title="bbox 212 2432 1199 2473; baseline 0.004 -11"><span class='ocrx_word' id='word_1_264' title='bbox 212 2432 438 2473; x_wconf 83' lang='lat' dir='ltr'>prehendatur</span> <span class='ocrx_word' id='word_1_265' title='bbox 468 2434 592 2463; x_wconf 68' lang='lat' dir='ltr'>statim:</span> <span class='ocrx_word' id='word_1_266' title='bbox 626 2433 686 2463; x_wconf 82' lang='lat' dir='ltr'>sed</span> <span class='ocrx_word' id='word_1_267' title='bbox 725 2433 790 2463; x_wconf 81' lang='lat' dir='ltr'>noc</span> <span class='ocrx_word' id='word_1_268' title='bbox 824 2435 1100 2466; x_wconf 74' lang='lat' dir='ltr'>consider-mulum</span> <span class='ocrx_word' id='word_1_269' title='bbox 1135 2443 1199 2473; x_wconf 78' lang='lat' dir='ltr'>est,</span> 
     </span>
     <span class='ocr_line' id='line_1_44' title="bbox 214 2473 1196 2516; baseline 0.003 -11"><span class='ocrx_word' id='word_1_270' title='bbox 214 2473 311 2505; x_wconf 67' lang='lat' dir='ltr'>alium</span> <span class='ocrx_word' id='word_1_271' title='bbox 336 2475 440 2515; x_wconf 84' lang='lat' dir='ltr'>puniri</span> <span class='ocrx_word' id='word_1_272' title='bbox 466 2476 578 2513; x_wconf 72' lang='lat' dir='ltr'>citius,</span> <span class='ocrx_word' id='word_1_273' title='bbox 613 2474 684 2506; x_wconf 80' lang='lat' dir='ltr'>aliis</span> <span class='ocrx_word' id='word_1_274' title='bbox 709 2486 848 2516; x_wconf 79' lang='lat' dir='ltr'>poenam</span> <span class='ocrx_word' id='word_1_275' title='bbox 874 2477 995 2508; x_wconf 81' lang='lat' dir='ltr'>differri</span> <span class='ocrx_word' id='word_1_276' title='bbox 1031 2479 1196 2510; x_wconf 82' lang='lat' dir='ltr'>divinitus.</span> 
     </span>
     <span class='ocr_line' id='line_1_45' title="bbox 214 2516 771 2550; baseline 0.002 -3"><span class='ocrx_word' id='word_1_277' title='bbox 214 2516 301 2548; x_wconf 86' lang='lat' dir='ltr'>Idem</span> <span class='ocrx_word' id='word_1_278' title='bbox 327 2518 447 2548; x_wconf 87' lang='lat' dir='ltr'>dictum</span> <span class='ocrx_word' id='word_1_279' title='bbox 473 2525 518 2549; x_wconf 72' lang='lat' dir='ltr'>est</span> <span class='ocrx_word' id='word_1_280' title='bbox 546 2519 577 2549; x_wconf 89' lang='lat' dir='ltr'>in</span> <span class='ocrx_word' id='word_1_281' title='bbox 602 2519 771 2550; x_wconf 74' lang='lat' dir='ltr'>versibus:</span> 
     </span>
    </p>
   </div>
   <div class='ocr_carea' id='block_1_14' title="bbox 343 2579 1134 2662">
    <p class='ocr_par' dir='ltr' id='par_1_15' title="bbox 343 2579 1134 2662">
     <span class='ocr_line' id='line_1_46' title="bbox 343 2579 1134 2620; baseline 0.005 -12"><span class='ocrx_word' id='word_1_282' title='bbox 343 2579 387 2609; x_wconf 71' lang='lat' dir='ltr'>Ab</span> <span class='ocrx_word' id='word_1_283' title='bbox 410 2580 518 2613; x_wconf 73' lang='lat' dir='ltr'>miser,</span> <span class='ocrx_word' id='word_1_284' title='bbox 543 2579 604 2611; x_wconf 76' lang='lat' dir='ltr'>etsi</span> <span class='ocrx_word' id='word_1_285' title='bbox 624 2583 695 2618; x_wconf 77' lang='lat' dir='ltr'>quis</span> <span class='ocrx_word' id='word_1_286' title='bbox 713 2582 854 2619; x_wconf 76' lang='lat' dir='ltr'>primum</span> <span class='ocrx_word' id='word_1_287' title='bbox 873 2583 1023 2619; x_wconf 69' lang='lat' dir='ltr'>periuria</span> <span class='ocrx_word' id='word_1_288' title='bbox 1044 2583 1134 2620; x_wconf 77' lang='lat' dir='ltr'>celae,</span> 
     </span>
     <span class='ocr_line' id='line_1_47' title="bbox 344 2621 1080 2662; baseline 0.005 -11"><span class='ocrx_word' id='word_1_289' title='bbox 344 2621 425 2653; x_wconf 79' lang='lat' dir='ltr'>Sera</span> <span class='ocrx_word' id='word_1_290' title='bbox 449 2626 555 2653; x_wconf 78' lang='lat' dir='ltr'>tamen</span> <span class='ocrx_word' id='word_1_291' title='bbox 579 2623 687 2654; x_wconf 75' lang='lat' dir='ltr'>lacitz&#39;s</span> <span class='ocrx_word' id='word_1_292' title='bbox 705 2631 812 2662; x_wconf 70' lang='lat' dir='ltr'>poena</span> <span class='ocrx_word' id='word_1_293' title='bbox 834 2626 921 2654; x_wconf 52' lang='lat' dir='ltr'>‘veuit</span> <span class='ocrx_word' id='word_1_294' title='bbox 937 2623 1080 2662; x_wconf 66' lang='lat' dir='ltr'>pedibus.</span> 
     </span>
    </p>
   </div>
   <div class='ocr_carea' id='block_1_15' title="bbox 865 158 1604 192">
    <p class='ocr_par' dir='ltr' id='par_1_16' title="bbox 865 158 1604 192">
     <span class='ocr_line' id='line_1_48' title="bbox 865 158 1604 192; baseline -0.001 -1"><span class='ocrx_word' id='word_1_295' title='bbox 865 159 974 191; x_wconf 86' lang='lat' dir='ltr'>PHlL.</span> <span class='ocrx_word' id='word_1_296' title='bbox 999 159 1104 191; x_wconf 82' lang='lat' dir='ltr'><strong>MEL.</strong></span> <span class='ocrx_word' id='word_1_297' title='bbox 1128 158 1315 192; x_wconf 78' lang='lat' dir='ltr'>SCRIPTA</span> <span class='ocrx_word' id='word_1_298' title='bbox 1339 158 1604 191; x_wconf 80' lang='lat' dir='ltr'><strong>EXEGETICA.</strong></span> 
     </span>
    </p>
   </div>
   <div class='ocr_carea' id='block_1_16' title="bbox 1126 1028 1233 1061">
    <p class='ocr_par' dir='ltr' id='par_1_17' title="bbox 1126 1028 1233 1061">
     <span class='ocr_line' id='line_1_49' title="bbox 1126 1028 1233 1061; baseline 0.009 -2"><span class='ocrx_word' id='word_1_299' title='bbox 1126 1028 1205 1061; x_wconf 84' lang='lat' dir='ltr'>Vult</span> <span class='ocrx_word' id='word_1_300' title='bbox 1232 1042 1233 1045; x_wconf 50' lang='lat'>¹</span> 
     </span>
    </p>
   </div>
   <div class='ocr_carea' id='block_1_17' title="bbox 428 1372 1232 1408">
    <p class='ocr_par' dir='ltr' id='par_1_18' title="bbox 428 1372 1232 1408">
     <span class='ocr_line' id='line_1_50' title="bbox 428 1372 1232 1408; baseline 0.002 -5"><span class='ocrx_word' id='word_1_301' title='bbox 428 1372 521 1408; x_wconf 83' lang='lat' dir='ltr'>Quae</span> <span class='ocrx_word' id='word_1_302' title='bbox 545 1382 599 1403; x_wconf 82' lang='lat' dir='ltr'>res</span> <span class='ocrx_word' id='word_1_303' title='bbox 623 1378 790 1404; x_wconf 88' lang='lat' dir='ltr'>sustentat</span> <span class='ocrx_word' id='word_1_304' title='bbox 815 1373 970 1405; x_wconf 73' lang='lat' dir='ltr'>Petrum?</span> <span class='ocrx_word' id='word_1_305' title='bbox 1006 1373 1088 1405; x_wconf 93' lang='lat' dir='ltr'>Cum</span> <span class='ocrx_word' id='word_1_306' title='bbox 1113 1373 1205 1405; x_wconf 86' lang='lat' dir='ltr'>Chri·</span> <span class='ocrx_word' id='word_1_307' title='bbox 1231 1383 1232 1397; x_wconf 63' lang='lat'>³</span> 
     </span>
    </p>
   </div>
   <div class='ocr_carea' id='block_1_18' title="bbox 422 1501 1232 1543">
    <p class='ocr_par' dir='ltr' id='par_1_19' title="bbox 422 1501 1232 1543">
     <span class='ocr_line' id='line_1_51' title="bbox 422 1501 1232 1543; baseline 0.004 -11"><span class='ocrx_word' id='word_1_308' title='bbox 422 1503 457 1533; x_wconf 93' lang='lat' dir='ltr'>In</span> <span class='ocrx_word' id='word_1_309' title='bbox 481 1501 537 1533; x_wconf 82' lang='lat' dir='ltr'>illa</span> <span class='ocrx_word' id='word_1_310' title='bbox 561 1502 762 1543; x_wconf 81' lang='lat' dir='ltr'>cogitatione</span> <span class='ocrx_word' id='word_1_311' title='bbox 786 1510 837 1534; x_wconf 78' lang='lat' dir='ltr'>est</span> <span class='ocrx_word' id='word_1_312' title='bbox 867 1502 987 1534; x_wconf 81' lang='lat' dir='ltr'>efficax</span> <span class='ocrx_word' id='word_1_313' title='bbox 1017 1503 1104 1535; x_wconf 73' lang='lat' dir='ltr'>filius</span> <span class='ocrx_word' id='word_1_314' title='bbox 1129 1504 1204 1542; x_wconf 89' lang='lat' dir='ltr'>Dei,</span> <span class='ocrx_word' id='word_1_315' title='bbox 1230 1502 1232 1509; x_wconf 88' lang='lat'>&#39;</span> 
     </span>
    </p>
   </div>
   <div class='ocr_carea' id='block_1_19' title="bbox 387 2301 1228 2345">
    <p class='ocr_par' dir='ltr' id='par_1_20' title="bbox 387 2301 1228 2345">
     <span class='ocr_line' id='line_1_52' title="bbox 387 2301 1228 2345; baseline 0.006 -13"><span class='ocrx_word' id='word_1_316' title='bbox 387 2301 461 2332; x_wconf 77' lang='lat' dir='ltr'>Non</span> <span class='ocrx_word' id='word_1_317' title='bbox 495 2310 545 2333; x_wconf 86' lang='lat' dir='ltr'>est</span> <span class='ocrx_word' id='word_1_318' title='bbox 574 2303 674 2344; x_wconf 76' lang='lat' dir='ltr'>igitur</span> <span class='ocrx_word' id='word_1_319' title='bbox 710 2305 936 2343; x_wconf 71' lang='lat' dir='ltr'>cogitandmn,</span> <span class='ocrx_word' id='word_1_320' title='bbox 971 2316 1098 2345; x_wconf 68' lang='lat' dir='ltr'>poenas</span> <span class='ocrx_word' id='word_1_321' title='bbox 1133 2317 1199 2337; x_wconf 88' lang='lat' dir='ltr'>non</span> <span class='ocrx_word' id='word_1_322' title='bbox 1226 2310 1228 2319; x_wconf 80' lang='lat'><em>&#39;</em></span> 
     </span>
    </p>
   </div>
   <div class='ocr_carea' id='block_1_20' title="bbox 1221 2610 1224 2629">
    <p class='ocr_par' dir='ltr' id='par_1_21' title="bbox 1221 2610 1224 2629">
     <span class='ocr_line' id='line_1_53' title="bbox 1221 2610 1224 2629; baseline 0 0"><span class='ocrx_word' id='word_1_323' title='bbox 1221 2610 1224 2629; x_wconf 83' lang='lat'>1</span> 
     </span>
    </p>
   </div>
   <div class='ocr_carea' id='block_1_21' title="bbox 1219 2623 1563 2664">
    <p class='ocr_par' dir='ltr' id='par_1_22' title="bbox 1219 2623 1563 2664">
     <span class='ocr_line' id='line_1_54' title="bbox 1219 2623 1563 2664; baseline -0.009 -9"><span class='ocrx_word' id='word_1_324' title='bbox 1219 2633 1224 2662; x_wconf 66' lang='lat' dir='ltr'>j</span> <span class='ocrx_word' id='word_1_325' title='bbox 1249 2633 1328 2655; x_wconf 81' lang='lat' dir='ltr'>vera</span> <span class='ocrx_word' id='word_1_326' title='bbox 1353 2623 1563 2664; x_wconf 84' lang='lat' dir='ltr'>poenitentia.</span> 
     </span>
    </p>
   </div>
   <div class='ocr_carea' id='block_1_22' title="bbox 1228 1838 2136 1890">
    <p class='ocr_par' dir='ltr' id='par_1_23' title="bbox 1228 1838 2136 1890">
     <span class='ocr_line' id='line_1_55' title="bbox 1228 1838 2136 1890; baseline -0.002 -12"><span class='ocrx_word' id='word_1_327' title='bbox 1228 1838 1379 1886; x_wconf 51' lang='lat' dir='ltr'>³dicere,</span> <span class='ocrx_word' id='word_1_328' title='bbox 1404 1849 1570 1890; x_wconf 86' lang='lat' dir='ltr'>quomodo</span> <span class='ocrx_word' id='word_1_329' title='bbox 1605 1846 1758 1889; x_wconf 79' lang='lat' dir='ltr'>placeant</span> <span class='ocrx_word' id='word_1_330' title='bbox 1795 1848 1882 1877; x_wconf 87' lang='lat' dir='ltr'>bona</span> <span class='ocrx_word' id='word_1_331' title='bbox 1916 1857 2019 1887; x_wconf 88' lang='lat' dir='ltr'>opera</span> <span class='ocrx_word' id='word_1_332' title='bbox 2054 1845 2136 1877; x_wconf 88' lang='lat' dir='ltr'>Deo.</span> 
     </span>
    </p>
   </div>
   <div class='ocr_carea' id='block_1_23' title="bbox 1226 546 1237 2587">
    <p class='ocr_par' dir='ltr' id='par_1_24' title="bbox 1226 546 1237 2587">
     <span class='ocr_line' id='line_1_56' title="bbox 1226 546 1237 2587; baseline 0 0"><span class='ocrx_word' id='word_1_333' title='bbox 1226 546 1237 2587; x_wconf 95' lang='lat' dir='ltr'> </span> 
     </span>
    </p>
   </div>
   <div class='ocr_carea' id='block_1_24' title="bbox 2181 161 2245 192">
    <p class='ocr_par' dir='ltr' id='par_1_25' title="bbox 2181 161 2245 192">
     <span class='ocr_line' id='line_1_57' title="bbox 2181 161 2245 192; baseline 0 0"><span class='ocrx_word' id='word_1_334' title='bbox 2181 161 2245 192; x_wconf 81' lang='lat'>340</span> 
     </span>
    </p>
   </div>
   <div class='ocr_carea' id='block_1_25' title="bbox 1258 252 2246 1458">
    <p class='ocr_par' dir='ltr' id='par_1_26' title="bbox 1258 252 2246 1458">
     <span class='ocr_line' id='line_1_58' title="bbox 1264 252 2245 295; baseline 0.003 -11"><span class='ocrx_word' id='word_1_335' title='bbox 1264 253 1359 285; x_wconf 84' lang='lat' dir='ltr'>Deus</span> <span class='ocrx_word' id='word_1_336' title='bbox 1382 261 1495 285; x_wconf 75' lang='lat' dir='ltr'>servat</span> <span class='ocrx_word' id='word_1_337' title='bbox 1517 253 1604 284; x_wconf 90' lang='lat' dir='ltr'>hanc</span> <span class='ocrx_word' id='word_1_338' title='bbox 1627 252 1776 295; x_wconf 79' lang='lat' dir='ltr'>regulam</span> <span class='ocrx_word' id='word_1_339' title='bbox 1799 253 1894 285; x_wconf 86' lang='lat' dir='ltr'>etiam</span> <span class='ocrx_word' id='word_1_340' title='bbox 1918 255 1950 284; x_wconf 91' lang='lat' dir='ltr'>in</span> <span class='ocrx_word' id='word_1_341' title='bbox 1974 254 2037 285; x_wconf 84' lang='lat' dir='ltr'>hac</span> <span class='ocrx_word' id='word_1_342' title='bbox 2061 255 2143 291; x_wconf 84' lang='lat' dir='ltr'>vita;</span> <span class='ocrx_word' id='word_1_343' title='bbox 2166 255 2245 288; x_wconf 88' lang='lat' dir='ltr'>Scio</span> 
     </span>
     <span class='ocr_line' id='line_1_59' title="bbox 1263 295 2245 338; baseline 0.003 -11"><span class='ocrx_word' id='word_1_344' title='bbox 1263 295 1422 334; x_wconf 86' lang='lat' dir='ltr'>Domine,</span> <span class='ocrx_word' id='word_1_345' title='bbox 1457 297 1545 338; x_wconf 85' lang='lat' dir='ltr'>quod</span> <span class='ocrx_word' id='word_1_346' title='bbox 1575 307 1642 328; x_wconf 91' lang='lat' dir='ltr'>non</span> <span class='ocrx_word' id='word_1_347' title='bbox 1673 298 1783 338; x_wconf 76' lang='lat' dir='ltr'>parcis</span> <span class='ocrx_word' id='word_1_348' title='bbox 1819 295 2036 338; x_wconf 77' lang='lat' dir='ltr'>delinquenti,</span> <span class='ocrx_word' id='word_1_349' title='bbox 2073 298 2144 328; x_wconf 84' lang='lat' dir='ltr'>sive</span> <span class='ocrx_word' id='word_1_350' title='bbox 2179 299 2245 337; x_wconf 79' lang='lat' dir='ltr'>sint</span> 
     </span>
     <span class='ocr_line' id='line_1_60' title="bbox 1262 338 2244 377; baseline 0.004 -8"><span class='ocrx_word' id='word_1_351' title='bbox 1262 341 1368 371; x_wconf 83' lang='lat' dir='ltr'>sancti</span> <span class='ocrx_word' id='word_1_352' title='bbox 1392 347 1424 370; x_wconf 85' lang='lat' dir='ltr'>et</span> <span class='ocrx_word' id='word_1_353' title='bbox 1448 338 1571 377; x_wconf 82' lang='lat' dir='ltr'>dilecti,</span> <span class='ocrx_word' id='word_1_354' title='bbox 1596 341 1668 371; x_wconf 78' lang='lat' dir='ltr'>sive</span> <span class='ocrx_word' id='word_1_355' title='bbox 1692 341 1756 371; x_wconf 72' lang='lat' dir='ltr'>sint</span> <span class='ocrx_word' id='word_1_356' title='bbox 1786 340 1897 371; x_wconf 89' lang='lat' dir='ltr'>reiecti</span> <span class='ocrx_word' id='word_1_357' title='bbox 1921 350 1942 371; x_wconf 79' lang='lat' dir='ltr'>a</span> <span class='ocrx_word' id='word_1_358' title='bbox 1964 339 2048 371; x_wconf 87' lang='lat' dir='ltr'>Deo.</span> <span class='ocrx_word' id='word_1_359' title='bbox 2095 340 2193 376; x_wconf 87' lang='lat' dir='ltr'>Quod</span> <span class='ocrx_word' id='word_1_360' title='bbox 2215 340 2244 373; x_wconf 87' lang='lat' dir='ltr'>si</span> 
     </span>
     <span class='ocr_line' id='line_1_61' title="bbox 1261 381 2244 426; baseline 0.002 -13"><span class='ocrx_word' id='word_1_361' title='bbox 1261 381 1440 424; x_wconf 84' lang='lat' dir='ltr'>aliquando</span> <span class='ocrx_word' id='word_1_362' title='bbox 1464 383 1498 413; x_wconf 83' lang='lat' dir='ltr'>fit</span> <span class='ocrx_word' id='word_1_363' title='bbox 1523 384 1734 421; x_wconf 82' lang='lat' dir='ltr'>contrarium,</span> <span class='ocrx_word' id='word_1_364' title='bbox 1769 381 1903 414; x_wconf 84' lang='lat' dir='ltr'>stultum</span> <span class='ocrx_word' id='word_1_365' title='bbox 1926 390 1990 420; x_wconf 89' lang='lat' dir='ltr'>est,</span> <span class='ocrx_word' id='word_1_366' title='bbox 2024 382 2110 415; x_wconf 88' lang='lat' dir='ltr'>velle</span> <span class='ocrx_word' id='word_1_367' title='bbox 2133 384 2244 426; x_wconf 85' lang='lat' dir='ltr'>singu·</span> 
     </span>
     <span class='ocr_line' id='line_1_62' title="bbox 1261 424 2245 467; baseline 0.002 -11"><span class='ocrx_word' id='word_1_368' title='bbox 1261 424 1332 457; x_wconf 86' lang='lat' dir='ltr'>lare</span> <span class='ocrx_word' id='word_1_369' title='bbox 1356 425 1421 457; x_wconf 88' lang='lat' dir='ltr'>hoc</span> <span class='ocrx_word' id='word_1_370' title='bbox 1445 425 1584 467; x_wconf 73' lang='lat' dir='ltr'>eligere,</span> <span class='ocrx_word' id='word_1_371' title='bbox 1619 427 1708 467; x_wconf 83' lang='lat' dir='ltr'>quod</span> <span class='ocrx_word' id='word_1_372' title='bbox 1732 432 1784 456; x_wconf 63' lang='lat' dir='ltr'>es(</span> <span class='ocrx_word' id='word_1_373' title='bbox 1807 431 1922 457; x_wconf 88' lang='lat' dir='ltr'>contra</span> <span class='ocrx_word' id='word_1_374' title='bbox 1947 425 2109 467; x_wconf 85' lang='lat' dir='ltr'>regulam,</span> <span class='ocrx_word' id='word_1_375' title='bbox 2143 433 2179 459; x_wconf 90' lang='lat' dir='ltr'>ut</span> <span class='ocrx_word' id='word_1_376' title='bbox 2197 428 2245 458; x_wconf 90' lang='lat' dir='ltr'>in—</span> 
     </span>
     <span class='ocr_line' id='line_1_63' title="bbox 1260 469 2245 510; baseline 0.003 -11"><span class='ocrx_word' id='word_1_377' title='bbox 1260 469 1331 510; x_wconf 83' lang='lat' dir='ltr'>quit</span> <span class='ocrx_word' id='word_1_378' title='bbox 1354 469 1539 502; x_wconf 75' lang='lat' dir='ltr'>Isocrates:</span> <span class='ocrx_word' id='word_1_379' title='bbox 1573 479 1665 501; x_wconf 67' lang='lat' dir='ltr'>tceun</span> <span class='ocrx_word' id='word_1_380' title='bbox 1687 471 1785 501; x_wconf 76' lang='lat' dir='ltr'>sehon</span> <span class='ocrx_word' id='word_1_381' title='bbox 1818 472 1869 502; x_wconf 81' lang='lat' dir='ltr'>ein</span> <span class='ocrx_word' id='word_1_382' title='bbox 1896 470 2026 509; x_wconf 69' lang='lat' dir='ltr'>Tyrann</span> <span class='ocrx_word' id='word_1_383' title='bbox 2054 469 2152 510; x_wconf 70' lang='lat' dir='ltr'>sz&#39;leet,</span> <span class='ocrx_word' id='word_1_384' title='bbox 2185 471 2245 502; x_wconf 59' lang='lat' dir='ltr'>das</span> 
     </span>
     <span class='ocr_line' id='line_1_64' title="bbox 1259 513 2245 553; baseline 0.003 -11"><span class='ocrx_word' id='word_1_385' title='bbox 1259 522 1295 543; x_wconf 76' lang='lat' dir='ltr'>es</span> <span class='ocrx_word' id='word_1_386' title='bbox 1316 515 1420 544; x_wconf 85' lang='lat' dir='ltr'>einem</span> <span class='ocrx_word' id='word_1_387' title='bbox 1443 514 1558 544; x_wconf 69' lang='lat' dir='ltr'>lauans</span> <span class='ocrx_word' id='word_1_388' title='bbox 1578 514 1683 553; x_wconf 64' lang='grc' dir='ltr'><em>θεὴεί,</em></span> <span class='ocrx_word' id='word_1_389' title='bbox 1706 513 1775 543; x_wconf 82' lang='lat' dir='ltr'>uml</span> <span class='ocrx_word' id='word_1_390' title='bbox 1791 513 1973 551; x_wconf 54' lang='lat' dir='ltr'>fidendi-et,</span> <span class='ocrx_word' id='word_1_391' title='bbox 1996 523 2032 544; x_wconf 77' lang='lat' dir='ltr'>es</span> <span class='ocrx_word' id='word_1_392' title='bbox 2054 514 2162 545; x_wconf 83' lang='lat' dir='ltr'>werde</span> <span class='ocrx_word' id='word_1_393' title='bbox 2179 515 2245 545; x_wconf 69' lang='lat' dir='ltr'>illm</span> 
     </span>
     <span class='ocr_line' id='line_1_65' title="bbox 1259 555 2245 596; baseline 0.001 -10"><span class='ocrx_word' id='word_1_394' title='bbox 1259 556 1340 587; x_wconf 78' lang='lat' dir='ltr'>auch</span> <span class='ocrx_word' id='word_1_395' title='bbox 1363 557 1480 587; x_wconf 76' lang='lat' dir='ltr'>ltinaus</span> <span class='ocrx_word' id='word_1_396' title='bbox 1498 557 1612 596; x_wconf 67' lang='lat' dir='ltr'>yelaen,</span> <span class='ocrx_word' id='word_1_397' title='bbox 1636 566 1671 587; x_wconf 79' lang='lat' dir='ltr'>es</span> <span class='ocrx_word' id='word_1_398' title='bbox 1695 558 1782 586; x_wconf 75' lang='lat' dir='ltr'>tltuls</span> <span class='ocrx_word' id='word_1_399' title='bbox 1800 555 1963 595; x_wconf 76' lang='lat' dir='ltr'>yewislicle</span> <span class='ocrx_word' id='word_1_400' title='bbox 1992 557 2089 587; x_wconf 78' lang='lat' dir='ltr'>nicht.</span> <span class='ocrx_word' id='word_1_401' title='bbox 2134 555 2245 587; x_wconf 84' lang='lat' dir='ltr'>David</span> 
     </span>
     <span class='ocr_line' id='line_1_66' title="bbox 1259 597 2246 642; baseline 0.002 -14"><span class='ocrx_word' id='word_1_402' title='bbox 1259 598 1391 639; x_wconf 87' lang='lat' dir='ltr'>quidem</span> <span class='ocrx_word' id='word_1_403' title='bbox 1426 609 1491 629; x_wconf 91' lang='lat' dir='ltr'>non</span> <span class='ocrx_word' id='word_1_404' title='bbox 1527 604 1579 629; x_wconf 80' lang='lat' dir='ltr'>est</span> <span class='ocrx_word' id='word_1_405' title='bbox 1613 597 1827 636; x_wconf 79' lang='lat' dir='ltr'>interfectus,</span> <span class='ocrx_word' id='word_1_406' title='bbox 1860 599 1921 629; x_wconf 80' lang='lat' dir='ltr'>sed</span> <span class='ocrx_word' id='word_1_407' title='bbox 1955 599 2110 630; x_wconf 74' lang='lat' dir='ltr'>sustinuit</span> <span class='ocrx_word' id='word_1_408' title='bbox 2144 598 2246 642; x_wconf 81' lang='lat' dir='ltr'>longe</span> 
     </span>
     <span class='ocr_line' id='line_1_67' title="bbox 1259 640 2245 684; baseline 0.003 -13"><span class='ocrx_word' id='word_1_409' title='bbox 1259 642 1409 672; x_wconf 82' lang='lat' dir='ltr'>duriores</span> <span class='ocrx_word' id='word_1_410' title='bbox 1428 651 1569 683; x_wconf 79' lang='lat' dir='ltr'>poenas,</span> <span class='ocrx_word' id='word_1_411' title='bbox 1594 652 1691 683; x_wconf 81' lang='lat' dir='ltr'>quam</span> <span class='ocrx_word' id='word_1_412' title='bbox 1715 642 1742 672; x_wconf 91' lang='lat' dir='ltr'>si</span> <span class='ocrx_word' id='word_1_413' title='bbox 1766 646 1857 672; x_wconf 77' lang='lat' dir='ltr'>esset</span> <span class='ocrx_word' id='word_1_414' title='bbox 1880 640 2084 672; x_wconf 85' lang='lat' dir='ltr'>interfectus.</span> <span class='ocrx_word' id='word_1_415' title='bbox 2135 641 2245 684; x_wconf 81' lang='lat' dir='ltr'>Saepe</span> 
     </span>
     <span class='ocr_line' id='line_1_68' title="bbox 1258 683 2244 727; baseline 0 -12"><span class='ocrx_word' id='word_1_416' title='bbox 1258 683 1353 715; x_wconf 90' lang='lat' dir='ltr'>Deus</span> <span class='ocrx_word' id='word_1_417' title='bbox 1364 685 1493 727; x_wconf 82' lang='lat' dir='ltr'>mitigat</span> <span class='ocrx_word' id='word_1_418' title='bbox 1506 695 1644 726; x_wconf 79' lang='lat' dir='ltr'>poenas,</span> <span class='ocrx_word' id='word_1_419' title='bbox 1669 694 1734 715; x_wconf 93' lang='lat' dir='ltr'>non</span> <span class='ocrx_word' id='word_1_420' title='bbox 1747 685 1898 716; x_wconf 85' lang='lat' dir='ltr'>accendit</span> <span class='ocrx_word' id='word_1_421' title='bbox 1913 690 2014 716; x_wconf 91' lang='lat' dir='ltr'>totam</span> <span class='ocrx_word' id='word_1_422' title='bbox 2031 685 2114 716; x_wconf 83' lang='lat' dir='ltr'>iram</span> <span class='ocrx_word' id='word_1_423' title='bbox 2133 695 2244 718; x_wconf 88' lang='lat' dir='ltr'>suam:</span> 
     </span>
     <span class='ocr_line' id='line_1_69' title="bbox 1259 728 2244 769; baseline 0.004 -13"><span class='ocrx_word' id='word_1_424' title='bbox 1259 728 1319 758; x_wconf 85' lang='lat' dir='ltr'>sed</span> <span class='ocrx_word' id='word_1_425' title='bbox 1343 734 1452 759; x_wconf 84' lang='lat' dir='ltr'>tamen</span> <span class='ocrx_word' id='word_1_426' title='bbox 1487 739 1553 759; x_wconf 90' lang='lat' dir='ltr'>non</span> <span class='ocrx_word' id='word_1_427' title='bbox 1588 728 1666 759; x_wconf 82' lang='lat' dir='ltr'>sinit</span> <span class='ocrx_word' id='word_1_428' title='bbox 1702 733 1844 769; x_wconf 88' lang='lat' dir='ltr'>peccata</span> <span class='ocrx_word' id='word_1_429' title='bbox 1877 738 2018 768; x_wconf 84' lang='lat' dir='ltr'>prorsus</span> <span class='ocrx_word' id='word_1_430' title='bbox 2047 728 2138 759; x_wconf 86' lang='lat' dir='ltr'>abire</span> <span class='ocrx_word' id='word_1_431' title='bbox 2172 729 2244 760; x_wconf 86' lang='lat' dir='ltr'>sine</span> 
     </span>
     <span class='ocr_line' id='line_1_70' title="bbox 1258 770 2245 813; baseline 0.003 -13"><span class='ocrx_word' id='word_1_432' title='bbox 1258 780 1374 811; x_wconf 80' lang='lat' dir='ltr'>poena.</span> <span class='ocrx_word' id='word_1_433' title='bbox 1443 770 1666 813; x_wconf 86' lang='lat' dir='ltr'>Magdeburgi</span> <span class='ocrx_word' id='word_1_434' title='bbox 1700 777 1779 802; x_wconf 88' lang='lat' dir='ltr'>ante</span> <span class='ocrx_word' id='word_1_435' title='bbox 1813 770 1936 802; x_wconf 83' lang='lat' dir='ltr'>multos</span> <span class='ocrx_word' id='word_1_436' title='bbox 1972 780 2078 801; x_wconf 87' lang='lat' dir='ltr'>annos</span> <span class='ocrx_word' id='word_1_437' title='bbox 2112 771 2245 812; x_wconf 85' lang='lat' dir='ltr'>quidam</span> 
     </span>
     <span class='ocr_line' id='line_1_71' title="bbox 1259 813 2246 854; baseline 0.002 -10"><span class='ocrx_word' id='word_1_438' title='bbox 1259 813 1454 845; x_wconf 87' lang='lat' dir='ltr'>interfectus</span> <span class='ocrx_word' id='word_1_439' title='bbox 1478 820 1546 849; x_wconf 71' lang='lat' dir='ltr'>est3</span> <span class='ocrx_word' id='word_1_440' title='bbox 1569 814 1733 845; x_wconf 85' lang='lat' dir='ltr'>homicida</span> <span class='ocrx_word' id='word_1_441' title='bbox 1752 820 1829 854; x_wconf 88' lang='lat' dir='ltr'>post</span> <span class='ocrx_word' id='word_1_442' title='bbox 1852 824 1959 845; x_wconf 84' lang='lat' dir='ltr'>annos</span> <span class='ocrx_word' id='word_1_443' title='bbox 1983 813 2026 844; x_wconf 81' lang='lat'>30</span> <span class='ocrx_word' id='word_1_444' title='bbox 2048 819 2174 846; x_wconf 85' lang='lat' dir='ltr'>tractus</span> <span class='ocrx_word' id='word_1_445' title='bbox 2194 820 2246 846; x_wconf 88' lang='lat' dir='ltr'>est</span> 
     </span>
     <span class='ocr_line' id='line_1_72' title="bbox 1259 855 2244 899; baseline 0.002 -12"><span class='ocrx_word' id='word_1_446' title='bbox 1259 857 1299 887; x_wconf 88' lang='lat' dir='ltr'>ad</span> <span class='ocrx_word' id='word_1_447' title='bbox 1320 855 1526 898; x_wconf 77' lang='lat' dir='ltr'>supplicium.</span> <span class='ocrx_word' id='word_1_448' title='bbox 1583 857 1755 899; x_wconf 84' lang='lat' dir='ltr'>Tubingae</span> <span class='ocrx_word' id='word_1_449' title='bbox 1791 863 1861 888; x_wconf 84' lang='lat' dir='ltr'>erat</span> <span class='ocrx_word' id='word_1_450' title='bbox 1885 856 2084 888; x_wconf 84' lang='lat' dir='ltr'>adolescens</span> <span class='ocrx_word' id='word_1_451' title='bbox 2103 856 2244 898; x_wconf 89' lang='lat' dir='ltr'>pulchro</span> 
     </span>
     <span class='ocr_line' id='line_1_73' title="bbox 1260 899 2244 942; baseline 0.002 -12"><span class='ocrx_word' id='word_1_452' title='bbox 1260 909 1413 941; x_wconf 82' lang='lat' dir='ltr'>corpore,</span> <span class='ocrx_word' id='word_1_453' title='bbox 1439 907 1468 932; x_wconf 88' lang='lat' dir='ltr'>et</span> <span class='ocrx_word' id='word_1_454' title='bbox 1494 901 1535 931; x_wconf 83' lang='lat' dir='ltr'>de</span> <span class='ocrx_word' id='word_1_455' title='bbox 1560 911 1624 942; x_wconf 86' lang='lat' dir='ltr'>quo</span> <span class='ocrx_word' id='word_1_456' title='bbox 1648 902 1737 931; x_wconf 86' lang='lat' dir='ltr'>bona</span> <span class='ocrx_word' id='word_1_457' title='bbox 1760 910 1839 941; x_wconf 85' lang='lat' dir='ltr'>spes</span> <span class='ocrx_word' id='word_1_458' title='bbox 1863 905 1944 931; x_wconf 88' lang='lat' dir='ltr'>erat.</span> <span class='ocrx_word' id='word_1_459' title='bbox 1998 899 2065 931; x_wconf 89' lang='lat' dir='ltr'>Sed</span> <span class='ocrx_word' id='word_1_460' title='bbox 2087 899 2244 942; x_wconf 86' lang='lat' dir='ltr'>petulans</span> 
     </span>
     <span class='ocr_line' id='line_1_74' title="bbox 1259 942 2243 984; baseline 0.002 -11"><span class='ocrx_word' id='word_1_461' title='bbox 1259 942 1423 975; x_wconf 85' lang='lat' dir='ltr'>interfecit</span> <span class='ocrx_word' id='word_1_462' title='bbox 1457 944 1572 975; x_wconf 76' lang='lat' dir='ltr'>civem.</span> <span class='ocrx_word' id='word_1_463' title='bbox 1630 943 1841 984; x_wconf 84' lang='lat' dir='ltr'>Capiebatur.</span> <span class='ocrx_word' id='word_1_464' title='bbox 1900 943 2081 974; x_wconf 82' lang='lat' dir='ltr'>Academia</span> <span class='ocrx_word' id='word_1_465' title='bbox 2102 943 2243 975; x_wconf 88' lang='lat' dir='ltr'>interce-</span> 
     </span>
     <span class='ocr_line' id='line_1_75' title="bbox 1259 985 2245 1028; baseline 0.002 -12"><span class='ocrx_word' id='word_1_466' title='bbox 1259 985 1359 1016; x_wconf 88' lang='lat' dir='ltr'>debat</span> <span class='ocrx_word' id='word_1_467' title='bbox 1381 997 1442 1027; x_wconf 87' lang='lat' dir='ltr'>pro</span> <span class='ocrx_word' id='word_1_468' title='bbox 1472 987 1556 1026; x_wconf 80' lang='lat' dir='ltr'>ipso.</span> <span class='ocrx_word' id='word_1_469' title='bbox 1614 987 1691 1018; x_wconf 78' lang='lat' dir='ltr'>Erat</span> <span class='ocrx_word' id='word_1_470' title='bbox 1727 987 1813 1026; x_wconf 87' lang='lat' dir='ltr'>apud</span> <span class='ocrx_word' id='word_1_471' title='bbox 1850 986 2032 1027; x_wconf 73' lang='lat' dir='ltr'>Principem</span> <span class='ocrx_word' id='word_1_472' title='bbox 2066 987 2098 1017; x_wconf 91' lang='lat' dir='ltr'>in</span> <span class='ocrx_word' id='word_1_473' title='bbox 2122 996 2245 1028; x_wconf 83' lang='lat' dir='ltr'>magna</span> 
     </span>
     <span class='ocr_line' id='line_1_76' title="bbox 1260 1027 2244 1070; baseline 0.002 -11"><span class='ocrx_word' id='word_1_474' title='bbox 1260 1029 1365 1070; x_wconf 83' lang='lat' dir='ltr'>gratia</span> <span class='ocrx_word' id='word_1_475' title='bbox 1379 1027 1559 1061; x_wconf 83' lang='lat' dir='ltr'>Stossserus</span> <span class='ocrx_word' id='word_1_476' title='bbox 1578 1028 1846 1067; x_wconf 73' lang='lat' dir='ltr'>Mathematicus,</span> <span class='ocrx_word' id='word_1_477' title='bbox 1868 1030 1918 1060; x_wconf 78' lang='lat' dir='ltr'>vir</span> <span class='ocrx_word' id='word_1_478' title='bbox 1936 1035 2126 1070; x_wconf 83' lang='lat' dir='ltr'>praestanS,</span> <span class='ocrx_word' id='word_1_479' title='bbox 2148 1029 2244 1061; x_wconf 89' lang='lat' dir='ltr'>cuius</span> 
     </span>
     <span class='ocr_line' id='line_1_77' title="bbox 1260 1071 2244 1114; baseline 0 -11"><span class='ocrx_word' id='word_1_480' title='bbox 1260 1071 1424 1103; x_wconf 80' lang='lat' dir='ltr'>beneficio</span> <span class='ocrx_word' id='word_1_481' title='bbox 1452 1073 1517 1103; x_wconf 88' lang='lat' dir='ltr'>iam</span> <span class='ocrx_word' id='word_1_482' title='bbox 1548 1071 1778 1104; x_wconf 78' lang='lat' dir='ltr'>Calendarium</span> <span class='ocrx_word' id='word_1_483' title='bbox 1802 1072 1983 1109; x_wconf 76' lang='lat' dir='ltr'>habemns,</span> <span class='ocrx_word' id='word_1_484' title='bbox 2016 1078 2047 1102; x_wconf 88' lang='lat' dir='ltr'>et</span> <span class='ocrx_word' id='word_1_485' title='bbox 2082 1072 2137 1114; x_wconf 89' lang='lat' dir='ltr'>qui</span> <span class='ocrx_word' id='word_1_486' title='bbox 2160 1071 2244 1103; x_wconf 84' lang='lat' dir='ltr'>alias</span> 
     </span>
     <span class='ocr_line' id='line_1_78' title="bbox 1260 1113 2245 1156; baseline 0.001 -11"><span class='ocrx_word' id='word_1_487' title='bbox 1260 1113 1418 1146; x_wconf 83' lang='lat' dir='ltr'>utilitates</span> <span class='ocrx_word' id='word_1_488' title='bbox 1443 1116 1601 1146; x_wconf 76' lang='lat' dir='ltr'>maximas</span> <span class='ocrx_word' id='word_1_489' title='bbox 1638 1115 1745 1147; x_wconf 81' lang='lat' dir='ltr'>attulit</span> <span class='ocrx_word' id='word_1_490' title='bbox 1763 1114 1990 1156; x_wconf 86' lang='lat' dir='ltr'>Reipublicae.</span> <span class='ocrx_word' id='word_1_491' title='bbox 2046 1114 2078 1145; x_wconf 89' lang='lat' dir='ltr'>Is</span> <span class='ocrx_word' id='word_1_492' title='bbox 2103 1115 2245 1146; x_wconf 86' lang='lat' dir='ltr'>obtinuit</span> 
     </span>
     <span class='ocr_line' id='line_1_79' title="bbox 1260 1157 2243 1200; baseline 0 -12"><span class='ocrx_word' id='word_1_493' title='bbox 1260 1159 1404 1196; x_wconf 85' lang='lat' dir='ltr'>tandem,</span> <span class='ocrx_word' id='word_1_494' title='bbox 1429 1164 1464 1189; x_wconf 93' lang='lat' dir='ltr'>ut</span> <span class='ocrx_word' id='word_1_495' title='bbox 1486 1157 1685 1190; x_wconf 75' lang='lat' dir='ltr'>adolescens</span> <span class='ocrx_word' id='word_1_496' title='bbox 1710 1157 1891 1200; x_wconf 75' lang='lat' dir='ltr'>relegatus,</span> <span class='ocrx_word' id='word_1_497' title='bbox 1914 1158 2027 1189; x_wconf 90' lang='lat' dir='ltr'>redirit</span> <span class='ocrx_word' id='word_1_498' title='bbox 2046 1158 2078 1188; x_wconf 91' lang='lat' dir='ltr'>in</span> <span class='ocrx_word' id='word_1_499' title='bbox 2091 1158 2243 1199; x_wconf 88' lang='lat' dir='ltr'>patriam,</span> 
     </span>
     <span class='ocr_line' id='line_1_80' title="bbox 1260 1200 2245 1243; baseline 0.001 -12"><span class='ocrx_word' id='word_1_500' title='bbox 1260 1200 1369 1232; x_wconf 81' lang='lat' dir='ltr'>soluta</span> <span class='ocrx_word' id='word_1_501' title='bbox 1394 1202 1536 1242; x_wconf 87' lang='lat' dir='ltr'>pecnnia</span> <span class='ocrx_word' id='word_1_502' title='bbox 1559 1203 1713 1243; x_wconf 84' lang='lat' dir='ltr'>cognatis</span> <span class='ocrx_word' id='word_1_503' title='bbox 1737 1200 1901 1232; x_wconf 79' lang='lat' dir='ltr'>interfecti</span> <span class='ocrx_word' id='word_1_504' title='bbox 1927 1201 2020 1232; x_wconf 79' lang='lat' dir='ltr'>civis.</span> <span class='ocrx_word' id='word_1_505' title='bbox 2066 1201 2136 1232; x_wconf 87' lang='lat' dir='ltr'>Sed</span> <span class='ocrx_word' id='word_1_506' title='bbox 2159 1201 2245 1232; x_wconf 86' lang='lat' dir='ltr'>idem</span> 
     </span>
     <span class='ocr_line' id='line_1_81' title="bbox 1260 1243 2245 1286; baseline 0 -11"><span class='ocrx_word' id='word_1_507' title='bbox 1260 1243 1461 1276; x_wconf 75' lang='lat' dir='ltr'>adolescens</span> <span class='ocrx_word' id='word_1_508' title='bbox 1491 1251 1722 1286; x_wconf 77' lang='lat' dir='ltr'>postpaucos</span> <span class='ocrx_word' id='word_1_509' title='bbox 1752 1249 1890 1283; x_wconf 63' lang='lat' dir='ltr'>menses:</span> <span class='ocrx_word' id='word_1_510' title='bbox 1917 1246 2033 1275; x_wconf 87' lang='lat' dir='ltr'>iterum</span> <span class='ocrx_word' id='word_1_511' title='bbox 2070 1249 2123 1275; x_wconf 77' lang='lat' dir='ltr'>est</span> <span class='ocrx_word' id='word_1_512' title='bbox 2145 1244 2245 1275; x_wconf 85' lang='lat' dir='ltr'>inter-</span> 
     </span>
     <span class='ocr_line' id='line_1_82' title="bbox 1258 1286 2244 1330; baseline 0 -12"><span class='ocrx_word' id='word_1_513' title='bbox 1258 1287 1367 1319; x_wconf 83' lang='lat' dir='ltr'>fectus</span> <span class='ocrx_word' id='word_1_514' title='bbox 1401 1289 1443 1319; x_wconf 87' lang='lat' dir='ltr'>ab</span> <span class='ocrx_word' id='word_1_515' title='bbox 1478 1287 1566 1324; x_wconf 78' lang='lat' dir='ltr'>ali03</span> <span class='ocrx_word' id='word_1_516' title='bbox 1602 1289 1678 1330; x_wconf 88' lang='lat' dir='ltr'>quia</span> <span class='ocrx_word' id='word_1_517' title='bbox 1700 1287 1794 1319; x_wconf 84' lang='lat' dir='ltr'>Deus</span> <span class='ocrx_word' id='word_1_518' title='bbox 1819 1293 1932 1318; x_wconf 78' lang='lat' dir='ltr'>servat</span> <span class='ocrx_word' id='word_1_519' title='bbox 1960 1298 2055 1318; x_wconf 76' lang='lat' dir='ltr'>suam</span> <span class='ocrx_word' id='word_1_520' title='bbox 2080 1286 2244 1329; x_wconf 80' lang='lat' dir='ltr'>regulam:</span> 
     </span>
     <span class='ocr_line' id='line_1_83' title="bbox 1258 1329 2244 1369; baseline -0.002 -7"><span class='ocrx_word' id='word_1_521' title='bbox 1258 1330 1357 1362; x_wconf 85' lang='lat' dir='ltr'>Nulla</span> <span class='ocrx_word' id='word_1_522' title='bbox 1380 1338 1492 1369; x_wconf 77' lang='lat' dir='ltr'>aetas,</span> <span class='ocrx_word' id='word_1_523' title='bbox 1525 1330 1616 1362; x_wconf 85' lang='lat' dir='ltr'>nulla</span> <span class='ocrx_word' id='word_1_524' title='bbox 1651 1331 1780 1369; x_wconf 77' lang='lat' dir='ltr'>civitas,</span> <span class='ocrx_word' id='word_1_525' title='bbox 1816 1329 1909 1362; x_wconf 89' lang='lat' dir='ltr'>nulla</span> <span class='ocrx_word' id='word_1_526' title='bbox 1944 1331 2061 1362; x_wconf 82' lang='lat' dir='ltr'>domus</span> <span class='ocrx_word' id='word_1_527' title='bbox 2097 1336 2150 1362; x_wconf 81' lang='lat' dir='ltr'>est</span> <span class='ocrx_word' id='word_1_528' title='bbox 2172 1330 2244 1362; x_wconf 83' lang='lat' dir='ltr'>sine</span> 
     </span>
     <span class='ocr_line' id='line_1_84' title="bbox 1259 1372 1431 1414; baseline -0.012 -10"><span class='ocrx_word' id='word_1_529' title='bbox 1259 1372 1431 1414; x_wconf 78' lang='lat' dir='ltr'>exemplis,</span> 
     </span>
     <span class='ocr_line' id='line_1_85' title="bbox 1345 1417 1654 1458; baseline -0.006 -10"><span class='ocrx_word' id='word_1_530' title='bbox 1345 1417 1400 1448; x_wconf 88' lang='lat' dir='ltr'>Sic</span> <span class='ocrx_word' id='word_1_531' title='bbox 1423 1423 1654 1458; x_wconf 82' lang='lat' dir='ltr'>argumentor:</span> 
     </span>
    </p>
   </div>
   <div class='ocr_carea' id='block_1_26' title="bbox 1391 1477 2244 1689">
    <p class='ocr_par' dir='ltr' id='par_1_27' title="bbox 1391 1477 2026 1517">
     <span class='ocr_line' id='line_1_86' title="bbox 1391 1477 2026 1517; baseline -0.002 -8"><span class='ocrx_word' id='word_1_532' title='bbox 1391 1478 1501 1517; x_wconf 78' lang='lat' dir='ltr'>Opera.</span> <span class='ocrx_word' id='word_1_533' title='bbox 1524 1487 1544 1508; x_wconf 87' lang='lat' dir='ltr'>a</span> <span class='ocrx_word' id='word_1_534' title='bbox 1568 1479 1634 1509; x_wconf 83' lang='lat' dir='ltr'>Deo</span> <span class='ocrx_word' id='word_1_535' title='bbox 1656 1478 1810 1508; x_wconf 78' lang='lat' dir='ltr'>mandata</span> <span class='ocrx_word' id='word_1_536' title='bbox 1831 1481 1908 1508; x_wconf 79' lang='lat' dir='ltr'>sunl</span> <span class='ocrx_word' id='word_1_537' title='bbox 1927 1477 2026 1508; x_wconf 82' lang='lat' dir='ltr'>bona:</span> 
     </span>
    </p>

    <p class='ocr_par' dir='ltr' id='par_1_28' title="bbox 1392 1520 2244 1645">
     <span class='ocr_line' id='line_1_87' title="bbox 1392 1520 2243 1561; baseline 0 -10"><span class='ocrx_word' id='word_1_538' title='bbox 1392 1522 1483 1552; x_wconf 60' lang='lat' dir='ltr'>Talia</span> <span class='ocrx_word' id='word_1_539' title='bbox 1506 1526 1582 1552; x_wconf 76' lang='lat' dir='ltr'>smel</span> <span class='ocrx_word' id='word_1_540' title='bbox 1598 1521 1672 1559; x_wconf 63' lang='lat' dir='ltr'>ista,</span> <span class='ocrx_word' id='word_1_541' title='bbox 1702 1530 1782 1561; x_wconf 79' lang='lat' dir='ltr'>quae</span> <span class='ocrx_word' id='word_1_542' title='bbox 1801 1520 1975 1560; x_wconf 78' lang='lat' dir='ltr'>praedicat</span> <span class='ocrx_word' id='word_1_543' title='bbox 2001 1520 2042 1550; x_wconf 81' lang='lat' dir='ltr'>de</span> <span class='ocrx_word' id='word_1_544' title='bbox 2069 1529 2104 1551; x_wconf 74' lang='lat' dir='ltr'>se</span> <span class='ocrx_word' id='word_1_545' title='bbox 2128 1520 2243 1551; x_wconf 73' lang='lat' dir='ltr'>Phari-</span> 
     </span>
     <span class='ocr_line' id='line_1_88' title="bbox 1431 1564 2244 1604; baseline 0 -9"><span class='ocrx_word' id='word_1_546' title='bbox 1431 1574 1545 1604; x_wconf 80' lang='lat' dir='ltr'>saeus,</span> <span class='ocrx_word' id='word_1_547' title='bbox 1573 1573 1637 1595; x_wconf 81' lang='lat' dir='ltr'>non</span> <span class='ocrx_word' id='word_1_548' title='bbox 1660 1574 1732 1595; x_wconf 75' lang='lat' dir='ltr'>esse</span> <span class='ocrx_word' id='word_1_549' title='bbox 1753 1565 1933 1600; x_wconf 82' lang='lat' dir='ltr'>moeclmm,</span> <span class='ocrx_word' id='word_1_550' title='bbox 1961 1565 2087 1603; x_wconf 67' lang='lat' dir='ltr'>fflrem,</span> <span class='ocrx_word' id='word_1_551' title='bbox 2116 1564 2244 1595; x_wconf 76' lang='lat' dir='ltr'>homici-</span> 
     </span>
     <span class='ocr_line' id='line_1_89' title="bbox 1431 1608 1778 1645; baseline 0 -7"><span class='ocrx_word' id='word_1_552' title='bbox 1431 1608 1519 1644; x_wconf 72' lang='lat' dir='ltr'>dam,</span> <span class='ocrx_word' id='word_1_553' title='bbox 1542 1610 1698 1645; x_wconf 72' lang='lat' dir='ltr'>ieiunare,</span> <span class='ocrx_word' id='word_1_554' title='bbox 1721 1610 1778 1638; x_wconf 82' lang='lat' dir='ltr'>etc.</span> 
     </span>
    </p>

    <p class='ocr_par' dir='ltr' id='par_1_29' title="bbox 1429 1649 2243 1689">
     <span class='ocr_line' id='line_1_90' title="bbox 1429 1649 2243 1689; baseline -0.004 -7"><span class='ocrx_word' id='word_1_555' title='bbox 1429 1652 1516 1689; x_wconf 68' lang='lat' dir='ltr'>Eryo</span> <span class='ocrx_word' id='word_1_556' title='bbox 1555 1661 1619 1682; x_wconf 82' lang='lat' dir='ltr'>non</span> <span class='ocrx_word' id='word_1_557' title='bbox 1659 1651 1794 1681; x_wconf 77' lang='lat' dir='ltr'>debebat</span> <span class='ocrx_word' id='word_1_558' title='bbox 1833 1649 2009 1688; x_wconf 74' lang='lat' dir='ltr'>vituperari</span> <span class='ocrx_word' id='word_1_559' title='bbox 2038 1649 2243 1680; x_wconf 73' lang='lat' dir='ltr'>Pharisaeus.</span> 
     </span>
    </p>
   </div>
   <div class='ocr_carea' id='block_1_27' title="bbox 1254 1717 2242 2060">
    <p class='ocr_par' dir='ltr' id='par_1_30' title="bbox 1254 1717 2242 2017">
     <span class='ocr_line' id='line_1_91' title="bbox 1344 1717 2242 1759; baseline -0.001 -10"><span class='ocrx_word' id='word_1_560' title='bbox 1344 1717 1545 1759; x_wconf 75' lang='lat' dir='ltr'>Respondeo</span> <span class='ocrx_word' id='word_1_561' title='bbox 1581 1718 1623 1748; x_wconf 82' lang='lat' dir='ltr'>ad</span> <span class='ocrx_word' id='word_1_562' title='bbox 1657 1719 1831 1749; x_wconf 84' lang='lat' dir='ltr'>maiorem:</span> <span class='ocrx_word' id='word_1_563' title='bbox 1872 1718 1980 1758; x_wconf 75' lang='lat' dir='ltr'>Opera</span> <span class='ocrx_word' id='word_1_564' title='bbox 2009 1727 2028 1748; x_wconf 85' lang='grc' dir='ltr'><em>α</em></span> <span class='ocrx_word' id='word_1_565' title='bbox 2056 1717 2125 1748; x_wconf 85' lang='lat' dir='ltr'>Deo</span> <span class='ocrx_word' id='word_1_566' title='bbox 2152 1726 2242 1748; x_wconf 81' lang='lat' dir='ltr'>man·</span> 
     </span>
     <span class='ocr_line' id='line_1_92' title="bbox 1255 1760 2241 1801; baseline -0.002 -9"><span class='ocrx_word' id='word_1_567' title='bbox 1255 1762 1344 1798; x_wconf 69' lang='lat' dir='ltr'>data,</span> <span class='ocrx_word' id='word_1_568' title='bbox 1367 1766 1444 1792; x_wconf 70' lang='lat' dir='ltr'>sunt</span> <span class='ocrx_word' id='word_1_569' title='bbox 1464 1763 1561 1797; x_wconf 68' lang='grc' dir='ltr'><em>Ιιοηας</em></span> <span class='ocrx_word' id='word_1_570' title='bbox 1585 1760 1723 1799; x_wconf 81' lang='lat' dir='ltr'>scilicet,</span> <span class='ocrx_word' id='word_1_571' title='bbox 1756 1761 1898 1792; x_wconf 85' lang='lat' dir='ltr'>cacteris</span> <span class='ocrx_word' id='word_1_572' title='bbox 1931 1760 2086 1801; x_wconf 82' lang='lat' dir='ltr'>paribus,</span> <span class='ocrx_word' id='word_1_573' title='bbox 2120 1760 2151 1791; x_wconf 82' lang='lat' dir='ltr'>id</span> <span class='ocrx_word' id='word_1_574' title='bbox 2176 1764 2241 1797; x_wconf 87' lang='lat' dir='ltr'>est,</span> 
     </span>
     <span class='ocr_line' id='line_1_93' title="bbox 1255 1801 2240 1876; baseline -0.001 -42"><span class='ocrx_word' id='word_1_575' title='bbox 1255 1805 1283 1835; x_wconf 80' lang='lat' dir='ltr'>si</span> <span class='ocrx_word' id='word_1_576' title='bbox 1308 1805 1387 1836; x_wconf 70' lang='lat' dir='ltr'>{iant</span> <span class='ocrx_word' id='word_1_577' title='bbox 1411 1815 1483 1835; x_wconf 91' lang='lat' dir='ltr'>cum</span> <span class='ocrx_word' id='word_1_578' title='bbox 1508 1805 1711 1846; x_wconf 78' lang='lat' dir='ltr'>poenitentia</span> <span class='ocrx_word' id='word_1_579' title='bbox 1734 1811 1764 1835; x_wconf 83' lang='lat' dir='ltr'>et</span> <span class='ocrx_word' id='word_1_580' title='bbox 1789 1803 1871 1841; x_wconf 83' lang='lat' dir='ltr'>fide3</span> <span class='ocrx_word' id='word_1_581' title='bbox 1895 1805 1979 1835; x_wconf 79' lang='lat' dir='ltr'>sicut</span> <span class='ocrx_word' id='word_1_582' title='bbox 1992 1802 2138 1834; x_wconf 87' lang='lat' dir='ltr'>solemus</span> <span class='ocrx_word' id='word_1_583' title='bbox 2157 1801 2240 1876; x_wconf 65' lang='lat' dir='ltr'>allas</span> 
     </span>
     <span class='ocr_line' id='line_1_94' title="bbox 2205 1856 2241 1876; baseline 0 0"><span class='ocrx_word' id='word_1_584' title='bbox 2205 1856 2241 1876; x_wconf 85' lang='lat' dir='ltr'>n-</span> 
     </span>
     <span class='ocr_line' id='line_1_95' title="bbox 1255 1890 2242 1931; baseline -0.002 -10"><span class='ocrx_word' id='word_1_585' title='bbox 1255 1897 1347 1922; x_wconf 87' lang='lat' dir='ltr'>terea</span> <span class='ocrx_word' id='word_1_586' title='bbox 1382 1898 1490 1922; x_wconf 82' lang='lat' dir='ltr'>tamen</span> <span class='ocrx_word' id='word_1_587' title='bbox 1534 1901 1596 1922; x_wconf 84' lang='lat' dir='ltr'>suo</span> <span class='ocrx_word' id='word_1_588' title='bbox 1631 1901 1755 1931; x_wconf 81' lang='lat' dir='ltr'>genere</span> <span class='ocrx_word' id='word_1_589' title='bbox 1791 1891 1857 1921; x_wconf 86' lang='lat' dir='ltr'>ista</span> <span class='ocrx_word' id='word_1_590' title='bbox 1891 1900 1993 1930; x_wconf 81' lang='lat' dir='ltr'>opera</span> <span class='ocrx_word' id='word_1_591' title='bbox 2028 1895 2106 1920; x_wconf 88' lang='lat' dir='ltr'>sunt</span> <span class='ocrx_word' id='word_1_592' title='bbox 2141 1890 2242 1926; x_wconf 82' lang='lat' dir='ltr'>bona,</span> 
     </span>
     <span class='ocr_line' id='line_1_96' title="bbox 1255 1931 2241 1975; baseline -0.003 -10"><span class='ocrx_word' id='word_1_593' title='bbox 1255 1933 1386 1966; x_wconf 83' lang='lat' dir='ltr'>scilicet</span> <span class='ocrx_word' id='word_1_594' title='bbox 1416 1933 1601 1970; x_wconf 81' lang='lat' dir='ltr'>moraliter3</span> <span class='ocrx_word' id='word_1_595' title='bbox 1635 1935 1712 1975; x_wconf 87' lang='lat' dir='ltr'>quia</span> <span class='ocrx_word' id='word_1_596' title='bbox 1733 1935 1880 1967; x_wconf 68' lang='lat' dir='ltr'>interest</span> <span class='ocrx_word' id='word_1_597' title='bbox 1915 1934 2000 1964; x_wconf 91' lang='lat' dir='ltr'>inter</span> <span class='ocrx_word' id='word_1_598' title='bbox 2028 1931 2129 1963; x_wconf 83' lang='lat' dir='ltr'>haec:</span> <span class='ocrx_word' id='word_1_599' title='bbox 2164 1941 2241 1962; x_wconf 84' lang='lat' dir='ltr'>esse</span> 
     </span>
     <span class='ocr_line' id='line_1_97' title="bbox 1254 1977 2217 2017; baseline -0.002 -10"><span class='ocrx_word' id='word_1_600' title='bbox 1254 1977 1463 2012; x_wconf 79' lang='lat' dir='ltr'>homicidam,</span> <span class='ocrx_word' id='word_1_601' title='bbox 1489 1983 1521 2008; x_wconf 89' lang='lat' dir='ltr'>ct</span> <span class='ocrx_word' id='word_1_602' title='bbox 1544 1987 1609 2008; x_wconf 86' lang='lat' dir='ltr'>non</span> <span class='ocrx_word' id='word_1_603' title='bbox 1634 1987 1710 2007; x_wconf 80' lang='lat' dir='ltr'>esse</span> <span class='ocrx_word' id='word_1_604' title='bbox 1734 1977 1940 2007; x_wconf 81' lang='lat' dir='ltr'>homicidam.</span> <span class='ocrx_word' id='word_1_605' title='bbox 1986 2006 1992 2017; x_wconf 31' lang='lat' dir='ltr'>x</span> <span class='ocrx_word' id='word_1_606' title='bbox 2214 1991 2217 1992; x_wconf 41' lang='lat'><em>⁷</em></span> 
     </span>
    </p>

    <p class='ocr_par' dir='ltr' id='par_1_31' title="bbox 1341 2018 2237 2060">
     <span class='ocr_line' id='line_1_98' title="bbox 1341 2018 2237 2060; baseline -0.004 -8"><span class='ocrx_word' id='word_1_607' title='bbox 1341 2022 1394 2052; x_wconf 81' lang='lat' dir='ltr'>Ad</span> <span class='ocrx_word' id='word_1_608' title='bbox 1418 2020 1599 2051; x_wconf 84' lang='lat' dir='ltr'>Minorem:</span> <span class='ocrx_word' id='word_1_609' title='bbox 1635 2022 1692 2052; x_wconf 83' lang='lat' dir='ltr'>Ille</span> <span class='ocrx_word' id='word_1_610' title='bbox 1721 2021 1817 2051; x_wconf 63' lang='lat' dir='ltr'>lmbf‘e</span> <span class='ocrx_word' id='word_1_611' title='bbox 1849 2021 1912 2051; x_wconf 76' lang='lat' dir='ltr'>ista</span> <span class='ocrx_word' id='word_1_612' title='bbox 1936 2029 2049 2060; x_wconf 77' lang='lat' dir='ltr'>opera,</span> <span class='ocrx_word' id='word_1_613' title='bbox 2080 2019 2140 2050; x_wconf 88' lang='lat' dir='ltr'>Sed</span> <span class='ocrx_word' id='word_1_614' title='bbox 2163 2018 2237 2049; x_wconf 85' lang='lat' dir='ltr'>sine</span> 
     </span>
    </p>
   </div>
   <div class='ocr_carea' id='block_1_28' title="bbox 1200 2062 1594 2106">
    <p class='ocr_par' dir='ltr' id='par_1_32' title="bbox 1200 2062 1594 2106">
     <span class='ocr_line' id='line_1_99' title="bbox 1200 2062 1594 2106; baseline 0 -12"><span class='ocrx_word' id='word_1_615' title='bbox 1200 2075 1204 2079; x_wconf 79' lang='lat'><strong>·</strong></span> <span class='ocrx_word' id='word_1_616' title='bbox 1226 2102 1228 2106; x_wconf 12' lang='grc' dir='ltr'>μ</span> <span class='ocrx_word' id='word_1_617' title='bbox 1252 2064 1451 2105; x_wconf 82' lang='lat' dir='ltr'>poenitentia</span> <span class='ocrx_word' id='word_1_618' title='bbox 1475 2069 1507 2094; x_wconf 81' lang='lat' dir='ltr'>et</span> <span class='ocrx_word' id='word_1_619' title='bbox 1529 2062 1594 2094; x_wconf 87' lang='lat' dir='ltr'>fide</span> 
     </span>
    </p>
   </div>
   <div class='ocr_carea' id='block_1_29' title="bbox 1285 2228 2205 2284">
    <p class='ocr_par' dir='ltr' id='par_1_33' title="bbox 1285 2228 2205 2284">
     <span class='ocr_line' id='line_1_100' title="bbox 1285 2228 2205 2284; baseline -0.002 -14"><span class='ocrx_word' id='word_1_620' title='bbox 1285 2229 1392 2280; x_wconf 82' lang='lat' dir='ltr'>Quid</span> <span class='ocrx_word' id='word_1_621' title='bbox 1426 2230 1646 2284; x_wconf 83' lang='lat' dir='ltr'>respondes</span> <span class='ocrx_word' id='word_1_622' title='bbox 1679 2229 1732 2269; x_wconf 87' lang='lat' dir='ltr'>ad</span> <span class='ocrx_word' id='word_1_623' title='bbox 1771 2230 1873 2269; x_wconf 80' lang='lat' dir='ltr'>hane</span> <span class='ocrx_word' id='word_1_624' title='bbox 1907 2228 2205 2269; x_wconf 68' lang='lat' dir='ltr'>obiectionem‘?</span> 
     </span>
    </p>
   </div>
   <div class='ocr_carea' id='block_1_30' title="bbox 1381 2338 2236 2465">
    <p class='ocr_par' dir='ltr' id='par_1_34' title="bbox 1381 2338 2236 2465">
     <span class='ocr_line' id='line_1_101' title="bbox 1385 2338 2236 2370; baseline -0.002 0"><span class='ocrx_word' id='word_1_625' title='bbox 1385 2339 1533 2370; x_wconf 70' lang='lat' dir='ltr'>Christus</span> <span class='ocrx_word' id='word_1_626' title='bbox 1571 2339 1622 2369; x_wconf 71' lang='lat' dir='ltr'>hic</span> <span class='ocrx_word' id='word_1_627' title='bbox 1655 2339 1790 2369; x_wconf 76' lang='lat' dir='ltr'>tlatmmt</span> <span class='ocrx_word' id='word_1_628' title='bbox 1820 2339 2034 2369; x_wconf 60' lang='lat' dir='ltr'>lerexsaeum</span> <span class='ocrx_word' id='word_1_629' title='bbox 2069 2338 2236 2368; x_wconf 71' lang='lat' dir='ltr'>habentem</span> 
     </span>
     <span class='ocr_line' id='line_1_102' title="bbox 1425 2382 1830 2421; baseline -0.002 -8"><span class='ocrx_word' id='word_1_630' title='bbox 1425 2383 1591 2413; x_wconf 70' lang='lat' dir='ltr'>honestam</span> <span class='ocrx_word' id='word_1_631' title='bbox 1610 2382 1813 2421; x_wconf 74' lang='lat' dir='ltr'>{llsciple&#39;uam</span> <span class='ocrx_word' id='word_1_632' title='bbox 1821 2392 1830 2408; x_wconf 90' lang='lat'>-·</span> 
     </span>
     <span class='ocr_line' id='line_1_103' title="bbox 1381 2426 1919 2465; baseline -0.004 -8"><span class='ocrx_word' id='word_1_633' title='bbox 1381 2426 1466 2464; x_wconf 73' lang='lat' dir='ltr'>Eryo</span> <span class='ocrx_word' id='word_1_634' title='bbox 1489 2426 1660 2465; x_wconf 74' lang='lat' dir='ltr'>(lisciplma</span> <span class='ocrx_word' id='word_1_635' title='bbox 1679 2429 1729 2456; x_wconf 57' lang='lat' dir='ltr'>esc</span> <span class='ocrx_word' id='word_1_636' title='bbox 1749 2434 1804 2455; x_wconf 73' lang='lat' dir='ltr'>res</span> <span class='ocrx_word' id='word_1_637' title='bbox 1826 2426 1919 2455; x_wconf 77' lang='lat' dir='ltr'>wala.</span> 
     </span>
    </p>
   </div>
   <div class='ocr_carea' id='block_1_31' title="bbox 1250 2489 2235 2577">
    <p class='ocr_par' dir='ltr' id='par_1_35' title="bbox 1250 2489 2235 2577">
     <span class='ocr_line' id='line_1_104' title="bbox 1337 2489 2235 2534; baseline -0.002 -10"><span class='ocrx_word' id='word_1_638' title='bbox 1337 2493 1548 2534; x_wconf 78' lang='lat' dir='ltr'>Respondeo.</span> <span class='ocrx_word' id='word_1_639' title='bbox 1586 2493 1644 2523; x_wconf 65' lang='lat' dir='ltr'>list</span> <span class='ocrx_word' id='word_1_640' title='bbox 1669 2491 1800 2523; x_wconf 72' lang='lat' dir='ltr'>fallacia</span> <span class='ocrx_word' id='word_1_641' title='bbox 1823 2492 2013 2523; x_wconf 73' lang='lat' dir='ltr'>accidentis.</span> <span class='ocrx_word' id='word_1_642' title='bbox 2049 2489 2235 2532; x_wconf 84' lang='lat' dir='ltr'>Disciplina</span> 
     </span>
     <span class='ocr_line' id='line_1_105' title="bbox 1250 2534 2232 2577; baseline -0.004 -9"><span class='ocrx_word' id='word_1_643' title='bbox 1250 2538 1282 2568; x_wconf 91' lang='lat' dir='ltr'>in</span> <span class='ocrx_word' id='word_1_644' title='bbox 1307 2536 1424 2577; x_wconf 86' lang='lat' dir='ltr'>loseph</span> <span class='ocrx_word' id='word_1_645' title='bbox 1449 2543 1496 2566; x_wconf 73' lang='lat' dir='ltr'>est</span> <span class='ocrx_word' id='word_1_646' title='bbox 1523 2547 1576 2567; x_wconf 76' lang='lat' dir='ltr'>res</span> <span class='ocrx_word' id='word_1_647' title='bbox 1597 2535 1748 2577; x_wconf 80' lang='lat' dir='ltr'>pulchra,</span> <span class='ocrx_word' id='word_1_648' title='bbox 1772 2542 1804 2567; x_wconf 87' lang='lat' dir='ltr'>et</span> <span class='ocrx_word' id='word_1_649' title='bbox 1827 2534 1899 2566; x_wconf 92' lang='lat' dir='ltr'>Deo</span> <span class='ocrx_word' id='word_1_650' title='bbox 1930 2534 2082 2576; x_wconf 62' lang='lat' dir='ltr'>placens-3</span> <span class='ocrx_word' id='word_1_651' title='bbox 2111 2534 2170 2565; x_wconf 88' lang='lat' dir='ltr'>sed</span> <span class='ocrx_word' id='word_1_652' title='bbox 2202 2534 2232 2564; x_wconf 91' lang='lat' dir='ltr'>in</span> 
     </span>
    </p>
   </div>
   <div class='ocr_carea' id='block_1_32' title="bbox 1223 2577 2233 2619">
    <p class='ocr_par' dir='ltr' id='par_1_36' title="bbox 1223 2577 2233 2619">
     <span class='ocr_line' id='line_1_106' title="bbox 1223 2577 2233 2619; baseline -0.002 -10"><span class='ocrx_word' id='word_1_653' title='bbox 1223 2579 1432 2611; x_wconf 41' lang='lat' dir='ltr'>*Phar-isaeo</span> <span class='ocrx_word' id='word_1_654' title='bbox 1462 2578 1565 2610; x_wconf 82' lang='lat' dir='ltr'>multa</span> <span class='ocrx_word' id='word_1_655' title='bbox 1601 2579 1752 2610; x_wconf 81' lang='lat' dir='ltr'>accidunt</span> <span class='ocrx_word' id='word_1_656' title='bbox 1778 2584 1933 2619; x_wconf 82' lang='lat' dir='ltr'>peccata:</span> <span class='ocrx_word' id='word_1_657' title='bbox 1968 2578 2042 2619; x_wconf 83' lang='lat' dir='ltr'>quia</span> <span class='ocrx_word' id='word_1_658' title='bbox 2077 2583 2127 2608; x_wconf 88' lang='lat' dir='ltr'>est</span> <span class='ocrx_word' id='word_1_659' title='bbox 2161 2577 2233 2607; x_wconf 84' lang='lat' dir='ltr'>sine</span> 
     </span>
    </p>
   </div>
   <div class='ocr_carea' id='block_1_33' title="bbox 1616 2619 2233 2653">
    <p class='ocr_par' dir='ltr' id='par_1_37' title="bbox 1616 2619 2233 2653">
     <span class='ocr_line' id='line_1_107' title="bbox 1616 2619 2233 2653; baseline -0.006 0"><span class='ocrx_word' id='word_1_660' title='bbox 1616 2621 1813 2653; x_wconf 77' lang='lat' dir='ltr'>Perseverat</span> <span class='ocrx_word' id='word_1_661' title='bbox 1847 2622 1879 2653; x_wconf 89' lang='lat' dir='ltr'>in</span> <span class='ocrx_word' id='word_1_662' title='bbox 1908 2619 2034 2652; x_wconf 86' lang='lat' dir='ltr'>carnali</span> <span class='ocrx_word' id='word_1_663' title='bbox 2056 2620 2233 2652; x_wconf 76' lang='lat' dir='ltr'>securitate</span> 
     </span>
    </p>
   </div>
  </div>
 </body>
</html>
