<?xml version="1.0" encoding="UTF-8"?>
<!DOCTYPE html PUBLIC "-//W3C//DTD XHTML 1.0 Transitional//EN"
    "http://www.w3.org/TR/xhtml1/DTD/xhtml1-transitional.dtd">
<html xmlns="http://www.w3.org/1999/xhtml" xml:lang="en" lang="en">
 <head>
  <title>
</title>
<meta http-equiv="Content-Type" content="text/html;charset=utf-8" />
  <meta name='ocr-system' content='tesseract 3.04.00' />
  <meta name='ocr-capabilities' content='ocr_page ocr_carea ocr_par ocr_line ocrx_word'/>
</head>
<body>
  <div class='ocr_page' id='page_1' title='image "./operaquaesupersu25melauoft/operaquaesupersu25melauoft_0504.png"; bbox 0 0 2343 2970; ppageno 0'>
   <div class='ocr_carea' id='block_1_1' title="bbox 186 158 2201 194">
    <p class='ocr_par' dir='ltr' id='par_1_1' title="bbox 186 158 2201 194">
     <span class='ocr_line' id='line_1_1' title="bbox 186 158 2201 194; baseline -0.002 -1"><span class='ocrx_word' id='word_1_1' title='bbox 186 162 246 194; x_wconf 82' lang='grc'><strong>991</strong></span> <span class='ocrx_word' id='word_1_2' title='bbox 821 161 932 193; x_wconf 78' lang='lat' dir='ltr'><strong>PHtL.</strong></span> <span class='ocrx_word' id='word_1_3' title='bbox 956 160 1058 192; x_wconf 85' lang='lat' dir='ltr'><strong>MEL.</strong></span> <span class='ocrx_word' id='word_1_4' title='bbox 1082 159 1268 193; x_wconf 79' lang='lat' dir='ltr'>SCRIPTA</span> <span class='ocrx_word' id='word_1_5' title='bbox 1291 158 1562 192; x_wconf 68' lang='lat' dir='ltr'><strong>EXEGETICA..</strong></span> <span class='ocrx_word' id='word_1_6' title='bbox 2136 162 2201 194; x_wconf 75' lang='lat'><strong>992</strong></span> 
     </span>
    </p>
   </div>
   <div class='ocr_carea' id='block_1_2' title="bbox 192 253 1168 384">
    <p class='ocr_par' dir='ltr' id='par_1_2' title="bbox 192 253 1168 384">
     <span class='ocr_line' id='line_1_2' title="bbox 192 253 1168 299; baseline -0.001 -12"><span class='ocrx_word' id='word_1_7' title='bbox 192 257 283 299; x_wconf 79' lang='lat' dir='ltr'><strong>gavit</strong></span> <span class='ocrx_word' id='word_1_8' title='bbox 324 255 492 287; x_wconf 88' lang='lat' dir='ltr'><strong>mulierem</strong></span> <span class='ocrx_word' id='word_1_9' title='bbox 526 256 699 288; x_wconf 80' lang='lat' dir='ltr'>obsessam</span> <span class='ocrx_word' id='word_1_10' title='bbox 730 266 751 287; x_wconf 78' lang='lat' dir='ltr'><strong>a</strong></span> <span class='ocrx_word' id='word_1_11' title='bbox 781 253 942 294; x_wconf 71' lang='lat' dir='ltr'><strong>Diaboto,</strong></span> <span class='ocrx_word' id='word_1_12' title='bbox 975 264 1061 296; x_wconf 89' lang='lat' dir='ltr'><strong>quae</strong></span> <span class='ocrx_word' id='word_1_13' title='bbox 1096 260 1168 286; x_wconf 85' lang='lat' dir='ltr'><strong>erat</strong></span> 
     </span>
     <span class='ocr_line' id='line_1_3' title="bbox 193 297 1165 342; baseline -0.002 -11"><span class='ocrx_word' id='word_1_14' title='bbox 193 301 311 342; x_wconf 84' lang='lat' dir='ltr'><strong>ignara</strong></span> <span class='ocrx_word' id='word_1_15' title='bbox 333 299 478 330; x_wconf 88' lang='lat' dir='ltr'><strong>omnium</strong></span> <span class='ocrx_word' id='word_1_16' title='bbox 506 297 686 337; x_wconf 85' lang='lat' dir='ltr'><strong>literarum,</strong></span> <span class='ocrx_word' id='word_1_17' title='bbox 721 299 793 340; x_wconf 79' lang='lat' dir='ltr'><strong>quis</strong></span> <span class='ocrx_word' id='word_1_18' title='bbox 818 305 908 329; x_wconf 74' lang='lat' dir='ltr'><strong>esset</strong></span> <span class='ocrx_word' id='word_1_19' title='bbox 931 300 1073 338; x_wconf 85' lang='lat' dir='ltr'><strong>optimus</strong></span> <span class='ocrx_word' id='word_1_20' title='bbox 1097 308 1165 329; x_wconf 74' lang='lat' dir='ltr'><strong>ver-</strong></span> 
     </span>
     <span class='ocr_line' id='line_1_4' title="bbox 194 341 1166 384; baseline -0.003 -10"><span class='ocrx_word' id='word_1_21' title='bbox 194 352 252 375; x_wconf 84' lang='lat' dir='ltr'><strong>sus</strong></span> <span class='ocrx_word' id='word_1_22' title='bbox 276 343 308 374; x_wconf 89' lang='lat' dir='ltr'><strong>in</strong></span> <span class='ocrx_word' id='word_1_23' title='bbox 330 341 482 384; x_wconf 81' lang='lat' dir='ltr'><strong>Virgilio.</strong></span> <span class='ocrx_word' id='word_1_24' title='bbox 538 341 723 383; x_wconf 83' lang='lat' dir='ltr'><strong>Respondit</strong></span> <span class='ocrx_word' id='word_1_25' title='bbox 757 341 922 373; x_wconf 84' lang='lat' dir='ltr'><strong>Diabolus</strong></span> <span class='ocrx_word' id='word_1_26' title='bbox 956 351 1015 382; x_wconf 88' lang='lat' dir='ltr'><strong>per</strong></span> <span class='ocrx_word' id='word_1_27' title='bbox 1043 341 1166 383; x_wconf 83' lang='lat' dir='ltr'><strong>ipsam:</strong></span> 
     </span>
    </p>
   </div>
   <div class='ocr_carea' id='block_1_3' title="bbox 1191 257 1195 364">
    <p class='ocr_par' dir='ltr' id='par_1_3' title="bbox 1191 257 1195 364">
     <span class='ocr_line' id='line_1_5' title="bbox 1191 257 1195 364; baseline 0 0"><span class='ocrx_word' id='word_1_28' title='bbox 1191 257 1195 364; x_wconf 95' lang='lat' dir='ltr'><strong> </strong></span> 
     </span>
    </p>
   </div>
   <div class='ocr_carea' id='block_1_4' title="bbox 322 402 1166 435">
    <p class='ocr_par' dir='ltr' id='par_1_4' title="bbox 322 402 1166 435">
     <span class='ocr_line' id='line_1_6' title="bbox 322 402 1166 435; baseline 0 -2"><span class='ocrx_word' id='word_1_29' title='bbox 322 402 448 435; x_wconf 77' lang='lat' dir='ltr'><strong>Discite</strong></span> <span class='ocrx_word' id='word_1_30' title='bbox 470 405 622 434; x_wconf 74' lang='lat' dir='ltr'><strong>iustitiam</strong></span> <span class='ocrx_word' id='word_1_31' title='bbox 645 405 757 433; x_wconf 81' lang='lat' dir='ltr'><strong>monili</strong></span> <span class='ocrx_word' id='word_1_32' title='bbox 773 407 806 434; x_wconf 75' lang='lat' dir='ltr'><strong>ec</strong></span> <span class='ocrx_word' id='word_1_33' title='bbox 821 412 885 434; x_wconf 84' lang='lat' dir='ltr'><strong>non</strong></span> <span class='ocrx_word' id='word_1_34' title='bbox 903 407 1047 433; x_wconf 83' lang='lat' dir='ltr'><em>temnere</em></span> <span class='ocrx_word' id='word_1_35' title='bbox 1068 403 1166 434; x_wconf 69' lang='lat' dir='ltr'><strong>dit-0⁸.</strong></span> 
     </span>
    </p>
   </div>
   <div class='ocr_carea' id='block_1_5' title="bbox 185 468 1197 981">
    <p class='ocr_par' dir='ltr' id='par_1_5' title="bbox 185 468 1167 555">
     <span class='ocr_line' id='line_1_7' title="bbox 272 468 1167 502; baseline -0.002 0"><span class='ocrx_word' id='word_1_36' title='bbox 272 470 437 502; x_wconf 77' lang='lat' dir='ltr'><strong>Dill&#39;erunt</strong></span> <span class='ocrx_word' id='word_1_37' title='bbox 460 480 567 502; x_wconf 78' lang='lat' dir='ltr'><strong>autem</strong></span> <span class='ocrx_word' id='word_1_38' title='bbox 590 469 724 501; x_wconf 76' lang='lat' dir='ltr'><strong>Diaboli</strong></span> <span class='ocrx_word' id='word_1_39' title='bbox 747 469 906 502; x_wconf 88' lang='lat' dir='ltr'><strong>miracula</strong></span> <span class='ocrx_word' id='word_1_40' title='bbox 929 471 970 501; x_wconf 89' lang='lat' dir='ltr'><strong>ab</strong></span> <span class='ocrx_word' id='word_1_41' title='bbox 994 468 1167 501; x_wconf 84' lang='lat' dir='ltr'><strong>Ecclesiae</strong></span> 
     </span>
     <span class='ocr_line' id='line_1_8' title="bbox 185 512 555 555; baseline -0.008 -9"><span class='ocrx_word' id='word_1_42' title='bbox 185 513 351 546; x_wconf 81' lang='lat' dir='ltr'><strong>miraculis</strong></span> <span class='ocrx_word' id='word_1_43' title='bbox 374 512 555 555; x_wconf 74' lang='lat' dir='ltr'><strong>tripliciter.</strong></span> 
     </span>
    </p>

    <p class='ocr_par' dir='ltr' id='par_1_6' title="bbox 185 554 1197 857">
     <span class='ocr_line' id='line_1_9' title="bbox 274 554 1165 598; baseline -0.002 -11"><span class='ocrx_word' id='word_1_44' title='bbox 274 557 297 587; x_wconf 88' lang='grc'><strong>1.</strong></span> <span class='ocrx_word' id='word_1_45' title='bbox 323 556 410 587; x_wconf 90' lang='lat' dir='ltr'><strong>Vera</strong></span> <span class='ocrx_word' id='word_1_46' title='bbox 442 554 598 587; x_wconf 81' lang='lat' dir='ltr'><strong>miracula</strong></span> <span class='ocrx_word' id='word_1_47' title='bbox 625 564 812 598; x_wconf 82' lang='lat' dir='ltr'><strong>congruunt</strong></span> <span class='ocrx_word' id='word_1_48' title='bbox 849 566 921 587; x_wconf 80' lang='lat' dir='ltr'><strong>cum</strong></span> <span class='ocrx_word' id='word_1_49' title='bbox 956 557 1059 587; x_wconf 83' lang='lat' dir='ltr'><strong>verbo</strong></span> <span class='ocrx_word' id='word_1_50' title='bbox 1091 554 1165 593; x_wconf 89' lang='lat' dir='ltr'><strong>Dei,</strong></span> 
     </span>
     <span class='ocr_line' id='line_1_10' title="bbox 191 598 1166 643; baseline -0.002 -12"><span class='ocrx_word' id='word_1_51' title='bbox 191 601 279 643; x_wconf 82' lang='lat' dir='ltr'><strong>quod</strong></span> <span class='ocrx_word' id='word_1_52' title='bbox 303 600 398 630; x_wconf 77' lang='lat' dir='ltr'><strong>nobis</strong></span> <span class='ocrx_word' id='word_1_53' title='bbox 433 600 531 630; x_wconf 82' lang='lat' dir='ltr'><strong>debet</strong></span> <span class='ocrx_word' id='word_1_54' title='bbox 554 609 630 631; x_wconf 84' lang='lat' dir='ltr'><strong>esse</strong></span> <span class='ocrx_word' id='word_1_55' title='bbox 663 609 765 640; x_wconf 82' lang='lat' dir='ltr'><strong>supra</strong></span> <span class='ocrx_word' id='word_1_56' title='bbox 797 599 968 631; x_wconf 80' lang='lat' dir='ltr'><strong>miracula.</strong></span> <span class='ocrx_word' id='word_1_57' title='bbox 1025 598 1166 634; x_wconf 81' lang='lat' dir='ltr'><strong>Quando</strong></span> 
     </span>
     <span class='ocr_line' id='line_1_11' title="bbox 193 641 1168 683; baseline -0.003 -8"><span class='ocrx_word' id='word_1_58' title='bbox 193 644 278 675; x_wconf 86' lang='lat' dir='ltr'><strong>enim</strong></span> <span class='ocrx_word' id='word_1_59' title='bbox 301 641 461 674; x_wconf 75' lang='lat' dir='ltr'><strong>habemus</strong></span> <span class='ocrx_word' id='word_1_60' title='bbox 495 652 691 683; x_wconf 75' lang='lat' dir='ltr'><strong>expressum</strong></span> <span class='ocrx_word' id='word_1_61' title='bbox 718 643 868 679; x_wconf 87' lang='lat' dir='ltr'><strong>verbum,</strong></span> <span class='ocrx_word' id='word_1_62' title='bbox 903 648 970 674; x_wconf 89' lang='lat' dir='ltr'><strong>tum</strong></span> <span class='ocrx_word' id='word_1_63' title='bbox 1004 642 1102 672; x_wconf 86' lang='lat' dir='ltr'><strong>nobis</strong></span> <span class='ocrx_word' id='word_1_64' title='bbox 1126 641 1168 672; x_wconf 81' lang='lat' dir='ltr'><strong>sit</strong></span> 
     </span>
     <span class='ocr_line' id='line_1_12' title="bbox 192 683 1197 745; baseline -0.002 -28"><span class='ocrx_word' id='word_1_65' title='bbox 192 696 293 727; x_wconf 79' lang='lat' dir='ltr'><strong>supra</strong></span> <span class='ocrx_word' id='word_1_66' title='bbox 317 684 493 722; x_wconf 81' lang='lat' dir='ltr'><strong>miracula3</strong></span> <span class='ocrx_word' id='word_1_67' title='bbox 527 684 719 717; x_wconf 78' lang='lat' dir='ltr'><strong>Calchantis</strong></span> <span class='ocrx_word' id='word_1_68' title='bbox 755 686 911 716; x_wconf 84' lang='lat' dir='ltr'><strong>divinatio</strong></span> <span class='ocrx_word' id='word_1_69' title='bbox 945 695 1010 716; x_wconf 91' lang='lat' dir='ltr'><strong>non</strong></span> <span class='ocrx_word' id='word_1_70' title='bbox 1039 683 1099 715; x_wconf 84' lang='lat' dir='ltr'><strong>fuit</strong></span> <span class='ocrx_word' id='word_1_71' title='bbox 1122 684 1168 715; x_wconf 86' lang='lat' dir='ltr'><strong>di·</strong></span> <span class='ocrx_word' id='word_1_72' title='bbox 1193 686 1197 745; x_wconf 73' lang='grc' dir='ltr'>Ι</span> 
     </span>
     <span class='ocr_line' id='line_1_13' title="bbox 192 727 1169 770; baseline -0.002 -10"><span class='ocrx_word' id='word_1_73' title='bbox 192 729 279 768; x_wconf 82' lang='lat' dir='ltr'><strong>vina,</strong></span> <span class='ocrx_word' id='word_1_74' title='bbox 303 729 356 770; x_wconf 88' lang='lat' dir='ltr'><strong>qui</strong></span> <span class='ocrx_word' id='word_1_75' title='bbox 386 728 457 769; x_wconf 86' lang='lat' dir='ltr'><strong>ipse</strong></span> <span class='ocrx_word' id='word_1_76' title='bbox 480 729 615 759; x_wconf 79' lang='lat' dir='ltr'><strong>iubebat</strong></span> <span class='ocrx_word' id='word_1_77' title='bbox 648 728 716 759; x_wconf 88' lang='lat' dir='ltr'><strong>fieri</strong></span> <span class='ocrx_word' id='word_1_78' title='bbox 752 728 970 760; x_wconf 75' lang='lat' dir='ltr'><strong>mactationes</strong></span> <span class='ocrx_word' id='word_1_79' title='bbox 1005 727 1169 759; x_wconf 83' lang='lat' dir='ltr'><strong>hominem</strong></span> 
     </span>
     <span class='ocr_line' id='line_1_14' title="bbox 188 771 1169 813; baseline -0.002 -10"><span class='ocrx_word' id='word_1_80' title='bbox 188 772 231 803; x_wconf 83' lang='lat' dir='ltr'><strong>ad</strong></span> <span class='ocrx_word' id='word_1_81' title='bbox 266 772 434 809; x_wconf 79' lang='lat' dir='ltr'><strong>victimas,</strong></span> <span class='ocrx_word' id='word_1_82' title='bbox 470 772 559 813; x_wconf 81' lang='lat' dir='ltr'><strong>quod</strong></span> <span class='ocrx_word' id='word_1_83' title='bbox 594 777 644 803; x_wconf 85' lang='lat' dir='ltr'><strong>est</strong></span> <span class='ocrx_word' id='word_1_84' title='bbox 677 778 850 813; x_wconf 83' lang='lat' dir='ltr'><strong>peccatum</strong></span> <span class='ocrx_word' id='word_1_85' title='bbox 885 777 1001 803; x_wconf 80' lang='lat' dir='ltr'><strong>contra</strong></span> <span class='ocrx_word' id='word_1_86' title='bbox 1031 771 1169 812; x_wconf 84' lang='lat' dir='ltr'><strong>primum</strong></span> 
     </span>
     <span class='ocr_line' id='line_1_15' title="bbox 185 819 407 857; baseline -0.005 -11"><span class='ocrx_word' id='word_1_87' title='bbox 185 819 407 857; x_wconf 83' lang='lat' dir='ltr'><strong>praeceptum.</strong></span> 
     </span>
    </p>

    <p class='ocr_par' dir='ltr' id='par_1_7' title="bbox 190 855 1197 981">
     <span class='ocr_line' id='line_1_16' title="bbox 278 855 1167 899; baseline -0.001 -12"><span class='ocrx_word' id='word_1_88' title='bbox 278 857 313 887; x_wconf 93' lang='lat' dir='ltr'><strong>ll.</strong></span> <span class='ocrx_word' id='word_1_89' title='bbox 351 856 529 889; x_wconf 82' lang='lat' dir='ltr'><strong>Diabolica</strong></span> <span class='ocrx_word' id='word_1_90' title='bbox 565 857 723 889; x_wconf 83' lang='lat' dir='ltr'><strong>miracula</strong></span> <span class='ocrx_word' id='word_1_91' title='bbox 760 862 847 895; x_wconf 85' lang='lat' dir='ltr'><strong>sunt,</strong></span> <span class='ocrx_word' id='word_1_92' title='bbox 882 868 966 899; x_wconf 77' lang='lat' dir='ltr'><strong>quae</strong></span> <span class='ocrx_word' id='word_1_93' title='bbox 1003 855 1167 888; x_wconf 85' lang='lat' dir='ltr'><strong>Diabolus</strong></span> 
     </span>
     <span class='ocr_line' id='line_1_17' title="bbox 190 886 1197 942; baseline -0.001 -11"><span class='ocrx_word' id='word_1_94' title='bbox 190 909 268 931; x_wconf 83' lang='lat' dir='ltr'><strong>vere</strong></span> <span class='ocrx_word' id='word_1_95' title='bbox 302 905 411 942; x_wconf 74' lang='lat' dir='ltr'><strong>po⁴est</strong></span> <span class='ocrx_word' id='word_1_96' title='bbox 446 900 580 938; x_wconf 88' lang='lat' dir='ltr'><strong>imitari,</strong></span> <span class='ocrx_word' id='word_1_97' title='bbox 617 901 702 932; x_wconf 69' lang='lat' dir='ltr'><strong>sicut</strong></span> <span class='ocrx_word' id='word_1_98' title='bbox 726 899 889 931; x_wconf 85' lang='lat' dir='ltr'><strong>Diabolus</strong></span> <span class='ocrx_word' id='word_1_99' title='bbox 923 906 1034 941; x_wconf 65' lang='lat' dir='ltr'><strong>potest</strong></span> <span class='ocrx_word' id='word_1_100' title='bbox 1065 886 1197 931; x_wconf 78' lang='lat' dir='ltr'><strong>disse-¹</strong></span> 
     </span>
     <span class='ocr_line' id='line_1_18' title="bbox 192 917 1197 981; baseline -0.002 -6"><span class='ocrx_word' id='word_1_101' title='bbox 192 953 269 975; x_wconf 85' lang='lat' dir='ltr'><strong>care</strong></span> <span class='ocrx_word' id='word_1_102' title='bbox 293 950 412 981; x_wconf 75' lang='lat' dir='ltr'><strong>cotem,</strong></span> <span class='ocrx_word' id='word_1_103' title='bbox 437 942 591 975; x_wconf 76' lang='lat' dir='ltr'><strong>Ecclesia</strong></span> <span class='ocrx_word' id='word_1_104' title='bbox 621 951 731 975; x_wconf 86' lang='lat' dir='ltr'><strong>autem</strong></span> <span class='ocrx_word' id='word_1_105' title='bbox 759 943 860 975; x_wconf 84' lang='lat' dir='ltr'><strong>hahet</strong></span> <span class='ocrx_word' id='word_1_106' title='bbox 882 942 1041 974; x_wconf 78' lang='lat' dir='ltr'><strong>miracula</strong></span> <span class='ocrx_word' id='word_1_107' title='bbox 1069 943 1167 974; x_wconf 86' lang='lat' dir='ltr'><strong>inimi·</strong></span> <span class='ocrx_word' id='word_1_108' title='bbox 1192 917 1197 970; x_wconf 88' lang='lat' dir='ltr'><strong>l</strong></span> 
     </span>
    </p>
   </div>
   <div class='ocr_carea' id='block_1_6' title="bbox 1191 375 1196 538">
    <p class='ocr_par' dir='ltr' id='par_1_8' title="bbox 1191 375 1196 538">
     <span class='ocr_line' id='line_1_19' title="bbox 1191 375 1196 538; baseline 0 2432"><span class='ocrx_word' id='word_1_109' title='bbox 1191 375 1196 538; x_wconf 95' lang='lat' dir='ltr'><strong> </strong></span> 
     </span>
    </p>
   </div>
   <div class='ocr_carea' id='block_1_7' title="bbox 1193 748 1198 881">
    <p class='ocr_par' dir='ltr' id='par_1_9' title="bbox 1193 748 1198 881">
     <span class='ocr_line' id='line_1_20' title="bbox 1193 748 1198 881; baseline 0 2089"><span class='ocrx_word' id='word_1_110' title='bbox 1193 748 1198 881; x_wconf 95' lang='lat' dir='ltr'><strong> </strong></span> 
     </span>
    </p>
   </div>
   <div class='ocr_carea' id='block_1_8' title="bbox 189 985 1170 1200">
    <p class='ocr_par' dir='ltr' id='par_1_10' title="bbox 189 985 1170 1200">
     <span class='ocr_line' id='line_1_21' title="bbox 191 985 1169 1028; baseline -0.001 -11"><span class='ocrx_word' id='word_1_111' title='bbox 191 986 312 1017; x_wconf 83' lang='lat' dir='ltr'><strong>tabilia.</strong></span> <span class='ocrx_word' id='word_1_112' title='bbox 376 987 592 1028; x_wconf 79' lang='lat' dir='ltr'><strong>Omnipotens</strong></span> <span class='ocrx_word' id='word_1_113' title='bbox 626 994 782 1018; x_wconf 84' lang='lat' dir='ltr'><strong>aeternus</strong></span> <span class='ocrx_word' id='word_1_114' title='bbox 816 993 909 1027; x_wconf 76' lang='lat' dir='ltr'><strong>pater</strong></span> <span class='ocrx_word' id='word_1_115' title='bbox 945 985 1097 1027; x_wconf 70' lang='lat' dir='ltr'><strong>patefecit</strong></span> <span class='ocrx_word' id='word_1_116' title='bbox 1130 995 1169 1016; x_wconf 88' lang='lat' dir='ltr'><strong>se</strong></span> 
     </span>
     <span class='ocr_line' id='line_1_22' title="bbox 189 1028 1168 1068; baseline 0 -9"><span class='ocrx_word' id='word_1_117' title='bbox 189 1030 346 1060; x_wconf 75' lang='lat' dir='ltr'><strong>missione</strong></span> <span class='ocrx_word' id='word_1_118' title='bbox 370 1029 437 1068; x_wconf 85' lang='lat' dir='ltr'><strong>filii,</strong></span> <span class='ocrx_word' id='word_1_119' title='bbox 471 1035 502 1061; x_wconf 77' lang='lat' dir='ltr'><strong>et</strong></span> <span class='ocrx_word' id='word_1_120' title='bbox 524 1028 601 1061; x_wconf 82' lang='lat' dir='ltr'><strong>fecit</strong></span> <span class='ocrx_word' id='word_1_121' title='bbox 624 1028 783 1061; x_wconf 79' lang='lat' dir='ltr'><strong>miracula</strong></span> <span class='ocrx_word' id='word_1_122' title='bbox 805 1028 1021 1064; x_wconf 78' lang='lat' dir='ltr'><strong>inimitabilia,</strong></span> <span class='ocrx_word' id='word_1_123' title='bbox 1055 1035 1091 1061; x_wconf 88' lang='lat' dir='ltr'><strong>ut</strong></span> <span class='ocrx_word' id='word_1_124' title='bbox 1114 1038 1168 1059; x_wconf 87' lang='lat' dir='ltr'><strong>re—</strong></span> 
     </span>
     <span class='ocr_line' id='line_1_23' title="bbox 190 1073 1169 1114; baseline 0 -12"><span class='ocrx_word' id='word_1_125' title='bbox 190 1073 439 1103; x_wconf 70' lang='lat' dir='ltr'><strong>suscitationem</strong></span> <span class='ocrx_word' id='word_1_126' title='bbox 474 1079 692 1110; x_wconf 77' lang='lat' dir='ltr'><strong>mor&#39;tuorum,</strong></span> <span class='ocrx_word' id='word_1_127' title='bbox 728 1083 813 1114; x_wconf 85' lang='lat' dir='ltr'><strong>qnae</strong></span> <span class='ocrx_word' id='word_1_128' title='bbox 846 1083 912 1104; x_wconf 86' lang='lat' dir='ltr'><strong>non</strong></span> <span class='ocrx_word' id='word_1_129' title='bbox 939 1078 990 1103; x_wconf 88' lang='lat' dir='ltr'><strong>est</strong></span> <span class='ocrx_word' id='word_1_130' title='bbox 1019 1073 1051 1103; x_wconf 87' lang='lat' dir='ltr'><strong>in</strong></span> <span class='ocrx_word' id='word_1_131' title='bbox 1082 1077 1169 1113; x_wconf 85' lang='lat' dir='ltr'><strong>pote-</strong></span> 
     </span>
     <span class='ocr_line' id='line_1_24' title="bbox 189 1114 1170 1157; baseline 0 -11"><span class='ocrx_word' id='word_1_132' title='bbox 189 1121 274 1146; x_wconf 84' lang='lat' dir='ltr'><strong>state</strong></span> <span class='ocrx_word' id='word_1_133' title='bbox 297 1114 442 1147; x_wconf 85' lang='lat' dir='ltr'><strong>Diaboli.</strong></span> <span class='ocrx_word' id='word_1_134' title='bbox 499 1116 557 1147; x_wconf 89' lang='lat' dir='ltr'><strong>Sic</strong></span> <span class='ocrx_word' id='word_1_135' title='bbox 580 1126 642 1147; x_wconf 88' lang='lat' dir='ltr'><strong>nec</strong></span> <span class='ocrx_word' id='word_1_136' title='bbox 676 1121 786 1157; x_wconf 88' lang='lat' dir='ltr'><strong>potest</strong></span> <span class='ocrx_word' id='word_1_137' title='bbox 809 1115 929 1147; x_wconf 79' lang='lat' dir='ltr'><strong>sistere</strong></span> <span class='ocrx_word' id='word_1_138' title='bbox 951 1114 1070 1153; x_wconf 87' lang='lat' dir='ltr'><strong>solem,</strong></span> <span class='ocrx_word' id='word_1_139' title='bbox 1106 1125 1170 1146; x_wconf 89' lang='lat' dir='ltr'><strong>nec</strong></span> 
     </span>
     <span class='ocr_line' id='line_1_25' title="bbox 189 1158 1169 1200; baseline 0 -11"><span class='ocrx_word' id='word_1_140' title='bbox 189 1168 286 1189; x_wconf 86' lang='lat' dir='ltr'><strong>anum</strong></span> <span class='ocrx_word' id='word_1_141' title='bbox 311 1158 456 1189; x_wconf 80' lang='lat' dir='ltr'><strong>sterilem</strong></span> <span class='ocrx_word' id='word_1_142' title='bbox 480 1158 651 1200; x_wconf 72' lang='lat' dir='ltr'><strong>gravidam</strong></span> <span class='ocrx_word' id='word_1_143' title='bbox 674 1158 796 1190; x_wconf 72' lang='lat' dir='ltr'><strong>facere.</strong></span> <span class='ocrx_word' id='word_1_144' title='bbox 842 1158 876 1189; x_wconf 88' lang='lat' dir='ltr'><strong>ln</strong></span> <span class='ocrx_word' id='word_1_145' title='bbox 901 1169 1047 1192; x_wconf 88' lang='lat' dir='ltr'><strong>summa,</strong></span> <span class='ocrx_word' id='word_1_146' title='bbox 1078 1159 1169 1199; x_wconf 87' lang='lat' dir='ltr'><strong>quic-</strong></span> 
     </span>
    </p>
   </div>
   <div class='ocr_carea' id='block_1_9' title="bbox 189 1199 1519 1242">
    <p class='ocr_par' dir='ltr' id='par_1_11' title="bbox 189 1199 1519 1242">
     <span class='ocr_line' id='line_1_26' title="bbox 189 1199 1519 1242; baseline -0.002 -10"><span class='ocrx_word' id='word_1_147' title='bbox 189 1201 266 1242; x_wconf 87' lang='lat' dir='ltr'><strong>quid</strong></span> <span class='ocrx_word' id='word_1_148' title='bbox 291 1208 339 1232; x_wconf 84' lang='lat' dir='ltr'><strong>est</strong></span> <span class='ocrx_word' id='word_1_149' title='bbox 365 1202 501 1240; x_wconf 84' lang='lat' dir='ltr'><strong>creatio,</strong></span> <span class='ocrx_word' id='word_1_150' title='bbox 525 1200 689 1233; x_wconf 88' lang='lat' dir='ltr'><strong>Diabolus</strong></span> <span class='ocrx_word' id='word_1_151' title='bbox 710 1212 775 1233; x_wconf 80' lang='lat' dir='ltr'><strong>non</strong></span> <span class='ocrx_word' id='word_1_152' title='bbox 796 1207 907 1242; x_wconf 78' lang='lat' dir='ltr'><strong>potest</strong></span> <span class='ocrx_word' id='word_1_153' title='bbox 928 1199 1050 1232; x_wconf 85' lang='lat' dir='ltr'><strong>facere.</strong></span> <span class='ocrx_word' id='word_1_154' title='bbox 1086 1200 1170 1232; x_wconf 91' lang='lat' dir='ltr'><strong>Cum</strong></span> <span class='ocrx_word' id='word_1_155' title='bbox 1195 1210 1199 1240; x_wconf 67' lang='grc' dir='ltr'><strong>ῑ</strong></span> <span class='ocrx_word' id='word_1_156' title='bbox 1223 1206 1373 1231; x_wconf 88' lang='lat' dir='ltr'><strong>catorum</strong></span> <span class='ocrx_word' id='word_1_157' title='bbox 1402 1201 1519 1241; x_wconf 84' lang='lat' dir='ltr'><strong>gratis.</strong></span> 
     </span>
    </p>
   </div>
   <div class='ocr_carea' id='block_1_10' title="bbox 1220 253 2200 339">
    <p class='ocr_par' dir='ltr' id='par_1_12' title="bbox 1220 253 2200 339">
     <span class='ocr_line' id='line_1_27' title="bbox 1306 253 2200 294; baseline 0.004 -10"><span class='ocrx_word' id='word_1_158' title='bbox 1306 253 1511 294; x_wconf 81' lang='lat' dir='ltr'><strong>Blaspliemia</strong></span> <span class='ocrx_word' id='word_1_159' title='bbox 1533 253 1662 292; x_wconf 84' lang='lat' dir='ltr'><strong>dicitur,</strong></span> <span class='ocrx_word' id='word_1_160' title='bbox 1687 264 1706 284; x_wconf 81' lang='lat' dir='ltr'><strong>a</strong></span> <span class='ocrx_word' id='word_1_161' title='bbox 1727 254 1815 294; x_wconf 78' lang='grc' dir='ltr'><strong><em>βλάξ,</em></strong></span> <span class='ocrx_word' id='word_1_162' title='bbox 1837 254 1948 294; x_wconf 80' lang='grc' dir='ltr'><strong><em>βλακὸς</em></strong></span> <span class='ocrx_word' id='word_1_163' title='bbox 1981 255 2013 286; x_wconf 80' lang='lat' dir='ltr'><strong>id</strong></span> <span class='ocrx_word' id='word_1_164' title='bbox 2037 261 2098 294; x_wconf 80' lang='lat' dir='ltr'><strong>est,</strong></span> <span class='ocrx_word' id='word_1_165' title='bbox 2132 263 2200 288; x_wconf 85' lang='lat' dir='ltr'><strong>stu-</strong></span> 
     </span>
     <span class='ocr_line' id='line_1_28' title="bbox 1220 295 2200 339; baseline 0.003 -11"><span class='ocrx_word' id='word_1_166' title='bbox 1220 297 1338 339; x_wconf 86' lang='lat' dir='ltr'><strong>pidus,</strong></span> <span class='ocrx_word' id='word_1_167' title='bbox 1368 307 1490 339; x_wconf 81' lang='lat' dir='ltr'><strong>graece</strong></span> <span class='ocrx_word' id='word_1_168' title='bbox 1508 295 1692 338; x_wconf 66' lang='grc' dir='ltr'><strong><em>βλαςφημίὰ,</em></strong></span> <span class='ocrx_word' id='word_1_169' title='bbox 1726 297 1759 328; x_wconf 83' lang='lat' dir='ltr'><strong>id</strong></span> <span class='ocrx_word' id='word_1_170' title='bbox 1777 303 1840 335; x_wconf 79' lang='lat' dir='ltr'><strong>est,</strong></span> <span class='ocrx_word' id='word_1_171' title='bbox 1864 296 2090 336; x_wconf 77' lang='lat' dir='ltr'><strong>nialetlictttn13</strong></span> <span class='ocrx_word' id='word_1_172' title='bbox 2123 297 2200 331; x_wconf 89' lang='lat' dir='ltr'><strong>huic</strong></span> 
     </span>
    </p>
   </div>
   <div class='ocr_carea' id='block_1_11' title="bbox 1193 339 2201 381">
    <p class='ocr_par' dir='ltr' id='par_1_13' title="bbox 1193 339 2201 381">
     <span class='ocr_line' id='line_1_29' title="bbox 1193 339 2201 381; baseline 0.001 -10"><span class='ocrx_word' id='word_1_173' title='bbox 1193 365 1194 374; x_wconf 65' lang='grc'>,</span> <span class='ocrx_word' id='word_1_174' title='bbox 1220 340 1421 372; x_wconf 61' lang='grc' dir='ltr'><strong>οοιῑῐι·ῑι·ἰιιιιι</strong></span> <span class='ocrx_word' id='word_1_175' title='bbox 1444 346 1495 371; x_wconf 88' lang='lat' dir='ltr'><strong>cst</strong></span> <span class='ocrx_word' id='word_1_176' title='bbox 1514 347 1546 371; x_wconf 87' lang='lat' dir='ltr'><strong>et</strong></span> <span class='ocrx_word' id='word_1_177' title='bbox 1563 341 1751 381; x_wconf 81' lang='lat' dir='ltr'><strong>oppositum</strong></span> <span class='ocrx_word' id='word_1_178' title='bbox 1774 339 1901 381; x_wconf 76' lang='grc' dir='ltr'><strong><em>εὐφημία</em></strong></span> <span class='ocrx_word' id='word_1_179' title='bbox 1923 344 1996 380; x_wconf 71' lang='lat' dir='ltr'><strong>yuts</strong></span> <span class='ocrx_word' id='word_1_180' title='bbox 2017 342 2112 371; x_wconf 84' lang='lat' dir='ltr'><strong>reden</strong></span> <span class='ocrx_word' id='word_1_181' title='bbox 2135 341 2201 372; x_wconf 80' lang='lat' dir='ltr'><strong>und</strong></span> 
     </span>
    </p>
   </div>
   <div class='ocr_carea' id='block_1_12' title="bbox 1220 382 2205 1238">
    <p class='ocr_par' dir='ltr' id='par_1_14' title="bbox 1220 382 2199 424">
     <span class='ocr_line' id='line_1_30' title="bbox 1220 382 2199 424; baseline 0.004 -11"><span class='ocrx_word' id='word_1_182' title='bbox 1220 383 1389 414; x_wconf 55' lang='lat' dir='ltr'><strong>wizan-lien.</strong></span> <span class='ocrx_word' id='word_1_183' title='bbox 1437 382 1522 414; x_wconf 81' lang='lat' dir='ltr'><strong>Hinc</strong></span> <span class='ocrx_word' id='word_1_184' title='bbox 1544 383 1704 424; x_wconf 76' lang='grc' dir='ltr'><strong><em>εύφημίιαι</em></strong></span> <span class='ocrx_word' id='word_1_185' title='bbox 1726 384 1759 414; x_wconf 89' lang='lat' dir='ltr'><strong>in</strong></span> <span class='ocrx_word' id='word_1_186' title='bbox 1781 382 1912 424; x_wconf 85' lang='lat' dir='ltr'><strong>templis</strong></span> <span class='ocrx_word' id='word_1_187' title='bbox 1932 393 2051 415; x_wconf 82' lang='lat' dir='ltr'><strong>nomen</strong></span> <span class='ocrx_word' id='word_1_188' title='bbox 2063 385 2199 417; x_wconf 85' lang='lat' dir='ltr'><strong>habent.</strong></span> 
     </span>
    </p>

    <p class='ocr_par' dir='ltr' id='par_1_15' title="bbox 1220 425 2205 1238">
     <span class='ocr_line' id='line_1_31' title="bbox 1307 425 2201 468; baseline 0.004 -12"><span class='ocrx_word' id='word_1_189' title='bbox 1307 426 1472 458; x_wconf 81' lang='lat' dir='ltr'><strong>Difl&#39;erunt</strong></span> <span class='ocrx_word' id='word_1_190' title='bbox 1495 428 1570 458; x_wconf 85' lang='lat' dir='ltr'><strong>item</strong></span> <span class='ocrx_word' id='word_1_191' title='bbox 1595 425 1740 467; x_wconf 81' lang='grc' dir='ltr'><strong><em>λοιδορία,</em></strong></span> <span class='ocrx_word' id='word_1_192' title='bbox 1764 426 1851 467; x_wconf 78' lang='lat' dir='ltr'><strong>quod</strong></span> <span class='ocrx_word' id='word_1_193' title='bbox 1876 427 2042 468; x_wconf 81' lang='lat' dir='ltr'><strong>significat</strong></span> <span class='ocrx_word' id='word_1_194' title='bbox 2061 437 2201 460; x_wconf 84' lang='lat' dir='ltr'><strong>comune</strong></span> 
     </span>
     <span class='ocr_line' id='line_1_32' title="bbox 1222 469 2201 507; baseline 0.002 -6"><span class='ocrx_word' id='word_1_195' title='bbox 1222 469 1427 507; x_wconf 82' lang='lat' dir='ltr'><strong>convicium,</strong></span> <span class='ocrx_word' id='word_1_196' title='bbox 1461 470 1514 501; x_wconf 75' lang='grc' dir='ltr'><strong>εἰη</strong></span> <span class='ocrx_word' id='word_1_197' title='bbox 1542 471 1737 507; x_wconf 56' lang='lat' dir='ltr'><strong>schema-ort,</strong></span> <span class='ocrx_word' id='word_1_198' title='bbox 1779 471 1830 501; x_wconf 72' lang='lat' dir='ltr'><strong>als·</strong></span> <span class='ocrx_word' id='word_1_199' title='bbox 1862 479 1956 501; x_wconf 68' lang='lat' dir='ltr'><strong>metm</strong></span> <span class='ocrx_word' id='word_1_200' title='bbox 1993 472 2076 502; x_wconf 73' lang='lat' dir='ltr'><strong>nelcla</strong></span> <span class='ocrx_word' id='word_1_201' title='bbox 2109 474 2201 504; x_wconf 79' lang='lat' dir='ltr'><strong>einer</strong></span> 
     </span>
     <span class='ocr_line' id='line_1_33' title="bbox 1220 513 2200 553; baseline 0.001 -9"><span class='ocrx_word' id='word_1_202' title='bbox 1220 517 1315 544; x_wconf 77' lang='lat' dir='ltr'><strong>einen</strong></span> <span class='ocrx_word' id='word_1_203' title='bbox 1337 516 1389 544; x_wconf 71' lang='lat' dir='ltr'><strong>ein</strong></span> <span class='ocrx_word' id='word_1_204' title='bbox 1412 515 1479 544; x_wconf 81' lang='lat' dir='ltr'><strong>esel</strong></span> <span class='ocrx_word' id='word_1_205' title='bbox 1501 514 1605 552; x_wconf 71' lang='lat' dir='ltr'><strong>selem,</strong></span> <span class='ocrx_word' id='word_1_206' title='bbox 1639 522 1675 544; x_wconf 82' lang='lat' dir='ltr'><strong>so</strong></span> <span class='ocrx_word' id='word_1_207' title='bbox 1698 513 1741 544; x_wconf 75' lang='lat' dir='ltr'><strong>ist</strong></span> <span class='ocrx_word' id='word_1_208' title='bbox 1761 514 1826 543; x_wconf 79' lang='lat' dir='ltr'><strong>mir</strong></span> <span class='ocrx_word' id='word_1_209' title='bbox 1855 513 1993 544; x_wconf 64' lang='lat' dir='ltr'><strong>villeta-lec</strong></span> <span class='ocrx_word' id='word_1_210' title='bbox 2013 523 2049 545; x_wconf 74' lang='lat' dir='ltr'><strong>so</strong></span> <span class='ocrx_word' id='word_1_211' title='bbox 2067 524 2131 553; x_wconf 73' lang='lat' dir='ltr'><strong>yar</strong></span> <span class='ocrx_word' id='word_1_212' title='bbox 2148 523 2200 545; x_wconf 83' lang='lat' dir='ltr'><strong>vn-</strong></span> 
     </span>
     <span class='ocr_line' id='line_1_34' title="bbox 1220 554 2200 597; baseline 0.001 -10"><span class='ocrx_word' id='word_1_213' title='bbox 1220 557 1312 588; x_wconf 79' lang='lat' dir='ltr'><strong>recltt</strong></span> <span class='ocrx_word' id='word_1_214' title='bbox 1331 557 1419 587; x_wconf 74' lang='lat' dir='ltr'><strong>nicht</strong></span> <span class='ocrx_word' id='word_1_215' title='bbox 1441 557 1628 595; x_wconf 69' lang='lat' dir='ltr'><strong>yesclaelzen.</strong></span> <span class='ocrx_word' id='word_1_216' title='bbox 1684 556 1856 595; x_wconf 75' lang='grc' dir='ltr'><em>βλαςφημία</em></span> <span class='ocrx_word' id='word_1_217' title='bbox 1890 554 2056 597; x_wconf 80' lang='lat' dir='ltr'><strong>significat</strong></span> <span class='ocrx_word' id='word_1_218' title='bbox 2088 556 2200 588; x_wconf 81' lang='lat' dir='ltr'><strong>convi-</strong></span> 
     </span>
     <span class='ocr_line' id='line_1_35' title="bbox 1222 597 2199 640; baseline 0.001 -10"><span class='ocrx_word' id='word_1_219' title='bbox 1222 599 1315 630; x_wconf 86' lang='lat' dir='ltr'><strong>cium.</strong></span> <span class='ocrx_word' id='word_1_220' title='bbox 1373 599 1430 630; x_wconf 79' lang='lat' dir='ltr'><strong>stc</strong></span> <span class='ocrx_word' id='word_1_221' title='bbox 1461 599 1594 640; x_wconf 86' lang='lat' dir='ltr'><strong>quidam</strong></span> <span class='ocrx_word' id='word_1_222' title='bbox 1623 599 1780 630; x_wconf 80' lang='lat' dir='ltr'><strong>invocant</strong></span> <span class='ocrx_word' id='word_1_223' title='bbox 1814 597 1922 628; x_wconf 85' lang='lat' dir='ltr'><strong>Deum</strong></span> <span class='ocrx_word' id='word_1_224' title='bbox 1957 598 1998 628; x_wconf 88' lang='lat' dir='ltr'><strong>ad</strong></span> <span class='ocrx_word' id='word_1_225' title='bbox 2033 605 2199 631; x_wconf 82' lang='lat' dir='ltr'><strong>contume-</strong></span> 
     </span>
     <span class='ocr_line' id='line_1_36' title="bbox 1221 639 2200 680; baseline 0 -8"><span class='ocrx_word' id='word_1_226' title='bbox 1221 639 1309 679; x_wconf 78' lang='lat' dir='ltr'><strong>liam,</strong></span> <span class='ocrx_word' id='word_1_227' title='bbox 1329 651 1403 672; x_wconf 86' lang='lat' dir='ltr'><strong>cum</strong></span> <span class='ocrx_word' id='word_1_228' title='bbox 1426 642 1555 673; x_wconf 85' lang='lat' dir='ltr'><strong>dicunt:</strong></span> <span class='ocrx_word' id='word_1_229' title='bbox 1592 643 1659 673; x_wconf 81' lang='lat' dir='ltr'><strong>Das</strong></span> <span class='ocrx_word' id='word_1_230' title='bbox 1692 642 1765 673; x_wconf 79' lang='lat' dir='ltr'><strong>de&#39;cll</strong></span> <span class='ocrx_word' id='word_1_231' title='bbox 1802 642 1875 673; x_wconf 64' lang='lat' dir='ltr'><strong>Gale</strong></span> <span class='ocrx_word' id='word_1_232' title='bbox 1895 642 2046 680; x_wconf 77' lang='lat' dir='ltr'><strong>schende,</strong></span> <span class='ocrx_word' id='word_1_233' title='bbox 2080 642 2113 673; x_wconf 85' lang='lat' dir='ltr'><strong>id</strong></span> <span class='ocrx_word' id='word_1_234' title='bbox 2137 648 2200 679; x_wconf 84' lang='lat' dir='ltr'><strong>est,</strong></span> 
     </span>
     <span class='ocr_line' id='line_1_37' title="bbox 1223 682 2201 725; baseline 0.002 -10"><span class='ocrx_word' id='word_1_235' title='bbox 1223 685 1335 717; x_wconf 85' lang='lat' dir='ltr'><strong>dicunt</strong></span> <span class='ocrx_word' id='word_1_236' title='bbox 1357 683 1464 715; x_wconf 87' lang='lat' dir='ltr'><strong>Deum</strong></span> <span class='ocrx_word' id='word_1_237' title='bbox 1498 694 1575 716; x_wconf 82' lang='lat' dir='ltr'><strong>esse</strong></span> <span class='ocrx_word' id='word_1_238' title='bbox 1610 684 1777 725; x_wconf 84' lang='lat' dir='ltr'><strong>stupidum</strong></span> <span class='ocrx_word' id='word_1_239' title='bbox 1800 690 1832 715; x_wconf 87' lang='lat' dir='ltr'><strong>et</strong></span> <span class='ocrx_word' id='word_1_240' title='bbox 1856 682 1990 715; x_wconf 88' lang='lat' dir='ltr'><strong>fatuum.</strong></span> <span class='ocrx_word' id='word_1_241' title='bbox 2036 684 2128 716; x_wconf 85' lang='lat' dir='ltr'><strong>Haec</strong></span> <span class='ocrx_word' id='word_1_242' title='bbox 2150 690 2201 717; x_wconf 80' lang='lat' dir='ltr'><strong>est</strong></span> 
     </span>
     <span class='ocr_line' id='line_1_38' title="bbox 1222 725 2201 769; baseline 0.002 -12"><span class='ocrx_word' id='word_1_243' title='bbox 1222 725 1421 758; x_wconf 78' lang='lat' dir='ltr'><strong>contumelia</strong></span> <span class='ocrx_word' id='word_1_244' title='bbox 1455 737 1581 758; x_wconf 85' lang='lat' dir='ltr'><strong>summa</strong></span> <span class='ocrx_word' id='word_1_245' title='bbox 1616 728 1780 758; x_wconf 86' lang='lat' dir='ltr'><strong>adversus</strong></span> <span class='ocrx_word' id='word_1_246' title='bbox 1816 726 1924 758; x_wconf 88' lang='lat' dir='ltr'><strong>Deum</strong></span> <span class='ocrx_word' id='word_1_247' title='bbox 1960 733 1993 758; x_wconf 87' lang='lat' dir='ltr'><strong>et</strong></span> <span class='ocrx_word' id='word_1_248' title='bbox 2025 733 2201 769; x_wconf 87' lang='lat' dir='ltr'><strong>peccatum</strong></span> 
     </span>
     <span class='ocr_line' id='line_1_39' title="bbox 1223 769 2201 811; baseline 0.002 -11"><span class='ocrx_word' id='word_1_249' title='bbox 1223 769 1458 808; x_wconf 78' lang='lat' dir='ltr'><strong>irremissibile,</strong></span> <span class='ocrx_word' id='word_1_250' title='bbox 1489 780 1555 811; x_wconf 91' lang='lat' dir='ltr'><strong>quo</strong></span> <span class='ocrx_word' id='word_1_251' title='bbox 1581 770 1674 801; x_wconf 82' lang='lat' dir='ltr'><strong>Deus</strong></span> <span class='ocrx_word' id='word_1_252' title='bbox 1710 769 1853 801; x_wconf 78' lang='lat' dir='ltr'><strong>afficitur</strong></span> <span class='ocrx_word' id='word_1_253' title='bbox 1874 780 1894 800; x_wconf 92' lang='lat' dir='ltr'><strong>a</strong></span> <span class='ocrx_word' id='word_1_254' title='bbox 1918 771 2055 801; x_wconf 83' lang='lat' dir='ltr'><strong>sciente.</strong></span> <span class='ocrx_word' id='word_1_255' title='bbox 2107 770 2201 802; x_wconf 88' lang='lat' dir='ltr'><strong>Sicut</strong></span> 
     </span>
     <span class='ocr_line' id='line_1_40' title="bbox 1223 810 2201 854; baseline 0.001 -10"><span class='ocrx_word' id='word_1_256' title='bbox 1223 813 1398 844; x_wconf 80' lang='lat' dir='ltr'><strong>Pharisaei</strong></span> <span class='ocrx_word' id='word_1_257' title='bbox 1421 812 1532 844; x_wconf 85' lang='lat' dir='ltr'><strong>vident</strong></span> <span class='ocrx_word' id='word_1_258' title='bbox 1554 814 1743 844; x_wconf 83' lang='lat' dir='ltr'><strong>continuata</strong></span> <span class='ocrx_word' id='word_1_259' title='bbox 1766 810 1927 844; x_wconf 85' lang='lat' dir='ltr'><strong>miracula</strong></span> <span class='ocrx_word' id='word_1_260' title='bbox 1950 812 2084 852; x_wconf 84' lang='lat' dir='ltr'><strong>Christi,</strong></span> <span class='ocrx_word' id='word_1_261' title='bbox 2115 823 2201 854; x_wconf 83' lang='lat' dir='ltr'><strong>quae</strong></span> 
     </span>
     <span class='ocr_line' id='line_1_41' title="bbox 1222 856 2201 897; baseline 0.001 -11"><span class='ocrx_word' id='word_1_262' title='bbox 1222 856 1423 887; x_wconf 76' lang='lat' dir='ltr'><strong>conveniunt</strong></span> <span class='ocrx_word' id='word_1_263' title='bbox 1447 866 1520 886; x_wconf 92' lang='lat' dir='ltr'><strong>cum</strong></span> <span class='ocrx_word' id='word_1_264' title='bbox 1544 856 1737 897; x_wconf 70' lang='lat' dir='ltr'><strong>scripturis,</strong></span> <span class='ocrx_word' id='word_1_265' title='bbox 1772 861 1880 886; x_wconf 73' lang='lat' dir='ltr'><strong>tamen</strong></span> <span class='ocrx_word' id='word_1_266' title='bbox 1915 857 1990 897; x_wconf 87' lang='lat' dir='ltr'><strong>quia</strong></span> <span class='ocrx_word' id='word_1_267' title='bbox 2027 866 2092 888; x_wconf 91' lang='lat' dir='ltr'><strong>non</strong></span> <span class='ocrx_word' id='word_1_268' title='bbox 2123 862 2201 888; x_wconf 80' lang='lat' dir='ltr'><strong>sunt</strong></span> 
     </span>
     <span class='ocr_line' id='line_1_42' title="bbox 1221 897 2202 941; baseline 0.001 -12"><span class='ocrx_word' id='word_1_269' title='bbox 1221 898 1311 937; x_wconf 86' lang='lat' dir='ltr'><strong>talia,</strong></span> <span class='ocrx_word' id='word_1_270' title='bbox 1335 897 1444 941; x_wconf 88' lang='lat' dir='ltr'><strong>qualia</strong></span> <span class='ocrx_word' id='word_1_271' title='bbox 1467 899 1529 939; x_wconf 87' lang='lat' dir='ltr'><strong>ipsi</strong></span> <span class='ocrx_word' id='word_1_272' title='bbox 1556 899 1730 937; x_wconf 88' lang='lat' dir='ltr'><strong>somniant,</strong></span> <span class='ocrx_word' id='word_1_273' title='bbox 1764 898 1837 929; x_wconf 87' lang='lat' dir='ltr'><strong>ideo</strong></span> <span class='ocrx_word' id='word_1_274' title='bbox 1873 899 2013 930; x_wconf 88' lang='lat' dir='ltr'><strong>oderunt</strong></span> <span class='ocrx_word' id='word_1_275' title='bbox 2048 909 2140 938; x_wconf 89' lang='lat' dir='ltr'><strong>eum,</strong></span> <span class='ocrx_word' id='word_1_276' title='bbox 2170 904 2202 931; x_wconf 77' lang='lat' dir='ltr'><strong>et</strong></span> 
     </span>
     <span class='ocr_line' id='line_1_43' title="bbox 1222 941 2201 983; baseline 0 -10"><span class='ocrx_word' id='word_1_277' title='bbox 1222 941 1374 973; x_wconf 81' lang='lat' dir='ltr'><strong>volentes</strong></span> <span class='ocrx_word' id='word_1_278' title='bbox 1415 948 1447 973; x_wconf 78' lang='lat' dir='ltr'><strong>et</strong></span> <span class='ocrx_word' id='word_1_279' title='bbox 1484 943 1628 973; x_wconf 81' lang='lat' dir='ltr'><strong>scientes</strong></span> <span class='ocrx_word' id='word_1_280' title='bbox 1662 947 1905 983; x_wconf 83' lang='lat' dir='ltr'><strong>persequuntur</strong></span> <span class='ocrx_word' id='word_1_281' title='bbox 1951 952 2034 974; x_wconf 89' lang='lat' dir='ltr'><strong>eum.</strong></span> <span class='ocrx_word' id='word_1_282' title='bbox 2100 941 2201 974; x_wconf 84' lang='lat' dir='ltr'><strong>Tales</strong></span> 
     </span>
     <span class='ocr_line' id='line_1_44' title="bbox 1221 984 2202 1026; baseline 0 -10"><span class='ocrx_word' id='word_1_283' title='bbox 1221 986 1318 1016; x_wconf 82' lang='lat' dir='ltr'><strong>etiam</strong></span> <span class='ocrx_word' id='word_1_284' title='bbox 1342 992 1418 1017; x_wconf 74' lang='lat' dir='ltr'><strong>sunt</strong></span> <span class='ocrx_word' id='word_1_285' title='bbox 1441 984 1634 1026; x_wconf 75' lang='lat' dir='ltr'><strong>Epicuraci,</strong></span> <span class='ocrx_word' id='word_1_286' title='bbox 1668 985 1722 1025; x_wconf 88' lang='lat' dir='ltr'><strong>qui</strong></span> <span class='ocrx_word' id='word_1_287' title='bbox 1749 985 1821 1025; x_wconf 66' lang='lat' dir='ltr'><strong>ipsa</strong></span> <span class='ocrx_word' id='word_1_288' title='bbox 1844 995 1952 1016; x_wconf 88' lang='lat' dir='ltr'><strong>rerum</strong></span> <span class='ocrx_word' id='word_1_289' title='bbox 1976 991 2093 1016; x_wconf 86' lang='lat' dir='ltr'><strong>natura</strong></span> <span class='ocrx_word' id='word_1_290' title='bbox 2117 984 2202 1016; x_wconf 84' lang='lat' dir='ltr'><strong>resu-</strong></span> 
     </span>
     <span class='ocr_line' id='line_1_45' title="bbox 1221 1027 2202 1068; baseline 0 -9"><span class='ocrx_word' id='word_1_291' title='bbox 1221 1034 1347 1068; x_wconf 84' lang='lat' dir='ltr'><strong>tantur,</strong></span> <span class='ocrx_word' id='word_1_292' title='bbox 1382 1034 1491 1059; x_wconf 82' lang='lat' dir='ltr'><strong>tamen</strong></span> <span class='ocrx_word' id='word_1_293' title='bbox 1526 1027 1670 1059; x_wconf 87' lang='lat' dir='ltr'><strong>clamant</strong></span> <span class='ocrx_word' id='word_1_294' title='bbox 1693 1027 1800 1058; x_wconf 87' lang='lat' dir='ltr'><strong>Deum</strong></span> <span class='ocrx_word' id='word_1_295' title='bbox 1834 1037 1911 1058; x_wconf 78' lang='lat' dir='ltr'><strong>csse</strong></span> <span class='ocrx_word' id='word_1_296' title='bbox 1945 1027 2042 1067; x_wconf 79' lang='grc' dir='ltr'><em>βλάκα</em></span> <span class='ocrx_word' id='word_1_297' title='bbox 2066 1035 2098 1059; x_wconf 82' lang='lat' dir='ltr'><strong>et</strong></span> <span class='ocrx_word' id='word_1_298' title='bbox 2122 1027 2202 1060; x_wconf 86' lang='lat' dir='ltr'><strong>nihil</strong></span> 
     </span>
     <span class='ocr_line' id='line_1_46' title="bbox 1222 1071 2202 1113; baseline 0 -11"><span class='ocrx_word' id='word_1_299' title='bbox 1222 1071 1389 1113; x_wconf 83' lang='lat' dir='ltr'><strong>quiddam,</strong></span> <span class='ocrx_word' id='word_1_300' title='bbox 1423 1081 1508 1113; x_wconf 88' lang='lat' dir='ltr'><strong>quae</strong></span> <span class='ocrx_word' id='word_1_301' title='bbox 1532 1081 1610 1102; x_wconf 84' lang='lat' dir='ltr'><strong>vere</strong></span> <span class='ocrx_word' id='word_1_302' title='bbox 1633 1076 1709 1101; x_wconf 83' lang='lat' dir='ltr'><strong>sunt</strong></span> <span class='ocrx_word' id='word_1_303' title='bbox 1734 1075 1871 1111; x_wconf 77' lang='lat' dir='ltr'><strong>peccata</strong></span> <span class='ocrx_word' id='word_1_304' title='bbox 1893 1077 2007 1101; x_wconf 88' lang='lat' dir='ltr'><strong>contra</strong></span> <span class='ocrx_word' id='word_1_305' title='bbox 2031 1072 2202 1103; x_wconf 81' lang='lat' dir='ltr'><strong>conscicn-</strong></span> 
     </span>
     <span class='ocr_line' id='line_1_47' title="bbox 1221 1111 2203 1150; baseline 0 -5"><span class='ocrx_word' id='word_1_306' title='bbox 1221 1115 1310 1145; x_wconf 82' lang='lat' dir='ltr'><strong>tiam.</strong></span> <span class='ocrx_word' id='word_1_307' title='bbox 1366 1114 1559 1146; x_wconf 78' lang='lat' dir='ltr'><strong>Mandatum</strong></span> <span class='ocrx_word' id='word_1_308' title='bbox 1593 1120 1643 1145; x_wconf 91' lang='lat' dir='ltr'><strong>cst</strong></span> <span class='ocrx_word' id='word_1_309' title='bbox 1665 1111 1872 1150; x_wconf 84' lang='lat' dir='ltr'><strong>universale,</strong></span> <span class='ocrx_word' id='word_1_310' title='bbox 1905 1119 1940 1144; x_wconf 88' lang='lat' dir='ltr'><strong>ut</strong></span> <span class='ocrx_word' id='word_1_311' title='bbox 1971 1114 2147 1145; x_wconf 86' lang='lat' dir='ltr'><strong>credamus</strong></span> <span class='ocrx_word' id='word_1_312' title='bbox 2170 1115 2203 1146; x_wconf 91' lang='lat' dir='ltr'><strong>in</strong></span> 
     </span>
     <span class='ocr_line' id='line_1_48' title="bbox 1224 1155 2203 1199; baseline 0 -11"><span class='ocrx_word' id='word_1_313' title='bbox 1224 1156 1337 1195; x_wconf 84' lang='lat' dir='ltr'><strong>filium,</strong></span> <span class='ocrx_word' id='word_1_314' title='bbox 1360 1163 1496 1199; x_wconf 83' lang='lat' dir='ltr'><strong>propter</strong></span> <span class='ocrx_word' id='word_1_315' title='bbox 1531 1167 1628 1199; x_wconf 85' lang='lat' dir='ltr'><strong>quom</strong></span> <span class='ocrx_word' id='word_1_316' title='bbox 1662 1157 1759 1187; x_wconf 89' lang='lat' dir='ltr'><strong>etiam</strong></span> <span class='ocrx_word' id='word_1_317' title='bbox 1793 1155 1930 1187; x_wconf 77' lang='lat' dir='ltr'><strong>offertur</strong></span> <span class='ocrx_word' id='word_1_318' title='bbox 1953 1157 2104 1188; x_wconf 83' lang='lat' dir='ltr'><strong>remissio</strong></span> <span class='ocrx_word' id='word_1_319' title='bbox 2129 1166 2203 1198; x_wconf 83' lang='lat' dir='ltr'><strong>pec-</strong></span> 
     </span>
     <span class='ocr_line' id='line_1_49' title="bbox 1567 1198 2205 1238; baseline 0 -7"><span class='ocrx_word' id='word_1_320' title='bbox 1567 1199 1798 1231; x_wconf 71' lang='lat' dir='ltr'><strong>sustentemus</strong></span> <span class='ocrx_word' id='word_1_321' title='bbox 1834 1209 1897 1230; x_wconf 90' lang='lat' dir='ltr'><strong>nos</strong></span> <span class='ocrx_word' id='word_1_322' title='bbox 1933 1200 2035 1230; x_wconf 84' lang='lat' dir='ltr'><strong>verbo</strong></span> <span class='ocrx_word' id='word_1_323' title='bbox 2057 1198 2138 1238; x_wconf 82' lang='lat' dir='ltr'><strong>Dei,</strong></span> <span class='ocrx_word' id='word_1_324' title='bbox 2172 1205 2205 1231; x_wconf 74' lang='lat' dir='ltr'><strong>et</strong></span> 
     </span>
    </p>
   </div>
   <div class='ocr_carea' id='block_1_13' title="bbox 188 1242 2202 1304">
    <p class='ocr_par' dir='ltr' id='par_1_16' title="bbox 188 1242 2202 1304">
     <span class='ocr_line' id='line_1_50' title="bbox 188 1242 2202 1304; baseline -0 -29"><span class='ocrx_word' id='word_1_325' title='bbox 188 1244 289 1286; x_wconf 81' lang='lat' dir='ltr'><strong>igitur</strong></span> <span class='ocrx_word' id='word_1_326' title='bbox 306 1243 460 1276; x_wconf 75' lang='lat' dir='ltr'><strong>Ecclesia</strong></span> <span class='ocrx_word' id='word_1_327' title='bbox 478 1244 598 1276; x_wconf 87' lang='lat' dir='ltr'><strong>habeat</strong></span> <span class='ocrx_word' id='word_1_328' title='bbox 615 1245 803 1276; x_wconf 74' lang='lat' dir='ltr'><strong>testimonia</strong></span> <span class='ocrx_word' id='word_1_329' title='bbox 820 1243 1034 1283; x_wconf 85' lang='lat' dir='ltr'><strong>inimitabilia,</strong></span> <span class='ocrx_word' id='word_1_330' title='bbox 1059 1253 1170 1275; x_wconf 80' lang='lat' dir='ltr'><strong>assen-</strong></span> <span class='ocrx_word' id='word_1_331' title='bbox 1196 1255 1199 1304; x_wconf 46' lang='grc' dir='ltr'><strong>ς</strong></span> <span class='ocrx_word' id='word_1_332' title='bbox 1223 1244 1391 1285; x_wconf 80' lang='lat' dir='ltr'><strong>erigamus</strong></span> <span class='ocrx_word' id='word_1_333' title='bbox 1409 1253 1473 1274; x_wconf 87' lang='lat' dir='ltr'><strong>nos</strong></span> <span class='ocrx_word' id='word_1_334' title='bbox 1485 1243 1550 1274; x_wconf 89' lang='lat' dir='ltr'><strong>hac</strong></span> <span class='ocrx_word' id='word_1_335' title='bbox 1563 1242 1810 1274; x_wconf 84' lang='lat' dir='ltr'><strong>consolatione:</strong></span> <span class='ocrx_word' id='word_1_336' title='bbox 1843 1244 1947 1274; x_wconf 71' lang='lat' dir='ltr'><strong>Venite</strong></span> <span class='ocrx_word' id='word_1_337' title='bbox 1965 1244 2010 1274; x_wconf 79' lang='lat' dir='ltr'><strong>ml</strong></span> <span class='ocrx_word' id='word_1_338' title='bbox 2019 1252 2070 1274; x_wconf 81' lang='lat' dir='ltr'><strong>me</strong></span> <span class='ocrx_word' id='word_1_339' title='bbox 2081 1252 2202 1281; x_wconf 71' lang='lat' dir='ltr'><strong>omnes,</strong></span> 
     </span>
    </p>
   </div>
   <div class='ocr_carea' id='block_1_14' title="bbox 188 1287 1171 1373">
    <p class='ocr_par' dir='ltr' id='par_1_17' title="bbox 188 1287 1171 1373">
     <span class='ocr_line' id='line_1_51' title="bbox 188 1287 956 1328; baseline 0 -11"><span class='ocrx_word' id='word_1_340' title='bbox 188 1287 307 1319; x_wconf 86' lang='lat' dir='ltr'><strong>tiamnr</strong></span> <span class='ocrx_word' id='word_1_341' title='bbox 331 1289 444 1326; x_wconf 72' lang='lat' dir='ltr'><strong>verbo,</strong></span> <span class='ocrx_word' id='word_1_342' title='bbox 469 1288 558 1328; x_wconf 74' lang='lat' dir='ltr'><strong>quod</strong></span> <span class='ocrx_word' id='word_1_343' title='bbox 582 1298 601 1319; x_wconf 87' lang='lat' dir='ltr'><strong>a</strong></span> <span class='ocrx_word' id='word_1_344' title='bbox 619 1288 693 1319; x_wconf 92' lang='lat' dir='ltr'><strong>Deo</strong></span> <span class='ocrx_word' id='word_1_345' title='bbox 716 1288 870 1319; x_wconf 80' lang='lat' dir='ltr'><strong>traditum</strong></span> <span class='ocrx_word' id='word_1_346' title='bbox 894 1294 956 1318; x_wconf 83' lang='lat' dir='ltr'><strong>cst.</strong></span> 
     </span>
     <span class='ocr_line' id='line_1_52' title="bbox 273 1327 1171 1373; baseline 0.001 -13"><span class='ocrx_word' id='word_1_347' title='bbox 273 1330 327 1364; x_wconf 84' lang='grc' dir='ltr'><strong>ΠΙ,</strong></span> <span class='ocrx_word' id='word_1_348' title='bbox 351 1327 514 1363; x_wconf 85' lang='lat' dir='ltr'><strong>Miracula</strong></span> <span class='ocrx_word' id='word_1_349' title='bbox 548 1331 580 1361; x_wconf 91' lang='lat' dir='ltr'><strong>in</strong></span> <span class='ocrx_word' id='word_1_350' title='bbox 613 1329 769 1362; x_wconf 88' lang='lat' dir='ltr'><strong>Ecclesia</strong></span> <span class='ocrx_word' id='word_1_351' title='bbox 802 1329 966 1373; x_wconf 76' lang='lat' dir='ltr'><strong>repellunt</strong></span> <span class='ocrx_word' id='word_1_352' title='bbox 996 1329 1171 1361; x_wconf 87' lang='lat' dir='ltr'><strong>Diabolum</strong></span> 
     </span>
    </p>
   </div>
   <div class='ocr_carea' id='block_1_15' title="bbox 1197 1285 2204 1327">
    <p class='ocr_par' dir='ltr' id='par_1_18' title="bbox 1197 1285 2204 1327">
     <span class='ocr_line' id='line_1_53' title="bbox 1197 1285 2204 1327; baseline -0.001 -8"><span class='ocrx_word' id='word_1_353' title='bbox 1197 1315 1199 1319; x_wconf 80' lang='grc'>,</span> <span class='ocrx_word' id='word_1_354' title='bbox 1223 1290 1278 1327; x_wconf 77' lang='lat' dir='ltr'><strong>qui</strong></span> <span class='ocrx_word' id='word_1_355' title='bbox 1304 1288 1459 1318; x_wconf 72' lang='lat' dir='ltr'><strong>laboratis</strong></span> <span class='ocrx_word' id='word_1_356' title='bbox 1492 1291 1525 1318; x_wconf 84' lang='lat' dir='ltr'><strong>et</strong></span> <span class='ocrx_word' id='word_1_357' title='bbox 1556 1289 1683 1318; x_wconf 73' lang='lat' dir='ltr'><strong>onerem·</strong></span> <span class='ocrx_word' id='word_1_358' title='bbox 1714 1288 1802 1323; x_wconf 70' lang='lat' dir='ltr'><strong>estis,</strong></span> <span class='ocrx_word' id='word_1_359' title='bbox 1831 1295 1889 1325; x_wconf 74' lang='lat' dir='ltr'><strong>eyo</strong></span> <span class='ocrx_word' id='word_1_360' title='bbox 1921 1295 1976 1317; x_wconf 78' lang='lat' dir='ltr'><strong>vos</strong></span> <span class='ocrx_word' id='word_1_361' title='bbox 2009 1285 2204 1325; x_wconf 65' lang='lat' dir='ltr'><strong>refocillabo.</strong></span> 
     </span>
    </p>
   </div>
   <div class='ocr_carea' id='block_1_16' title="bbox 1223 1328 2206 1370">
    <p class='ocr_par' dir='ltr' id='par_1_19' title="bbox 1223 1328 2206 1370">
     <span class='ocr_line' id='line_1_54' title="bbox 1223 1328 2206 1370; baseline -0.001 -9"><span class='ocrx_word' id='word_1_362' title='bbox 1223 1330 1319 1362; x_wconf 82' lang='lat' dir='ltr'><strong>Hanc</strong></span> <span class='ocrx_word' id='word_1_363' title='bbox 1343 1329 1605 1361; x_wconf 86' lang='lat' dir='ltr'><strong>consolationem</strong></span> <span class='ocrx_word' id='word_1_364' title='bbox 1629 1330 1787 1367; x_wconf 88' lang='lat' dir='ltr'><strong>sciamus,</strong></span> <span class='ocrx_word' id='word_1_365' title='bbox 1810 1338 1873 1359; x_wconf 90' lang='lat' dir='ltr'><strong>nec</strong></span> <span class='ocrx_word' id='word_1_366' title='bbox 1897 1328 2093 1369; x_wconf 79' lang='lat' dir='ltr'><strong>cogitemus,</strong></span> <span class='ocrx_word' id='word_1_367' title='bbox 2116 1329 2206 1370; x_wconf 84' lang='lat' dir='ltr'><strong>quod</strong></span> 
     </span>
    </p>
   </div>
   <div class='ocr_carea' id='block_1_17' title="bbox 190 1371 2205 1416">
    <p class='ocr_par' dir='ltr' id='par_1_20' title="bbox 190 1371 2205 1416">
     <span class='ocr_line' id='line_1_55' title="bbox 190 1371 2205 1416; baseline -0.001 -12"><span class='ocrx_word' id='word_1_368' title='bbox 190 1379 442 1415; x_wconf 82' lang='lat' dir='ltr'><strong>repugnantem,</strong></span> <span class='ocrx_word' id='word_1_369' title='bbox 466 1372 631 1405; x_wconf 82' lang='lat' dir='ltr'><strong>nolentem</strong></span> <span class='ocrx_word' id='word_1_370' title='bbox 655 1380 688 1405; x_wconf 86' lang='lat' dir='ltr'><strong>et</strong></span> <span class='ocrx_word' id='word_1_371' title='bbox 711 1374 857 1405; x_wconf 88' lang='lat' dir='ltr'><strong>invitum.</strong></span> <span class='ocrx_word' id='word_1_372' title='bbox 897 1373 950 1405; x_wconf 91' lang='lat' dir='ltr'><strong>De</strong></span> <span class='ocrx_word' id='word_1_373' title='bbox 972 1372 1038 1404; x_wconf 80' lang='lat' dir='ltr'><strong>hoc</strong></span> <span class='ocrx_word' id='word_1_374' title='bbox 1063 1373 1171 1414; x_wconf 78' lang='lat' dir='ltr'><strong>dispu-</strong></span> <span class='ocrx_word' id='word_1_375' title='bbox 1197 1382 1200 1416; x_wconf 55' lang='lat' dir='ltr'><strong>t</strong></span> <span class='ocrx_word' id='word_1_376' title='bbox 1224 1373 1267 1404; x_wconf 88' lang='lat' dir='ltr'><strong>sit</strong></span> <span class='ocrx_word' id='word_1_377' title='bbox 1301 1379 1475 1414; x_wconf 84' lang='lat' dir='ltr'><strong>peccatum</strong></span> <span class='ocrx_word' id='word_1_378' title='bbox 1508 1382 1630 1414; x_wconf 77' lang='lat' dir='ltr'><strong>suprae</strong></span> <span class='ocrx_word' id='word_1_379' title='bbox 1664 1372 1803 1413; x_wconf 83' lang='lat' dir='ltr'><strong>gratiam</strong></span> <span class='ocrx_word' id='word_1_380' title='bbox 1839 1371 1896 1402; x_wconf 86' lang='lat' dir='ltr'><strong>filii</strong></span> <span class='ocrx_word' id='word_1_381' title='bbox 1918 1371 2001 1410; x_wconf 92' lang='lat' dir='ltr'><strong>Dei,</strong></span> <span class='ocrx_word' id='word_1_382' title='bbox 2041 1381 2102 1413; x_wconf 86' lang='lat' dir='ltr'><strong>pro</strong></span> <span class='ocrx_word' id='word_1_383' title='bbox 2138 1382 2205 1413; x_wconf 90' lang='lat' dir='ltr'><strong>quo</strong></span> 
     </span>
    </p>
   </div>
   <div class='ocr_carea' id='block_1_18' title="bbox 189 1416 1199 1456">
    <p class='ocr_par' dir='ltr' id='par_1_21' title="bbox 189 1416 1199 1456">
     <span class='ocr_line' id='line_1_56' title="bbox 189 1416 1199 1456; baseline 0.001 -9"><span class='ocrx_word' id='word_1_384' title='bbox 189 1421 235 1447; x_wconf 89' lang='lat' dir='ltr'><strong>tat</strong></span> <span class='ocrx_word' id='word_1_385' title='bbox 258 1416 324 1447; x_wconf 86' lang='lat' dir='ltr'><strong>hoc</strong></span> <span class='ocrx_word' id='word_1_386' title='bbox 346 1416 423 1448; x_wconf 82' lang='lat' dir='ltr'><strong>loco</strong></span> <span class='ocrx_word' id='word_1_387' title='bbox 448 1417 601 1448; x_wconf 70' lang='lat' dir='ltr'><strong>Christus</strong></span> <span class='ocrx_word' id='word_1_388' title='bbox 631 1417 765 1448; x_wconf 84' lang='lat' dir='ltr'><strong>dicens.-</strong></span> <span class='ocrx_word' id='word_1_389' title='bbox 792 1418 860 1456; x_wconf 71' lang='lat' dir='ltr'><strong>qu</strong></span> <span class='ocrx_word' id='word_1_390' title='bbox 889 1417 981 1449; x_wconf 81' lang='lat' dir='ltr'><strong>eiicio</strong></span> <span class='ocrx_word' id='word_1_391' title='bbox 1003 1417 1172 1448; x_wconf 69' lang='lat' dir='ltr'><strong>Diabolum</strong></span> <span class='ocrx_word' id='word_1_392' title='bbox 1198 1435 1199 1440; x_wconf 66' lang='lat'>=</span> 
     </span>
    </p>
   </div>
   <div class='ocr_carea' id='block_1_19' title="bbox 188 1458 1172 1889">
    <p class='ocr_par' dir='ltr' id='par_1_22' title="bbox 188 1458 1172 1889">
     <span class='ocr_line' id='line_1_57' title="bbox 189 1458 1172 1501; baseline -0.002 -10"><span class='ocrx_word' id='word_1_393' title='bbox 189 1462 340 1492; x_wconf 69' lang='lat' dir='ltr'><strong>invitum:</strong></span> <span class='ocrx_word' id='word_1_394' title='bbox 374 1470 450 1499; x_wconf 70' lang='lat' dir='ltr'><strong>erqo</strong></span> <span class='ocrx_word' id='word_1_395' title='bbox 473 1470 537 1491; x_wconf 79' lang='lat'><em>71072</em></span> <span class='ocrx_word' id='word_1_396' title='bbox 558 1470 618 1501; x_wconf 79' lang='lat' dir='ltr'><strong>per</strong></span> <span class='ocrx_word' id='word_1_397' title='bbox 640 1461 745 1501; x_wconf 80' lang='lat' dir='ltr'><strong>ipsum</strong></span> <span class='ocrx_word' id='word_1_398' title='bbox 768 1461 937 1491; x_wconf 76' lang='lat' dir='ltr'><strong>Diabolum</strong></span> <span class='ocrx_word' id='word_1_399' title='bbox 966 1460 1064 1491; x_wconf 73' lang='lat' dir='ltr'><strong>eiicz&#39;o.</strong></span> <span class='ocrx_word' id='word_1_400' title='bbox 1108 1458 1172 1489; x_wconf 80' lang='lat' dir='ltr'><strong>Ra-</strong></span> 
     </span>
     <span class='ocr_line' id='line_1_58' title="bbox 190 1501 1170 1545; baseline -0.001 -12"><span class='ocrx_word' id='word_1_401' title='bbox 190 1502 235 1533; x_wconf 84' lang='lat' dir='ltr'><strong>tio</strong></span> <span class='ocrx_word' id='word_1_402' title='bbox 260 1510 326 1534; x_wconf 87' lang='lat' dir='ltr'><strong>est:</strong></span> <span class='ocrx_word' id='word_1_403' title='bbox 358 1504 434 1544; x_wconf 86' lang='lat' dir='ltr'><strong>quia</strong></span> <span class='ocrx_word' id='word_1_404' title='bbox 467 1514 607 1545; x_wconf 78' lang='lat' dir='ltr'><strong>regnum</strong></span> <span class='ocrx_word' id='word_1_405' title='bbox 641 1503 727 1534; x_wconf 84' lang='lat' dir='ltr'><strong>inter</strong></span> <span class='ocrx_word' id='word_1_406' title='bbox 757 1512 794 1533; x_wconf 85' lang='lat' dir='ltr'><strong>se</strong></span> <span class='ocrx_word' id='word_1_407' title='bbox 819 1503 960 1533; x_wconf 83' lang='lat' dir='ltr'><strong>divisum</strong></span> <span class='ocrx_word' id='word_1_408' title='bbox 985 1501 1170 1533; x_wconf 86' lang='lat' dir='ltr'><strong>collabitur.</strong></span> 
     </span>
     <span class='ocr_line' id='line_1_59' title="bbox 188 1544 1172 1587; baseline -0.001 -11"><span class='ocrx_word' id='word_1_409' title='bbox 188 1544 283 1577; x_wconf 84' lang='lat' dir='ltr'><strong>Haec</strong></span> <span class='ocrx_word' id='word_1_410' title='bbox 306 1546 347 1576; x_wconf 89' lang='lat' dir='ltr'><strong>de</strong></span> <span class='ocrx_word' id='word_1_411' title='bbox 370 1545 560 1576; x_wconf 75' lang='lat' dir='ltr'><strong>differentiis</strong></span> <span class='ocrx_word' id='word_1_412' title='bbox 595 1544 840 1583; x_wconf 84' lang='lat' dir='ltr'><strong>miraculorum,</strong></span> <span class='ocrx_word' id='word_1_413' title='bbox 874 1555 960 1587; x_wconf 87' lang='lat' dir='ltr'><strong>quae</strong></span> <span class='ocrx_word' id='word_1_414' title='bbox 988 1545 1062 1576; x_wconf 87' lang='lat' dir='ltr'><strong>ideo</strong></span> <span class='ocrx_word' id='word_1_415' title='bbox 1086 1545 1172 1576; x_wconf 88' lang='lat' dir='ltr'><strong>bene</strong></span> 
     </span>
     <span class='ocr_line' id='line_1_60' title="bbox 193 1585 1172 1630; baseline -0.003 -10"><span class='ocrx_word' id='word_1_416' title='bbox 193 1589 438 1620; x_wconf 81' lang='lat' dir='ltr'><strong>consideranda</strong></span> <span class='ocrx_word' id='word_1_417' title='bbox 459 1595 548 1626; x_wconf 84' lang='lat' dir='ltr'><strong>sunt,</strong></span> <span class='ocrx_word' id='word_1_418' title='bbox 573 1589 648 1630; x_wconf 84' lang='lat' dir='ltr'><strong>quia</strong></span> <span class='ocrx_word' id='word_1_419' title='bbox 672 1595 749 1620; x_wconf 83' lang='lat' dir='ltr'><strong>sunt</strong></span> <span class='ocrx_word' id='word_1_420' title='bbox 773 1588 870 1619; x_wconf 85' lang='lat' dir='ltr'><strong>etiam</strong></span> <span class='ocrx_word' id='word_1_421' title='bbox 893 1587 995 1619; x_wconf 84' lang='lat' dir='ltr'><strong>multa</strong></span> <span class='ocrx_word' id='word_1_422' title='bbox 1013 1585 1172 1618; x_wconf 79' lang='lat' dir='ltr'><strong>miracula</strong></span> 
     </span>
     <span class='ocr_line' id='line_1_61' title="bbox 193 1629 1172 1673; baseline -0.003 -10"><span class='ocrx_word' id='word_1_423' title='bbox 193 1631 281 1673; x_wconf 83' lang='lat' dir='ltr'><strong>apud</strong></span> <span class='ocrx_word' id='word_1_424' title='bbox 306 1631 478 1670; x_wconf 76' lang='lat' dir='ltr'><strong>Ethnicos,</strong></span> <span class='ocrx_word' id='word_1_425' title='bbox 502 1641 587 1672; x_wconf 87' lang='lat' dir='ltr'><strong>quae</strong></span> <span class='ocrx_word' id='word_1_426' title='bbox 610 1642 689 1663; x_wconf 72' lang='lat' dir='ltr'><strong>vere</strong></span> <span class='ocrx_word' id='word_1_427' title='bbox 709 1636 786 1662; x_wconf 87' lang='lat' dir='ltr'><strong>sunt</strong></span> <span class='ocrx_word' id='word_1_428' title='bbox 809 1629 982 1661; x_wconf 88' lang='lat' dir='ltr'><strong>diabolica.</strong></span> <span class='ocrx_word' id='word_1_429' title='bbox 1029 1629 1172 1665; x_wconf 84' lang='lat' dir='ltr'><strong>Quando</strong></span> 
     </span>
     <span class='ocr_line' id='line_1_62' title="bbox 190 1671 1172 1716; baseline -0.003 -10"><span class='ocrx_word' id='word_1_430' title='bbox 190 1675 275 1706; x_wconf 87' lang='lat' dir='ltr'><strong>enim</strong></span> <span class='ocrx_word' id='word_1_431' title='bbox 298 1674 459 1706; x_wconf 86' lang='lat' dir='ltr'><strong>miracula</strong></span> <span class='ocrx_word' id='word_1_432' title='bbox 480 1680 630 1716; x_wconf 82' lang='lat' dir='ltr'><strong>pugnant</strong></span> <span class='ocrx_word' id='word_1_433' title='bbox 654 1685 728 1706; x_wconf 88' lang='lat' dir='ltr'><strong>cum</strong></span> <span class='ocrx_word' id='word_1_434' title='bbox 747 1672 922 1705; x_wconf 88' lang='lat' dir='ltr'><strong>manifesto</strong></span> <span class='ocrx_word' id='word_1_435' title='bbox 945 1671 1057 1714; x_wconf 85' lang='lat' dir='ltr'><strong>aliquo</strong></span> <span class='ocrx_word' id='word_1_436' title='bbox 1080 1682 1172 1703; x_wconf 63' lang='lat' dir='ltr'><strong>mano</strong></span> 
     </span>
     <span class='ocr_line' id='line_1_63' title="bbox 191 1714 1170 1758; baseline -0.003 -9"><span class='ocrx_word' id='word_1_437' title='bbox 191 1717 269 1749; x_wconf 79' lang='lat' dir='ltr'><strong>dato</strong></span> <span class='ocrx_word' id='word_1_438' title='bbox 294 1716 375 1756; x_wconf 90' lang='lat' dir='ltr'><strong>Dei,</strong></span> <span class='ocrx_word' id='word_1_439' title='bbox 410 1724 442 1749; x_wconf 91' lang='lat' dir='ltr'><strong>et</strong></span> <span class='ocrx_word' id='word_1_440' title='bbox 474 1718 629 1750; x_wconf 80' lang='lat' dir='ltr'><strong>mandant</strong></span> <span class='ocrx_word' id='word_1_441' title='bbox 658 1718 873 1758; x_wconf 81' lang='lat' dir='ltr'><strong>impietatem,</strong></span> <span class='ocrx_word' id='word_1_442' title='bbox 906 1717 992 1748; x_wconf 89' lang='lat' dir='ltr'><strong>sicut</strong></span> <span class='ocrx_word' id='word_1_443' title='bbox 1023 1714 1170 1747; x_wconf 86' lang='lat' dir='ltr'><strong>Calchas</strong></span> 
     </span>
     <span class='ocr_line' id='line_1_64' title="bbox 189 1759 1171 1798; baseline -0.002 -7"><span class='ocrx_word' id='word_1_444' title='bbox 189 1760 281 1792; x_wconf 88' lang='lat' dir='ltr'><strong>iubet</strong></span> <span class='ocrx_word' id='word_1_445' title='bbox 313 1766 459 1792; x_wconf 83' lang='lat' dir='ltr'><strong>mactare</strong></span> <span class='ocrx_word' id='word_1_446' title='bbox 492 1759 622 1793; x_wconf 79' lang='lat' dir='ltr'><strong>hostias</strong></span> <span class='ocrx_word' id='word_1_447' title='bbox 655 1761 834 1798; x_wconf 77' lang='lat' dir='ltr'><strong>humanas,</strong></span> <span class='ocrx_word' id='word_1_448' title='bbox 868 1765 938 1791; x_wconf 86' lang='lat' dir='ltr'><strong>tum</strong></span> <span class='ocrx_word' id='word_1_449' title='bbox 980 1769 1059 1790; x_wconf 83' lang='lat' dir='ltr'><strong>vere</strong></span> <span class='ocrx_word' id='word_1_450' title='bbox 1092 1764 1171 1790; x_wconf 83' lang='lat' dir='ltr'><strong>sunt</strong></span> 
     </span>
     <span class='ocr_line' id='line_1_65' title="bbox 191 1801 1169 1841; baseline -0.002 -6"><span class='ocrx_word' id='word_1_451' title='bbox 191 1801 365 1836; x_wconf 84' lang='lat' dir='ltr'><strong>diabolica.</strong></span> <span class='ocrx_word' id='word_1_452' title='bbox 427 1803 499 1835; x_wconf 81' lang='lat' dir='ltr'><strong>Nos</strong></span> <span class='ocrx_word' id='word_1_453' title='bbox 533 1805 709 1836; x_wconf 83' lang='lat' dir='ltr'><strong>credamus</strong></span> <span class='ocrx_word' id='word_1_454' title='bbox 744 1804 847 1835; x_wconf 88' lang='lat' dir='ltr'><strong>verbo</strong></span> <span class='ocrx_word' id='word_1_455' title='bbox 881 1801 961 1841; x_wconf 83' lang='lat' dir='ltr'><strong>Dei,</strong></span> <span class='ocrx_word' id='word_1_456' title='bbox 1000 1808 1031 1834; x_wconf 81' lang='lat' dir='ltr'><strong>ct</strong></span> <span class='ocrx_word' id='word_1_457' title='bbox 1064 1802 1096 1833; x_wconf 91' lang='lat' dir='ltr'><strong>in</strong></span> <span class='ocrx_word' id='word_1_458' title='bbox 1127 1811 1169 1833; x_wconf 90' lang='lat' dir='ltr'><strong>eo</strong></span> 
     </span>
     <span class='ocr_line' id='line_1_66' title="bbox 191 1845 1051 1889; baseline -0.002 -11"><span class='ocrx_word' id='word_1_459' title='bbox 191 1847 454 1889; x_wconf 79' lang='lat' dir='ltr'><strong>acquiescamus,</strong></span> <span class='ocrx_word' id='word_1_460' title='bbox 478 1847 567 1889; x_wconf 86' lang='lat' dir='ltr'><strong>quod</strong></span> <span class='ocrx_word' id='word_1_461' title='bbox 587 1853 639 1879; x_wconf 88' lang='lat' dir='ltr'><strong>est</strong></span> <span class='ocrx_word' id='word_1_462' title='bbox 660 1848 692 1878; x_wconf 93' lang='lat' dir='ltr'><strong>in</strong></span> <span class='ocrx_word' id='word_1_463' title='bbox 711 1845 865 1879; x_wconf 86' lang='lat' dir='ltr'><strong>Ecclesia</strong></span> <span class='ocrx_word' id='word_1_464' title='bbox 887 1846 1051 1878; x_wconf 82' lang='lat' dir='ltr'><strong>traditum.</strong></span> 
     </span>
    </p>
   </div>
   <div class='ocr_carea' id='block_1_20' title="bbox 1223 1414 2206 1582">
    <p class='ocr_par' dir='ltr' id='par_1_23' title="bbox 1223 1414 2206 1582">
     <span class='ocr_line' id='line_1_67' title="bbox 1224 1414 2206 1455; baseline -0.001 -8"><span class='ocrx_word' id='word_1_465' title='bbox 1224 1415 1312 1447; x_wconf 81' lang='lat' dir='ltr'><strong>filius</strong></span> <span class='ocrx_word' id='word_1_466' title='bbox 1337 1416 1402 1447; x_wconf 89' lang='lat' dir='ltr'><strong>Dei</strong></span> <span class='ocrx_word' id='word_1_467' title='bbox 1421 1426 1486 1446; x_wconf 90' lang='lat' dir='ltr'><strong>non</strong></span> <span class='ocrx_word' id='word_1_468' title='bbox 1501 1425 1625 1455; x_wconf 80' lang='lat' dir='ltr'><strong>passus</strong></span> <span class='ocrx_word' id='word_1_469' title='bbox 1649 1417 1702 1453; x_wconf 90' lang='lat' dir='ltr'><strong>sit,</strong></span> <span class='ocrx_word' id='word_1_470' title='bbox 1725 1425 1792 1445; x_wconf 88' lang='lat' dir='ltr'><strong>non</strong></span> <span class='ocrx_word' id='word_1_471' title='bbox 1818 1415 2036 1445; x_wconf 84' lang='lat' dir='ltr'><strong>diminuamus</strong></span> <span class='ocrx_word' id='word_1_472' title='bbox 2054 1414 2206 1446; x_wconf 85' lang='lat' dir='ltr'><strong>meritum</strong></span> 
     </span>
     <span class='ocr_line' id='line_1_68' title="bbox 1224 1456 2204 1500; baseline -0.002 -11"><span class='ocrx_word' id='word_1_473' title='bbox 1224 1459 1392 1500; x_wconf 87' lang='lat' dir='ltr'><strong>passionis</strong></span> <span class='ocrx_word' id='word_1_474' title='bbox 1416 1457 1556 1495; x_wconf 88' lang='lat' dir='ltr'><strong>Christi,</strong></span> <span class='ocrx_word' id='word_1_475' title='bbox 1590 1459 1650 1488; x_wconf 87' lang='lat' dir='ltr'><strong>sed</strong></span> <span class='ocrx_word' id='word_1_476' title='bbox 1684 1458 1849 1499; x_wconf 85' lang='lat' dir='ltr'><strong>erigamur</strong></span> <span class='ocrx_word' id='word_1_477' title='bbox 1872 1457 1937 1488; x_wconf 85' lang='lat' dir='ltr'><strong>hac</strong></span> <span class='ocrx_word' id='word_1_478' title='bbox 1960 1456 2204 1496; x_wconf 84' lang='lat' dir='ltr'><strong>consolatione,</strong></span> 
     </span>
     <span class='ocr_line' id='line_1_69' title="bbox 1224 1499 2206 1539; baseline -0.002 -6"><span class='ocrx_word' id='word_1_479' title='bbox 1224 1507 1256 1533; x_wconf 85' lang='lat' dir='ltr'><strong>et</strong></span> <span class='ocrx_word' id='word_1_480' title='bbox 1284 1499 1382 1532; x_wconf 88' lang='lat' dir='ltr'><strong>simul</strong></span> <span class='ocrx_word' id='word_1_481' title='bbox 1416 1510 1548 1531; x_wconf 80' lang='lat' dir='ltr'><strong>oremus</strong></span> <span class='ocrx_word' id='word_1_482' title='bbox 1571 1499 1696 1537; x_wconf 85' lang='lat' dir='ltr'><strong>Deum,</strong></span> <span class='ocrx_word' id='word_1_483' title='bbox 1729 1507 1765 1531; x_wconf 85' lang='lat' dir='ltr'><strong>ut</strong></span> <span class='ocrx_word' id='word_1_484' title='bbox 1798 1501 1871 1539; x_wconf 89' lang='lat' dir='ltr'><strong>ipse</strong></span> <span class='ocrx_word' id='word_1_485' title='bbox 1905 1500 2069 1530; x_wconf 86' lang='lat' dir='ltr'><strong>accendat</strong></span> <span class='ocrx_word' id='word_1_486' title='bbox 2102 1500 2206 1531; x_wconf 84' lang='lat' dir='ltr'><strong>corda</strong></span> 
     </span>
     <span class='ocr_line' id='line_1_70' title="bbox 1223 1542 2205 1582; baseline -0.001 -8"><span class='ocrx_word' id='word_1_487' title='bbox 1223 1550 1358 1581; x_wconf 86' lang='lat' dir='ltr'><strong>nostra,</strong></span> <span class='ocrx_word' id='word_1_488' title='bbox 1392 1550 1423 1573; x_wconf 80' lang='lat' dir='ltr'><strong>et</strong></span> <span class='ocrx_word' id='word_1_489' title='bbox 1456 1548 1620 1573; x_wconf 80' lang='lat' dir='ltr'><strong>sustentet</strong></span> <span class='ocrx_word' id='word_1_490' title='bbox 1649 1552 1712 1573; x_wconf 83' lang='lat' dir='ltr'><strong>nos</strong></span> <span class='ocrx_word' id='word_1_491' title='bbox 1746 1543 1851 1572; x_wconf 76' lang='lat' dir='ltr'><strong>verbo</strong></span> <span class='ocrx_word' id='word_1_492' title='bbox 1875 1549 1908 1573; x_wconf 92' lang='lat' dir='ltr'><strong>et</strong></span> <span class='ocrx_word' id='word_1_493' title='bbox 1930 1542 2052 1582; x_wconf 83' lang='lat' dir='ltr'><strong>Spiritu</strong></span> <span class='ocrx_word' id='word_1_494' title='bbox 2076 1548 2205 1575; x_wconf 84' lang='lat' dir='ltr'><strong>sancto.</strong></span> 
     </span>
    </p>
   </div>
   <div class='ocr_carea' id='block_1_21' title="bbox 1197 1584 2206 1626">
    <p class='ocr_par' dir='ltr' id='par_1_24' title="bbox 1197 1584 2206 1626">
     <span class='ocr_line' id='line_1_71' title="bbox 1197 1584 2206 1626; baseline -0.001 -9"><span class='ocrx_word' id='word_1_495' title='bbox 1197 1593 1199 1600; x_wconf 78' lang='lat'><em>&#39;</em></span> <span class='ocrx_word' id='word_1_496' title='bbox 1224 1586 1315 1617; x_wconf 90' lang='lat' dir='ltr'><strong>Haec</strong></span> <span class='ocrx_word' id='word_1_497' title='bbox 1348 1595 1415 1616; x_wconf 91' lang='lat' dir='ltr'><strong>non</strong></span> <span class='ocrx_word' id='word_1_498' title='bbox 1446 1585 1527 1616; x_wconf 86' lang='lat' dir='ltr'><strong>fiunt</strong></span> <span class='ocrx_word' id='word_1_499' title='bbox 1545 1585 1696 1617; x_wconf 87' lang='lat' dir='ltr'><strong>humanis</strong></span> <span class='ocrx_word' id='word_1_500' title='bbox 1720 1585 1864 1623; x_wconf 83' lang='lat' dir='ltr'><strong>viribus,</strong></span> <span class='ocrx_word' id='word_1_501' title='bbox 1900 1585 1960 1616; x_wconf 86' lang='lat' dir='ltr'><strong>sed</strong></span> <span class='ocrx_word' id='word_1_502' title='bbox 1984 1584 2108 1626; x_wconf 87' lang='lat' dir='ltr'><strong>Spiritu</strong></span> <span class='ocrx_word' id='word_1_503' title='bbox 2129 1595 2206 1617; x_wconf 82' lang='lat' dir='ltr'><strong>san·</strong></span> 
     </span>
    </p>
   </div>
   <div class='ocr_carea' id='block_1_22' title="bbox 1220 1626 2207 1842">
    <p class='ocr_par' dir='ltr' id='par_1_25' title="bbox 1220 1626 2207 1842">
     <span class='ocr_line' id='line_1_72' title="bbox 1225 1626 2207 1668; baseline 0 -8"><span class='ocrx_word' id='word_1_504' title='bbox 1225 1635 1279 1661; x_wconf 87' lang='lat' dir='ltr'><strong>cto</strong></span> <span class='ocrx_word' id='word_1_505' title='bbox 1311 1629 1505 1667; x_wconf 82' lang='lat' dir='ltr'><strong>adiuvante,</strong></span> <span class='ocrx_word' id='word_1_506' title='bbox 1552 1629 1645 1660; x_wconf 80' lang='lat' dir='ltr'><strong>iuxta</strong></span> <span class='ocrx_word' id='word_1_507' title='bbox 1680 1626 1777 1659; x_wconf 89' lang='lat' dir='ltr'><strong>illud:</strong></span> <span class='ocrx_word' id='word_1_508' title='bbox 1815 1629 1938 1666; x_wconf 84' lang='lat' dir='ltr'><strong>Quanto</strong></span> <span class='ocrx_word' id='word_1_509' title='bbox 1971 1631 2075 1667; x_wconf 74' lang='lat' dir='ltr'><strong>mayt&#39;s</strong></span> <span class='ocrx_word' id='word_1_510' title='bbox 2109 1632 2207 1668; x_wconf 78' lang='lat' dir='ltr'><strong>pater</strong></span> 
     </span>
     <span class='ocr_line' id='line_1_73' title="bbox 1223 1671 2206 1713; baseline 0 -9"><span class='ocrx_word' id='word_1_511' title='bbox 1223 1676 1329 1704; x_wconf 73' lang='lat' dir='ltr'><strong>vester</strong></span> <span class='ocrx_word' id='word_1_512' title='bbox 1351 1674 1498 1704; x_wconf 65' lang='lat' dir='ltr'><strong>coelestis</strong></span> <span class='ocrx_word' id='word_1_513' title='bbox 1519 1673 1607 1704; x_wconf 84' lang='lat' dir='ltr'><strong>dabit</strong></span> <span class='ocrx_word' id='word_1_514' title='bbox 1630 1673 1786 1713; x_wconf 67' lang='lat' dir='ltr'><strong>Spiritum</strong></span> <span class='ocrx_word' id='word_1_515' title='bbox 1810 1676 1957 1703; x_wconf 78' lang='lat' dir='ltr'><strong>sanctum</strong></span> <span class='ocrx_word' id='word_1_516' title='bbox 1979 1671 2127 1704; x_wconf 71' lang='lat' dir='ltr'><strong>omnibus</strong></span> <span class='ocrx_word' id='word_1_517' title='bbox 2150 1681 2206 1712; x_wconf 84' lang='lat' dir='ltr'><strong>pe·</strong></span> 
     </span>
     <span class='ocr_line' id='line_1_74' title="bbox 1222 1714 2207 1756; baseline -0.001 -9"><span class='ocrx_word' id='word_1_518' title='bbox 1222 1717 1371 1747; x_wconf 71' lang='lat' dir='ltr'><strong>lentibus.</strong></span> <span class='ocrx_word' id='word_1_519' title='bbox 1426 1716 1661 1756; x_wconf 85' lang='lat' dir='ltr'><strong>Agnoscamus</strong></span> <span class='ocrx_word' id='word_1_520' title='bbox 1697 1721 1845 1745; x_wconf 82' lang='lat' dir='ltr'><strong>nostram</strong></span> <span class='ocrx_word' id='word_1_521' title='bbox 1889 1714 2133 1752; x_wconf 83' lang='lat' dir='ltr'><strong>infirmitatem,</strong></span> <span class='ocrx_word' id='word_1_522' title='bbox 2174 1719 2207 1746; x_wconf 84' lang='lat' dir='ltr'><strong>et</strong></span> 
     </span>
     <span class='ocr_line' id='line_1_75' title="bbox 1222 1755 2206 1800; baseline 0.002 -11"><span class='ocrx_word' id='word_1_523' title='bbox 1222 1764 1374 1800; x_wconf 84' lang='lat' dir='ltr'><strong>petamus</strong></span> <span class='ocrx_word' id='word_1_524' title='bbox 1407 1767 1470 1788; x_wconf 82' lang='lat' dir='ltr'><strong>nos</strong></span> <span class='ocrx_word' id='word_1_525' title='bbox 1505 1758 1588 1800; x_wconf 79' lang='lat' dir='ltr'><strong>erigi</strong></span> <span class='ocrx_word' id='word_1_526' title='bbox 1623 1764 1655 1788; x_wconf 91' lang='lat' dir='ltr'><strong>et</strong></span> <span class='ocrx_word' id='word_1_527' title='bbox 1685 1757 1812 1794; x_wconf 84' lang='lat' dir='ltr'><strong>iuvari,</strong></span> <span class='ocrx_word' id='word_1_528' title='bbox 1844 1757 1935 1787; x_wconf 57' lang='lat' dir='ltr'><strong>imita</strong></span> <span class='ocrx_word' id='word_1_529' title='bbox 1957 1755 2055 1789; x_wconf 80' lang='lat' dir='ltr'><strong>illud:</strong></span> <span class='ocrx_word' id='word_1_530' title='bbox 2092 1757 2206 1797; x_wconf 80' lang='lat' dir='ltr'><strong>Credo,</strong></span> 
     </span>
     <span class='ocr_line' id='line_1_76' title="bbox 1220 1800 1985 1842; baseline 0 -10"><span class='ocrx_word' id='word_1_531' title='bbox 1220 1801 1370 1841; x_wconf 71' lang='lat' dir='ltr'><strong>Domine,</strong></span> <span class='ocrx_word' id='word_1_532' title='bbox 1391 1802 1452 1833; x_wconf 77' lang='lat' dir='ltr'><strong>sed</strong></span> <span class='ocrx_word' id='word_1_533' title='bbox 1471 1810 1562 1842; x_wconf 84' lang='lat' dir='ltr'><strong>opem</strong></span> <span class='ocrx_word' id='word_1_534' title='bbox 1581 1803 1640 1841; x_wconf 77' lang='lat' dir='ltr'><strong>fer</strong></span> <span class='ocrx_word' id='word_1_535' title='bbox 1660 1800 1864 1840; x_wconf 52' lang='lat' dir='ltr'><strong>diffidentiae</strong></span> <span class='ocrx_word' id='word_1_536' title='bbox 1885 1809 1985 1832; x_wconf 59' lang='lat' dir='ltr'><strong>meaa</strong></span> 
     </span>
    </p>
   </div>
   <div class='ocr_carea' id='block_1_23' title="bbox 2274 1399 2343 2970">
    <p class='ocr_par' dir='ltr' id='par_1_26' title="bbox 2274 1399 2343 2970">
     <span class='ocr_line' id='line_1_77' title="bbox 2274 1399 2343 2970; baseline 0 0"><span class='ocrx_word' id='word_1_537' title='bbox 2274 1399 2343 2970; x_wconf 95' lang='lat' dir='ltr'><strong> </strong></span> 
     </span>
    </p>
   </div>
  </div>
 </body>
</html>
