2343 2970
104 175 169 208 929

104 279 168 302 mm
190 272 262 301 sitis
283 267 435 310 ἀλλότριοι
457 269 611 308 Episcopi
627 272 688 298 etei
730 264 886 296 Plautus:
914 265 975 297 Ode·
992 272 1087 304 {tryu-

105 317 171 345 lum
193 316 292 344 civem
315 315 385 344 sine
407 314 523 343 virtute
545 316 704 350 tamquam
723 310 915 349 praeficem.

159 431 383 464 DOMINICA
405 430 519 463 POST
541 430 568 462 F
570 428 719 463 ESTUM
741 426 1033 460 NATlVlTATlS.

312 508 590 551 Evangelium
624 506 826 539 Matthaei
848 506 880 537 2.

437 588 514 618 Tum
541 587 687 618 Herodes
708 589 765 616 etc.

264 662 367 703 (conf.
408 662 483 695 Vol.
524 662 648 694 XXIV.
682 673 714 704 p.
751 660 812 693 186
846 666 935 702 sqq.)

195 741 302 774 Hodie
326 740 515 773 celebratur
544 740 703 772 memoria
725 737 965 770 intersectionis
989 735 1092 768 infan-

109 791 189 823 tum,
209 785 343 827 quando
366 784 519 816 Herodes
543 781 708 815 interfecit
731 780 885 819 infantes,
910 791 984 812 cum
1002 781 1091 813 audi-

108 829 214 860 visset
237 827 393 859 Messiam
418 836 495 858 esse
518 832 646 861 natum,
673 826 729 867 qui
752 831 843 857 essct
866 825 997 856 futurus
1021 834 1090 862 rex,

110 872 280 913 cogitabat
319 881 357 901 se
390 871 587 901 amissurum
628 880 776 911 regnum.
833 867 925 910 Magi
957 866 1092 899 suerunt

109 915 304 947 sacerdotes
327 913 464 944 Persici.
519 912 603 947 Quia
626 919 734 944 autem
764 917 883 952 postea
905 911 994 952 Magi
1018 920 1092 952 pro-

109 956 193 989 fessi
223 963 300 988 sunt
340 955 443 987 multa
475 954 672 994 Diabolica,
713 956 788 986 ideo
824 965 943 985 nomen
977 954 1094 994 Μαρία

109 998 306 1031 translatum
324 1004 376 1030 est
392 999 436 1030 ad
459 1005 549 1031 artes
568 997 773 1036 Diabolicas,
796 1004 829 1028 et
853 1007 915 1039 ego
940 997 1092 1028 existimo

108 1042 186 1075 illos
215 1042 353 1084 Magos,
396 1042 451 1084 qui
483 1047 645 1074 venerunt
672 1040 954 1082 Hierosolymam,
989 1039 1093 1071 fuisse

108 1085 268 1128 reliquias
292 1084 430 1116 scholae
452 1084 603 1116 Danielis
632 1085 664 1115 in
687 1084 812 1116 Persia.
863 1082 985 1114 Daniel
1008 1083 1093 1114 enim

109 1129 154 1161 ibi
197 1127 319 1160 multos
361 1129 491 1166 docuit,
537 1128 677 1159 erudivit
712 1128 809 1158 etiam
843 1125 1093 1158 adolescentem

111 1172 251 1214 Cyrum,
286 1171 362 1213 quia
395 1177 515 1212 postea
547 1171 671 1213 potitus
700 1177 751 1202 est
782 1180 898 1212 regim.
948 1170 1093 1201 Fuerunt

109 1215 209 1257 igitur
231 1214 321 1256 Magi
343 1215 404 1245 viri
427 1215 545 1246 eruditi
568 1220 600 1245 et
623 1214 789 1255 sapientes
806 1218 958 1245 tenentes
982 1222 1094 1244 veram

110 1258 294 1290 doctrinam
329 1257 369 1288 de
397 1257 675 1299 promissionibus
707 1257 792 1288 (latis
825 1254 948 1297 populo
976 1255 1092 1287 Israel.

108 1301 332 1342 Hieronymus
374 1301 452 1332 dicit
486 1299 576 1332 iiiam
616 1299 766 1337 stellam,
803 1310 901 1341 quam
939 1299 1092 1331 viderunt

108 1343 211 1385 Magi,
234 1343 338 1375 fuisse
361 1342 515 1386 angelum
551 1343 798 1385 praelucentem
826 1343 908 1384 ipsis
942 1348 975 1373 et
998 1352 1093 1383 prae-

110 1393 262 1424 euntem,
290 1392 325 1417 ut
348 1392 496 1417 moveret
527 1393 560 1417 et
589 1386 742 1418 incitaret
771 1395 831 1417 eos
861 1386 901 1416 ad
933 1395 1091 1426 quaer-ena

109 1430 185 1460 duni
208 1427 331 1464 locum,
354 1435 386 1460 et
408 1429 586 1460 videndum
607 1428 784 1466 Messium,
811 1434 847 1460 ut
876 1427 1092 1463 testificaren-

108 1477 161 1504 tur
183 1472 224 1503 de
248 1470 393 1503 Christo.
439 1471 515 1502 Non
533 1477 643 1503 autem
667 1477 793 1502 certum
816 1477 878 1510 est,
915 1481 981 1512 quo
1005 1481 1092 1503 anno

107 1515 268 1546 venerint.
302 1513 442 1549 Quidam
455 1514 568 1546 dicunt
586 1524 645 1546 eos
668 1515 804 1546 venisse
827 1514 975 1546 secundo
992 1525 1092 1553 anno,

108 1562 143 1589 et
164 1567 232 1589 non
256 1557 388 1589 dubium
413 1562 476 1596 est,
500 1568 573 1589 cum
597 1563 774 1595 venerunt,
801 1567 860 1588 eos
891 1556 1092 1599 aliquamdiu

109 1601 155 1632 ibi
174 1606 322 1631 moratos
346 1609 434 1638 esse,
465 1606 498 1631 et
521 1598 622 1631 multa
646 1600 802 1631 didicisse
815 1611 855 1632 cx
879 1599 996 1632 Maria.
1042 1599 1092 1632 llli

109 1643 209 1685 igitur
230 1642 322 1684 Magi
351 1653 417 1674 non
451 1643 619 1674 redierunt
647 1644 689 1674 ad
719 1643 892 1674 Herodem.
939 1643 1091 1675 Herodes

109 1688 195 1718 enim
234 1686 452 1717 insidiabatur
485 1685 569 1717 Iesu.
631 1686 673 1716 Et
706 1692 793 1717 nota.
861 1686 978 1717 Statim
1013 1692 1090 1719 nato

110 1729 243 1761 Christe
279 1740 359 1760 crux
383 1729 556 1760 comitatur
590 1727 787 1766 Ecclesiam,
821 1729 896 1770 quia
929 1727 1092 1761 Diabolus

110 1778 162 1804 est
184 1772 292 1804 hostis
311 1771 367 1803 filii
390 1772 466 1810 Dei,
492 1770 650 1803 furienter
673 1778 703 1803 et
726 1772 859 1803 rabiose
881 1773 1092 1814 persequitur

109 1813 211 1846 filium
234 1814 317 1853 Dei,
352 1815 479 1846 etiamsi
511 1825 579 1846 non
602 1815 666 1847 scit
690 1825 763 1847 eum
792 1824 869 1846 esse
891 1814 992 1847 filium
1016 1815 1091 1854 Dei,

108 1859 174 1889 nisi
197 1859 286 1899 quod
305 1859 394 1889 audit
423 1868 463 1889 ex
498 1856 583 1889 aliis.
633 1857 798 1890 Diabolus
830 1858 915 1889 enim
938 1859 1091 1898 nescivit,

100 1901 244 1943 ,quando
268 1900 421 1932 Christus
441 1901 579 1932 deberet
602 1901 706 1932 nasci.
897 1901 900 1905 '

198 1945 279 1982 Aer,
315 1944 403 1975 venit
436 1954 456 1974 a
488 1943 580 1983 ἅημι»,
614 1944 647 1975 id
671 1950 733 1982 est,
767 1944 870 1984 spiro.

110 1986 203 2023 luno,
228 1993 260 2017 et
283 1985 364 2029 ἥρως
387 1987 508 2025 aerim,
534 1985 707 2023 coelestis3
730 1987 805 2018 inde
826 1987 984 2019 Herodes.
1008 1988 1088 2022 Iuno

108 2029 143 2060 in
166 2029 314 2071 physicis
336 2031 434 2061 etiam
457 2030 625 2072 significat
647 2033 774 2068 ae'rem,
798 2031 854 2061 wie
877 2031 958 2062 auch
984 2031 1090 2074 Virgi-

109 2071 175 2104 lius
198 2072 406 2114 fflmntasirt:
427 2072 579 2115 Com'uyis
600 2074 634 2104 in
656 2074 762 2104 laetae
781 2075 934 2114 yromz'um
961 2076 1090 2107 descen-

111 2115 170 2146 dit.
217 2115 271 2146 Ich
293 2115 372 2151 halt,
395 2116 457 2147 clas
480 2117 542 2148 das
559 2117 705 2148 wortlein
717 2116 836 2155 Herus,
859 2117 950 2148 Hcrr
961 2118 1089 2149 hebrai·

111 2168 186 2190 cum
209 2168 263 2199 sey
287 2158 352 2196 Er,
374 2159 460 2190 sicut
483 2165 534 2191 est
555 2158 755 2191 Malachiae:
778 2160 959 2201 DiSpcrdet
978 2162 1089 2193 Domi-

108 2210 170 2232 nus
182 2201 271 2232 Eret
293 2211 363 2240 one,
385 2201 418 2232 id
430 2207 493 2240 est,
517 2203 709 2244 magistrum
729 2209 760 2234 ct
773 2203 980 2245 discipulum.
1004 2205 1089 2236 Nam

109 2243 192 2276 illud
214 2244 414 2276 vocabulum
437 2250 489 2276 est
510 2246 687 2278 multarum
710 2246 867 2288 gentium,
891 2247 990 2279 etiam
1013 2249 1088 2279 bar-

109 2287 310 2325 baricarum,
334 2293 366 2318 et
388 2293 520 2320 veteres
544 2288 663 2321 Graeci
686 2289 732 2320 ita
754 2288 856 2321 locuti
885 2296 972 2322 sunt.
1022 2292 1088 2323 He-

109 2331 232 2361 roz’cum
255 2331 361 2361 virum
385 2330 541 2370 dicimus,
570 2332 630 2363 der
659 2333 714 2364 mit
742 2333 925 2365 semlerloelz
952 2344 1089 2376 grossen

107 2373 213 2415 yaben
236 2373 367 2414 beyabet
388 2375 442 2406 ist.

196 2416 349 2448 Herodes
372 2417 417 2449 ist
437 2417 488 2448 ein
505 2417 600 2449 beser
616 2421 736 2460 tyrann
744 2429 895 2460 yewesen,
920 2425 952 2452 et
963 2426 998 2452 ut
1010 2431 1088 2462 pos-

109 2464 162 2491 set
184 2469 290 2501 regno
321 2460 435 2501 potiri,
471 2458 574 2492 multa
600 2460 689 2494 bella
723 2463 846 2504 gessit,
881 2468 915 2494 et
944 2463 1088 2505 populus

109 2500 209 2534 valde
230 2503 261 2534 ei
279 2502 532 2542 adservabatur,
555 2513 592 2535 er
613 2503 671 2536 hat
693 2505 775 2537 auch
791 2506 1025 2538 vrsaclzdarzu
1033 2518 1089 2549 qe·

107 2545 218 2586 geben.
261 2545 336 2586 Ipse
358 2545 511 2578 Herodes
534 2545 698 2580 interfecit
715 2553 820 2580 totum
843 2555 1005 2588 senatum,
1031 2550 1088 2582 ha-

111 2588 182 2619 buit
199 2586 321 2619 multos
344 2587 432 2620 filios
454 2595 553 2621 natos
577 2600 619 2622 ex
642 2591 783 2623 diversis
806 2593 983 2632 uxoribus,
1010 2594 1087 2626 inde

110 2631 303 2664 oriebantur
322 2633 503 2664 certamina
525 2633 566 2665 de
587 2643 704 2676 regno.
750 2634 797 2667 lbi
818 2634 970 2668 Herodes
988 2637 1088 2669 inter-

289 2690 437 2713 uem-ru.
450 2693 532 2713 OPER.
545 2693 611 2714 VOL.
624 2694 693 2715 XXV.

786 168 1000 202 PosTthA
1032 165 1433 200 MELANTHONJANA.

915 1944 995 1977 Inde
1009 1943 1090 1987 Ἥρα

1115 2671 1116 2675 ,
1137 2639 1324 2673 inimicitias
1347 2643 1432 2673 inter
1454 2644 1484 2672 te
1506 2643 1537 2672 et
1554 2649 1659 2673 semen
1676 2640 1828 2673 mulieris.

2054 164 2119 198 930

1139 261 1273 294 finiebat
1296 261 1381 292 ‹luos
1404 259 1505 299 filios,
1529 268 1613 302 quos
1639 261 1847 291 existimabat
1864 260 1997 292 insidari
2011 270 2118 302 regno

1140 311 1173 336 et
1206 305 1294 336 vitae
1328 314 1426 342 suae,
1460 309 1495 334 ut
1528 303 1625 335 etiam
1657 309 1748 343 3erat,
1791 303 1935 335 Tandem
1970 304 2121 344 pervenit

1138 358 1278 390 regnum
1301 347 1343 378 ad
1362 345 1581 382 Archelaum3
1604 347 1664 377 det·
1687 348 1729 377 isc
1752 346 1840 377 w‘clzl
1858 348 1919 377 rie!
1938 347 2046 378 ὁρᾶ-γον
2065 358 2120 388 {Je-

1139 400 1250 422 wesen.
1295 390 1422 421 Dramb
1444 390 1501 421 hat
1523 399 1560 421 er
1583 389 1666 421 auch
1688 389 1774 421 nicht
1803 391 1880 430 lans]
1901 391 2019 430 reqirt,
2045 391 2121 431 quia

1140 435 1262 466 iustitia
1296 432 1420 465 stabilit
1452 433 1622 468 thronum,
1657 433 1817 475 regimina
1852 433 2025 475 tyrannica
2053 443 2121 464 non

1140 483 1219 509 sunt
1244 482 1424 518 perpetua,
1454 485 1491 507 er
1518 477 1563 507 ist
1595 477 1646 507 ein
1668 476 1778 516 iropff
1795 477 1861 507 und
1874 476 1979 507 bots-er
2002 480 2122 516 tyrann

1139 529 1288 562 yewesen.
1332 519 1479 551 Tandem
1502 517 1606 551 voluit
1628 529 1666 551 se
1684 519 1883 554 interficere,
1907 521 1967 550 sed
1991 520 2024 550 vi
2047 529 2122 560 pro-

1140 564 1263 594 hibitus
1298 568 1366 600 est,
1402 573 1443 594 ne
1473 562 1535 593 sibi
1563 563 1789 594 conscisceret
1812 568 1968 600 niortem3
2005 568 2124 604 postea

1141 605 1199 637 filii
1223 604 1352 647 expulsi
1375 611 1454 637 sunt
1475 615 1590 647 regno.
1636 606 1693 636 Da
1721 607 1765 637 ist
1793 606 1853 637 cler
1876 616 1949 637 rers
1975 606 2125 646 qelmlten

1141 650 1287 681 worden:
1310 648 1467 689 Εὐσεβέσιν
1490 648 1633 680 παίδεσσι
1655 648 1691 679 τὰ
1716 649 1807 684 Zeila,
1832 649 2001 689 δυσσεβέων
2030 648 2056 678 δ’
2078 648 2123 688 οὗ,

1141 693 1173 723 id
1197 698 1258 730 est,
1284 692 1490 734 generationi
1518 697 1683 723 rectorum
1707 692 1934 723 benedicetur.
1964 692 2038 723 Der
2060 692 2124 723 Ar-

1143 733 1279 767 chelaus
1302 732 1466 766 interfecit
1490 735 1582 767 cives
1605 733 1704 767 valde
1726 734 1903 774 scelerate,
1923 736 2126 767 convocavit

1142 789 1201 810 eos
1224 788 1284 820 per
1306 778 1452 819 speciem
1479 776 1598 817 officii,
1626 783 1674 816 et,
1709 783 1865 820 tanquam
1893 789 1981 810 nova
2016 779 2125 810 edicta

1142 820 1355 864 promulgare
1379 819 1491 859 vellet,
1516 826 1584 853 tum
1606 821 1737 853 immisit
1756 822 1884 863 equites
1904 832 1998 860 suos,
2022 828 2054 853 et
2078 823 2125 853 in-

1142 863 1275 896 terfecit
1304 863 1426 896 multos
1451 864 1542 895 cives
1570 865 1723 895 inermes.
1769 864 1846 896 Ideo
1871 864 2024 896 Tiberius
2050 876 2126 896 eum

1145 909 1269 939 amovit
1290 907 1445 949 imperio,
1479 907 1633 949 misitque
1660 917 1734 939 enm
1764 908 1797 939 in
1825 907 1984 945 Galliam3
2019 909 2064 940 ibi
2091 909 2125 940 in

1144 950 1242 982 exilio
1265 956 1414 982 mortuus
1438 957 1501 989 est,
1525 956 1557 982 et
1579 950 1699 982 Iudaea
1715 951 1852 983 redacta
1871 957 1922 983 est
1940 953 1971 983 in
1986 950 2126 984 formam

1144 995 1347 1035 provinciae,
1370 994 1403 1024 id
1426 1000 1490 1032 est,
1514 994 1741 1026 administrata
1754 1000 1807 1025 est
1824 1005 1883 1036 per
1895 995 2124 1038 magistratus.

1145 1037 1187 1068 Et
1220 1043 1328 1068 tamen
1363 1036 1458 1068 Deus
1487 1037 1635 1068 sen-avit
1664 1037 1851 1069 Ecclesiam
1885 1039 1918 1069 in
1952 1039 2126 1077 servitute,

1145 1081 1206 1112 sed
1228 1086 1339 1111 tamen
1361 1079 1531 1111 habebant
1547 1079 1734 1119 αὐτονομίαν,
1757 1079 1804 1112 sie
1815 1081 1925 1113 hatten
1938 1081 2008 1113 z’lzre
2019 1082 2127 1122 eiyene

1145 1124 1239 1162 ritus,
1262 1124 1380 1154 wiewol
1396 1124 1443 1154 sie
1465 1123 1528 1155 das
1549 1124 1719 1164 imperium
1742 1124 1829 1155 nicht
1847 1124 1974 1163 lmtcem
1997 1126 2058 1156 sed
2070 1124 2126 1156 ha-

1145 1168 1268 1198 bebant
1289 1166 1548 1198 iurisdictionem
1570 1165 1774 1207 inferiorem,
1803 1177 1932 1200 sumum
1955 1168 2126 1210 imperium

1146 1215 1217 1242 erat
1238 1219 1342 1251 penes
1361 1208 1542 1242 Romanos.

1230 1252 1423 1290 Bethlehem,
1445 1253 1478 1284 id
1501 1258 1564 1291 est,
1587 1253 1706 1285 domus
1730 1254 1835 1295 panis.
1884 1254 1926 1285 Es
1945 1255 1986 1285 ix?
2003 1255 2053 1285 ein
2067 1264 2126 1294 yzi-

1146 1300 1195 1327 ter
1218 1300 1282 1334 ort,
1307 1296 1352 1327 da
1371 1300 1447 1337 quie
1470 1296 1568 1327 ach-<22-
1587 1306 1728 1337 yewesen
1750 1298 1836 1333 scin,-
1860 1297 1921 1328 das
1954 1301 2028 1338 quta
2050 1297 2127 1328 weil»

1145 1338 1272 1371 Rachel
1294 1339 1337 1370 ist
1360 1340 1404 1370 da
1428 1339 1586 1380 hem-aben
1606 1341 1746 1381 yelessen,
1770 1346 1801 1371 et
1824 1346 1874 1371 erat
1893 1340 2010 1379 πάθος,
2035 1341 2126 1382 quod

1145 1383 1223 1415 dicit
1245 1382 1374 1414 Rachel
1397 1381 1551 1423 plorasse
1575 1383 1606 1413 in
1630 1381 1687 1414 illa
1710 1382 1907 1414 calamitate.

1232 1425 1365 1464 Rachel,
1389 1425 1421 1456 id
1444 1431 1508 1463 est,
1532 1435 1629 1467 agna.
1653 1427 1704 1456 cin
1726 1426 1875 1457 Iemblein.

1231 1468 1444 1506 Naum-aeus,
1467 1469 1500 1500 id
1524 1475 1590 1507 est,
1614 1475 1809 1510 separator,
1833 1470 1887 1510 qui
1912 1475 2128 1511 separaverat

1145 1521 1183 1543 se
1216 1512 1249 1543 in
1272 1518 1365 1544 certo
1394 1511 1503 1550 cultu,
1545 1512 1605 1543 sed
1635 1518 1745 1543 tamen
1780 1513 1932 1543 divinitas
1963 1513 2126 1544 ordinato.

1144 1557 1284 1587 Samson
1318 1553 1377 1587 fuit
1406 1555 1618 1594 Nazaraeus,
1648 1565 1715 1587 non
1750 1556 1866 1587 bibens
1896 1557 2025 1594 vinnm,
2061 1565 2128 1587 non

1144 1598 1261 1630 aderat
1283 1597 1444 1631 fueribus.

1310 1695 1454 1735 Fuitne
1487 1694 1670 1736 Christus
1703 1695 1960 1738 Nazarenust

1232 1793 1443 1836 Respondeo.
1488 1794 1543 1827 Ita.

1563 1880 1701 1912 Contra.

1299 1948 1448 1981 Christus
1471 1949 1547 1981 bibit
1570 1950 1673 1981 virumn
1695 1955 1752 1981 etr.

1298 1992 1388 2034 Eryo
1409 2002 1473 2024 non
1495 1997 1543 2024 est
1566 1992 1770 2025 Nazaraeus.

1228 2077 1443 2120 Respondeo.
1490 2077 1644 2111 Christus
1672 2078 1733 2111 fuit
1760 2077 1816 2111 illa
1847 2080 2026 2121 praecipua
2054 2089 2126 2121 per-

1141 2131 1227 2152 sona
1249 2127 1446 2154 consecrata
1470 2121 1557 2161 Deo,
1592 2128 1728 2164 propter
1762 2133 1858 2165 quam
1895 2123 2011 2165 reliqui
2044 2123 2125 2154 reci-

1140 2166 1290 2206 piuntur;
1312 2174 1378 2196 non
1402 2172 1453 2197 est
1476 2164 1552 2206 lege
1570 2165 1658 2204 talis,
1678 2176 1746 2197 non
1768 2172 1821 2197 est
1837 2164 1933 2197 litera
1951 2165 2040 2204 talis,
2064 2167 2127 2198 sed

1141 2213 1193 2240 est
1215 2207 1303 2246 talis,
1327 2209 1402 2250 quia
1423 2214 1476 2240 est
1499 2208 1588 2240 filius
1606 2208 1680 2240 Dei.
1714 2208 1790 2250 lpse
1813 2208 1891 2240 facit
1913 2209 2034 2252 legem,
2059 2219 2126 2241 non

1140 2251 1218 2293 quia
1239 2250 1315 2294 lege
1338 2257 1480 2290 tenetur,
1506 2253 1567 2283 sed
1590 2253 1667 2294 quia
1692 2258 1744 2284 est
1768 2251 1854 2283 lilius
1876 2251 1958 2290 Dei,
1982 2263 2049 2283 non
2074 2258 2126 2283 est

1140 2300 1260 2326 unctus
1284 2293 1360 2326 oleo
1393 2295 1584 2336 pontificio,
1620 2296 1681 2327 sed
1716 2296 1896 2327 divinitate.
1945 2295 2037 2326 Sicut
2073 2300 2124 2326 est

1139 2343 1278 2375 unctus,
1302 2338 1352 2368 sic
1375 2338 1473 2369 etiam
1498 2344 1549 2370 est
1572 2338 1786 2377 Nazarenus,
1822 2338 1898 2379 quia
1925 2348 1992 2369 non
2026 2336 2125 2369 litera

1139 2379 1225 2419 talis,
1251 2381 1312 2412 sed
1329 2390 1428 2413 verus
1447 2381 1652 2419 Nazaraeus,
1680 2386 1868 2423 separatus,
1893 2387 2124 2420 consecratus,

1140 2428 1173 2455 et
1194 2433 1275 2456 vere
1296 2430 1428 2456 unctus,

1226 2466 1262 2498 ln
1283 2467 1422 2500 historia
1443 2466 1524 2499 nihil
1546 2474 1598 2499 est
1621 2467 1852 2504 obscuritatis,
1878 2467 1938 2498 sed
1961 2467 2123 2508 principa-

1139 2507 1180 2540 lis
1202 2508 1300 2542 locus
1324 2517 1389 2542 est:
1419 2512 1536 2543 Statim
1558 2513 1637 2542 nato
1662 2509 1792 2541 Clu-isto
1814 2510 1972 2541 Diabolus
2001 2510 2126 2541 exusci-

1139 2556 1189 2584 tat
1207 2555 1470 2594 persecutionem,
1493 2555 1608 2585 incitat
1630 2563 1691 2585 sua
1715 2562 1854 2594 oryana,
1876 2557 1912 2585 ut
1927 2557 2126 2594 yrassentur

1139 2599 1170 2627 et
1191 2597 1349 2629 saeviant.
1395 2597 1470 2630 Das
1485 2598 1529 2629 ist
1547 2596 1635 2629 nicht
1656 2596 1830 2637 veryebens
1841 2597 1976 2672 gei-edg-
1999 2596 2127 2627 Ponam

1873 2640 1945 2672 Dia
1966 2640 2037 2672 olus
2059 2648 2126 2672 mm

1779 2701 1813 2726 ⁶3
