2374 2985
208 193 270 225 13.ω

206 299 303 330 quam
328 288 445 328 cuique
469 293 521 317 cst
545 292 622 317 nota
644 287 762 317 domus
782 296 854 323 sua,
871 291 906 317 ut
923 285 1080 321 sciamus,
1099 293 1184 325 quae

206 331 347 373 insignia
370 329 457 361 sat-ta
482 330 627 361 exhibita
650 330 715 360 sint
739 329 879 371 singulis
904 328 1000 359 locis.

281 376 459 406 ,Galilaeae
482 384 570 405 mare
592 373 712 404 dictum
736 378 805 409 est,
833 373 907 413 quia
930 369 1024 402 lacus
1053 371 1116 400 iste
1143 369 1184 399 ri-

208 418 295 459 gaxit
320 423 420 448 totam
444 415 532 447 illam
557 426 648 447 oram
672 414 850 446 Galilaeae.
884 413 1057 455 Significat
1076 418 1185 443 autem

209 459 362 492 Galilaea
384 460 489 497 idem,
512 460 598 500 quod
624 460 716 499 regio
740 458 924 494 limitanea,
953 457 1030 497 quia
1057 455 1100 486 ibi
1125 454 1185 486 suit

208 504 395 535 extremitas
431 509 538 534 terrae
572 502 726 539 Canaan,
762 511 879 532 versus
914 499 1127 531 Phoeniciam
1152 504 1185 530 et

206 547 372 578 Sidonem.

294 597 478 628 Tiberiadis
501 607 591 628 mare
615 597 732 627 dicitur
754 597 796 626 ab
821 594 945 635 oppido
969 592 1066 625 huius
1085 593 1186 624 nomi-

209 643 279 679 nis,
305 641 392 682 quod
411 641 506 670 situm
531 647 581 670 est
605 640 637 670 in
662 639 772 670 littore
794 638 892 669 huius
915 636 1018 668 lacus.
1076 636 1185 667 Usita-

208 690 276 715 tuin
311 690 362 714 est
397 690 506 713 antem
539 684 652 713 ctiam.
687 681 781 713 lacus
813 687 844 711 et
871 686 992 721 stagna
1016 680 1185 710 nominare

208 731 324 758 marla.
381 726 541 766 Iosephus
574 727 676 766 inquit
706 730 861 765 stagnum
892 721 1101 754 Genezareth
1131 733 1186 753 oc-

209 780 353 811 cupasse
377 770 408 800 in
428 768 666 809 longitudinum
689 774 818 799 centum
842 767 966 804 stadia,
998 772 1030 797 et
1058 766 1090 797 in
1111 765 1186 797 lati·
1213 806 1214 813 ἵ

207 814 350 845 tudinem
374 812 416 843 40
439 813 555 842 stadia.

249 1006 328 1054 Qui
360 1010 453 1043 sunt-
484 1003 557 1043 loci
590 1003 793 1057 praecipui
826 1001 944 1041 huius
977 1001 1141 1040 textus?

294 1120 505 1162 Respondeo.

208 1166 290 1195 duas
320 1164 489 1195 materias:
523 1173 638 1201 unam,
672 1164 713 1193 de
744 1162 1002 1203 gubernatione3
1036 1159 1188 1198 alteram,

208 1208 248 1239 (le
283 1208 409 1248 privata
446 1206 737 1243 consternatione,
774 1211 806 1236 et
841 1203 1074 1236 consolatione
1110 1214 1188 1235 con—

206 1251 376 1282 scientiae.

501 1369 563 1400 De
593 1369 741 1410 primo
772 1368 893 1400 loco.

294 1455 389 1486 Prior
430 1455 528 1487 locus
566 1453 706 1496 pulchre
745 1455 889 1496 pingitur
927 1454 960 1484 in
994 1453 1190 1493 piscatione,

210 1501 295 1531 sicut
320 1497 409 1531 facta
433 1508 566 1540 semper
589 1504 665 1529 sunt
690 1499 837 1539 picturae
855 1506 1050 1539 magnarum
1070 1506 1190 1527 rerum.

209 1543 276 1573 {rto
300 1544 398 1573 ctiam
421 1542 453 1572 in
477 1548 594 1572 natura
618 1541 721 1581 pinxit
739 1539 832 1572 Deus
850 1550 905 1570 res
925 1550 1076 1580 magnas,
1100 1540 1191 1570 iuxta

209 1586 346 1617 dictum:
382 1586 548 1625 Sapie’ntia
571 1587 634 1616 Dei
655 1586 737 1616 Italic
759 1587 792 1615 in
815 1585 892 1615 orbe
914 1588 1088 1614 terraram.
1134 1581 1191 1612 Vi-

209 1630 343 1666 demus,
375 1627 491 1669 quales
516 1629 581 1658 sint
609 1628 778 1669 picturae,
807 1637 867 1658 seu
889 1625 983 1657 lusus
1008 1626 1191 1666 sapientiae

209 1672 339 1703 divinae
362 1672 394 1702 in
418 1671 539 1712 plantis
563 1676 595 1702 et
618 1671 766 1701 floribus.
812 1670 897 1701 Sunt
920 1679 974 1700 res
997 1678 1136 1710 parvae,
1159 1674 1192 1699 et

209 1721 317 1745 tamen
341 1713 528 1752 coloribus,
552 1713 799 1752 effectionibus,
830 1720 863 1744 et
886 1712 960 1743 aliis
985 1712 1192 1753 proprietati·

210 1759 272 1789 bus
304 1758 348 1788 ita
378 1763 453 1788 sant
479 1757 673 1795 distinctae,
703 1762 739 1788 ut
762 1766 957 1798 magnarum
982 1765 1092 1786 rerum
1114 1755 1191 1785 ima-

210 1802 304 1842 gines
328 1802 530 1839 contineant,
554 1811 638 1837 quac
662 1800 778 1831 dextre
801 1806 993 1840 usurpatae,
1017 1798 1192 1829 maximam

210 1845 274 1875 rim
302 1843 426 1875 liabent
454 1844 487 1875 in
514 1844 631 1874 animis
662 1843 846 1874 excitandis
876 1842 917 1872 ad
949 1841 1193 1872 consideranda

210 1888 349 1928 vestigia
373 1887 554 1928 sapientiae
576 1886 653 1917 Dei.

296 1947 343 1978 Ita
366 1946 420 1978 hic
445 1947 541 1977 etiam
566 1947 662 1988 quasi
686 1945 768 1977 ludit
792 1945 965 1983 Christus,
997 1951 1027 1975 et
1051 1952 1193 1985 magnae

210 1991 256 2022 rei
280 1991 455 2032 imaginem
476 1990 590 2031 pingit,
609 2001 682 2021 cum
702 1990 791 2021 iubet
810 1990 918 2021 navim
936 1988 1011 2018 duci
1030 1988 1062 2018 in
1080 1987 1194 2024 altum,

213 2040 245 2065 ct
267 2034 348 2064 mitti
371 2033 470 2071 retia,
504 2034 556 2064 ubi
586 2039 679 2063 tanta
702 2033 841 2073 piscium
863 2030 1033 2062 multitudo
1058 2031 1195 2072 capitur,

212 2084 248 2108 ut
271 2083 442 2117 rumpatur
464 2083 554 2113 rete,
585 2081 616 2107 et
641 2086 682 2107 ex
706 2074 812 2106 altera
834 2075 911 2105 navi
934 2080 1114 2111 vocentur,
1139 2073 1195 2114 qui

212 2120 368 2151 adiuvent
398 2125 566 2160 capturam
598 2120 747 2159 piscium.
811 2118 929 2148 Petrus
959 2115 1067 2147 suerat
1099 2122 1197 2147 antea

214 2169 363 2204 questuS,
383 2172 424 2193 se
448 2169 549 2193 totam
572 2169 704 2193 noctem
729 2162 986 2202 praecedentem
1009 2159 1195 2196 laborasse,

213 2207 273 2236 sed
303 2205 451 2236 laborem
482 2216 556 2236 cum
585 2204 691 2236 fuisse
719 2205 857 2235 irritum.
914 2203 982 2233 Sed
1017 2203 1196 2233 mandante

214 2248 348 2279 Christo
372 2249 492 2289 inquit:
516 2250 635 2279 luciam
659 2252 743 2287 rete,
764 2250 875 2287 fretus
897 2251 953 2278 tua
975 2256 1058 2276 νοω).

301 2308 336 2339 ln
362 2309 424 2339 hac
456 2314 524 2339 tota
552 2308 695 2349 imagine
719 2306 942 2347 significatur,
978 2305 1066 2347 quod
1091 2305 1196 2335 omnis

215 2352 432 2392 gubernatio,
463 2351 568 2382 omnis
598 2349 725 2382 functio
754 2351 788 2380 in
815 2347 987 2386 Ecclesia,
1017 2349 1047 2379 in
1072 2347 1197 2389 politia,

215 2395 248 2424 in
280 2395 492 2432 oeconomia,
523 2394 665 2435 denique
695 2394 727 2424 in
758 2399 828 2423 tota
855 2393 939 2430 vita,
970 2392 1013 2422 ita
1041 2391 1081 2422 sit
1106 2390 1197 2428 felix,

216 2437 243 2467 si
263 2435 356 2467 Deus
381 2447 452 2468 eam
475 2437 618 2468 adiuvet.
660 2439 755 2468 Wenn
774 2447 811 2467 er
828 2437 896 2476 hilf
909 2436 977 2467 mul
988 2437 1084 2474 „ahloh
1096 2436 1198 2466 (ίαν-ιιι

212 2481 291 2519 ffibt,
315 2490 351 2511 ⁸0
371 2482 462 2519 yelets
485 2491 543 2511 ron
565 2482 669 2514 stadt.-
690 2480 722 2511 id
746 2485 810 2517 est,
835 2489 908 2510 cum
928 2477 1021 2509 Deus
1047 2477 1197 2514 consilia,

217 2528 372 2562 conatus,
402 2530 433 2554 et
460 2522 595 2554 labores
619 2523 704 2565 regit
728 2528 759 2554 et
782 2521 947 2559 fortunat,
978 2528 1044 2552 tum
1069 2521 1197 2551 demum

217 2571 402 2606 sequuntur
426 2572 565 2598 eventus
589 2567 702 2608 optati.
737 2566 883 2597 Adiuvat
901 2570 1012 2596 autem
1035 2562 1196 2595 facientes

218 2618 321 2649 opera
344 2610 530 2639 vocationis
557 2620 631 2641 cum
660 2609 883 2641 invocatione.
934 2607 1012 2639 Ideo
1043 2607 1197 2639 coniunxi

216 2650 303 2683 haec
325 2651 358 2682 in
381 2653 548 2684 versibus:

848 190 956 222 Ptttt„
982 189 1082 220 MEL.
1108 187 1296 220 scntPTA
1317 186 1582 219 EXEGETICA.

2162 187 2223 219 140

1323 281 1448 313 Nullius
1470 286 1516 312 cst
1534 282 1618 320 felia:
1641 286 1773 311 conatus
1796 285 1826 311 et
1848 281 1937 311 utilis
1958 292 2106 322 anquam:

1370 325 1540 355 Consilium
1564 327 1593 354 si
1614 336 1675 354 uon
1699 326 1828 365 detque,
1852 326 1993 364 z'uvetqae
2016 325 2112 356 Deus.

1328 367 1412 398 Tunc
1440 370 1527 398 iuvat
1554 369 1608 398 ille
1643 371 1760 409 autem,
1797 379 1862 398 cam
1896 379 1978 398 mmas
2007 368 2068 397 sibi
2096 369 2223 398 conscia

1366 413 1461 448 recti,

1324 454 1474 484 lllanclati
1495 456 1592 494 officii
1614 465 1737 484 numera
1759 455 1843 484 iusta
1862 456 1965 492 facit:

1326 497 1369 529 Et
1391 498 1484 527 simul
1505 498 1655 527 auxilinm
1674 499 1838 536 praesenti
1861 508 1879 526 η
1903 499 2023 527 numine
2048 497 2168 528 Christi

1367 541 1496 575 Poscit,
1520 545 1549 570 et
1572 545 1736 579 exspectat
1758 551 1820 569 non
1843 540 2004 570 dubitante
2024 541 2096 580 fide,

1324 584 1380 614 Sic
1398 584 1553 623 procedet
1577 595 1655 623 opus
1672 585 1812 622 stin-etam
1830 584 2035 625 populisque,
2059 583 2194 624 tibiquss

1367 627 1497 667 Diriyet
1520 631 1549 657 et
1572 638 1679 656 cursus
1702 637 1779 656 aura
1798 627 1935 656 secunda
1957 631 2035 657 tum.

1325 670 1535 710 Iuvit-tamque
1558 670 1621 700 1)νὶ
1643 671 1788 700 dextram
1813 671 1858 699 vis
1880 670 1966 699 nulla
1989 669 2134 709 repcllet3

1370 713 1480 743 Omnia
1505 717 1654 753 royeutur
1677 714 1786 743 cedere
1803 723 1910 753 prona
1933 713 2014 743 Deo.

1327 783 1419 814 Haec
1447 789 1499 814 est
1530 783 1712 814 communis
1737 783 1888 813 doctrina
1912 781 2105 819 Ecclesiae,
2136 791 2224 823 quae

1213 821 1299 868 ‘per
1329 827 1520 857 universam
1550 826 1755 867 Scripturam
1783 835 1887 866 saepe
1918 825 2057 866 repetita
2088 832 2158 863 est,
2187 831 2224 855 ut

1242 881 1314 901 cum
1337 869 1488 910 Baptista
1517 870 1635 910 inquit:
1670 869 1743 897 Non
1767 872 1876 907 potest
1904 868 1992 897 Immo
2023 868 2084 897 sibi
2108 877 2224 897 sumere

1241 913 1378 952 aliquid,
1405 914 1466 941 nisi
1489 912 1595 941 datum
1619 914 1661 941 sit
1687 913 1716 941 ei
1739 912 1880 950 desuper.
1932 910 1973 942 Et
1998 910 2153 942 Christus
2176 911 2224 942 in-

1240 957 1325 997 quit:
1359 955 1434 984 Sine
1456 965 1500 984 me
1523 955 1604 984 nihil
1619 956 1756 994 potestis
1775 955 1892 992 facere.
1937 954 2036 992 Item,
2065 953 2136 993 Eyo
2159 964 2225 984 sum

1239 1001 1328 1034 vitis,
1346 1009 1402 1027 vos
1420 997 1575 1037 palmites.
1620 999 1657 1027 Si
1679 999 1855 1027 manseritis
1877 999 1909 1026 in
1934 1007 1988 1032 me,
2008 998 2144 1035 afferetis
2157 998 2225 1035 fru—

1240 1046 1320 1072 ctum
1348 1041 1482 1070 multum.
1540 1041 1583 1072 Et
1613 1047 1690 1073 suut
1718 1039 1836 1072 similia
1867 1041 1955 1072 dicta
1986 1038 2107 1078 multa,
2139 1050 2224 1081 quae

553 1119 705 1150 confluet
731 1119 815 1150 haee
837 1119 984 1149 narrans)
1009 1118 1188 1159 praecipue
1212 1119 1213 1122 Ἰ
1240 1086 1379 1122 docent,
1406 1090 1474 1115 tum
1505 1084 1652 1121 demum,
1683 1090 1715 1114 et
1742 1089 1809 1115 tam
1833 1084 1887 1114 diu
1909 1082 2041 1114 felicem
2065 1092 2142 1114 esse
2167 1093 2226 1125 gu-

1239 1127 1486 1164 bernationem,
1509 1138 1585 1157 cuin
1609 1126 1702 1157 Deus
1726 1128 1755 1157 ei
1779 1127 1893 1164 adest,
1916 1133 1947 1157 et
1971 1126 2106 1157 adiuvat
2128 1125 2226 1157 labo-

1239 1176 1363 1201 rantes
1409 1168 1586 1200 Discamus
1612 1169 1723 1209 igitur,
1746 1168 1898 1200 homines
1922 1179 1988 1200 non
2011 1178 2116 1210 posse
2139 1168 2225 1200 solis

1240 1211 1388 1245 consiliis
1411 1211 1563 1243 humanis
1582 1221 1701 1252 regere
1719 1211 1819 1241 vitam
1840 1218 1872 1242 et
1890 1211 2100 1242 vocationem
2119 1222 2225 1243 suam.

1242 1257 1367 1287 Omnes
1396 1255 1568 1291 homines,
1601 1255 1656 1295 qui
1684 1252 1835 1291 fuerunt,
1870 1260 1927 1285 aut
1955 1259 2032 1285 sunt
2058 1254 2092 1284 in
2114 1253 2227 1296 aliqua

1240 1298 1499 1339 gubernatione,
1530 1298 1741 1338 quantumvis
1766 1297 1906 1338 exigua,
1936 1297 2082 1327 sentiunt
2104 1306 2146 1328 ae
2170 1307 2227 1328 ex-

1213 1362 1215 1367 ·
1239 1342 1411 1382 periuntur
1427 1350 1566 1381 magnas
1584 1338 1809 1377 difficultates,
1826 1346 1858 1370 et
1877 1340 2110 1380 impedimenta
2121 1340 2226 1371 varia.

1241 1385 1277 1415 ln
1300 1391 1369 1415 tota
1392 1385 1488 1415 etiam
1512 1383 1580 1414 vita
1602 1389 1720 1414 nostra
1742 1392 1844 1423 saepe
1862 1383 2010 1414 incidunt
2027 1383 2164 1423 negotia
2179 1382 2227 1413 in-

1241 1427 1448 1459 extricabilia
1480 1426 1632 1457 humanis
1668 1425 1817 1457 consiliis
1852 1431 1883 1456 et
1916 1426 2055 1456 viribus.
2118 1424 2228 1456 Etiam

1240 1481 1345 1512 parva
1367 1471 1485 1501 domus
1508 1480 1574 1500 non
1598 1469 1724 1510 regitur
1746 1470 1819 1500 sine
1842 1467 2104 1507 ‹lisfieultatibuS,
2126 1468 2228 1509 impe-

1241 1514 1407 1552 «timentis,
1430 1520 1463 1545 et
1485 1513 1637 1544 miseriis.
1684 1512 1751 1543 Sed
1775 1511 1877 1543 multo
1901 1509 2070 1542 difficilior
2092 1516 2145 1543 est
2168 1521 2228 1553 gu-

1242 1558 1393 1589 bernatio
1416 1555 1553 1598 politiae
1576 1563 1609 1587 et
1632 1555 1860 1596 imperiorum:
1885 1555 2038 1586 Omnium
2062 1564 2142 1586 vero
2167 1553 2229 1585 dis-

1244 1599 1408 1638 ficillima,
1433 1606 1485 1630 est
1509 1600 1706 1642 gubernatio
1731 1597 1915 1630 Ecclesiae.

1245 1775 1354 1826 Quid
1385 1781 1523 1816 autem
1555 1773 1787 1814 faciendum
1817 1772 1906 1814 est?
1931 1787 1983 1813 an
2013 1778 2228 1827 propterea

1467 1851 1693 1892 deserenda
1726 1857 1790 1908 est¹
1818 1849 2006 1890 vocatio?

1331 1960 1399 1992 lino
1430 1960 1581 2002 urgenda
1610 1966 1661 1990 est
1690 1959 1838 1996 vocatio,
1868 1967 1931 1988 nec
1959 1957 2148 1988 deserenda
2176 1963 2229 1989 est

1245 2005 1391 2036 societas
1424 2003 1624 2041 communis,
1659 2007 1691 2033 et
1720 2001 1892 2032 retinenda
1920 2000 2004 2031 haec
2029 1999 2228 2038 consolatio,

1246 2048 1335 2089 quod
1359 2046 1453 2078 Deus
1477 2045 1557 2077 velit
1583 2046 1703 2076 adesse
1730 2043 1929 2075 facientibus
1953 2053 2057 2084 opera
2079 2044 2229 2075 vocatio-

1245 2091 1315 2128 nis,
1349 2096 1382 2121 et
1414 2089 1646 2121 invocantibus
1682 2098 1774 2125 eum,
1809 2088 1901 2119 iuxta
1931 2084 2055 2117 Psalmi
2086 2087 2226 2118 dictum:

1247 2133 1433 2164 Commenda
1456 2132 1526 2162 Deo
1548 2133 1628 2161 viam
1651 2135 1750 2164 tuam,
1780 2134 1809 2159 et
1832 2140 1925 2169 spera
1947 2131 1980 2158 in
2003 2139 2087 2165 cum,
2109 2133 2140 2159 et
2161 2131 2229 2168 ipse

1241 2178 1353 2215 faciet.

1333 2219 1508 2259 Sapientes
1531 2223 1696 2248 vexantur
1720 2215 1771 2247 his
1795 2216 2063 2258 cogitationibus.
2108 2214 2230 2246 Putant

1247 2273 1285 2294 se
1309 2272 1370 2293 sua
1393 2261 1553 2292 industria
1576 2267 1609 2297 et
1632 2258 1781 2291 consiliis
1806 2269 1909 2299 posse
1936 2268 2053 2299 regere
2082 2259 2228 2300 negotia,

1248 2311 1281 2336 ct
1303 2311 1455 2336 avertere
1478 2302 1635 2344 pericula.
1692 2303 1758 2333 Sed
1790 2303 1887 2333 iidem
1910 2303 2079 2342 sapientes
2103 2301 2228 2342 saepis-

1247 2349 1330 2379 sime
1352 2348 1553 2388 impingunt,
1576 2352 1607 2376 et
1630 2344 1786 2377 labuntur
1809 2343 2016 2376 horribiliter.
2064 2343 2147 2375 Cum
2171 2345 2229 2386 igi-

1249 2398 1300 2422 tur
1323 2391 1471 2422 incidunt
1492 2389 1716 2426 turbationes,
1739 2398 1806 2419 non
1830 2388 2024 2429 praevisae,
2048 2396 2111 2417 nec
2136 2387 2228 2428 cogi-

1248 2440 1338 2466 tatae
1358 2435 1469 2475 priuS,
1497 2430 1694 2473 franguntur
1721 2432 1820 2462 animi
1849 2431 2037 2471 sapientum
2068 2430 2110 2461 de
2128 2440 2230 2461 voca-

1249 2479 1339 2509 tione
1373 2476 1574 2507 deserenda:
1614 2475 1690 2516 quia
1724 2485 1799 2506 cum
1833 2474 1955 2504 fiducia
1989 2473 2144 2514 propriae
2176 2483 2230 2503 sa—

1248 2521 1392 2562 pientiae
1415 2518 1609 2560 plerumque
1633 2524 1684 2549 est
1703 2518 1881 2549 coniuncta
1904 2516 2116 2557 impatientia,
2135 2524 2229 2556 prae-

1249 2564 1362 2596 sertim
1385 2564 1414 2594 si
1438 2572 1492 2593 res
1516 2571 1583 2593 non
1605 2562 1789 2592 succedant
1811 2570 1851 2592 ex
1875 2559 1973 2591 animi
1994 2558 2168 2590 sententia.
