2343 2970
56 204 120 236 205
754 201 789 230 Ρ(
797 200 876 232 ›sTl
882 200 892 231 Ι
897 201 967 231 ,LA
991 198 1388 231 MELANTHONIANA.
2007 196 2073 227 206

1090 300 1167 325 ante
1201 300 1339 325 mortem
1374 292 1472 324 valde
1504 291 1642 333 largiter
1664 290 1855 333 lachrymas
1879 289 2017 327 fuderit,
2041 296 2073 321 ct

1090 338 1219 375 dixerit,
1244 337 1333 378 quod
1352 337 1384 367 in
1409 342 1477 367 tota
1500 336 1565 366 vita
1591 340 1714 366 tantum
1734 333 1884 365 dolorem
1908 344 1973 365 non
1998 343 2072 364 sen-

1090 382 1181 418 serit,
1206 386 1362 422 quantum
1387 386 1464 410 tunc
1487 379 1634 409 sentiret.
1668 378 1807 418 Oportet
1829 377 1971 418 aliquem
1996 386 2072 407 esse

1091 422 1258 460 dolorem,
1289 423 1415 453 etiamsi
1440 421 1536 453 dolor
1559 423 1620 452 iste
1645 432 1710 452 non
1733 421 1774 451 sit
1800 422 1830 450 in
1855 421 2006 451 omnibus
2032 420 2072 449 si·

131 470 209 501 'Est
244 480 322 501 vere
356 479 584 511 expavescere
611 469 777 511 agnitione
800 468 869 499 irae
892 466 972 505 Dei,
1006 473 1038 498 et
1091 466 1185 497 milis.
1231 465 1352 497 Nullus
1387 471 1496 496 autem
1529 463 1626 495 dolor
1649 470 1700 495 est
1723 462 1909 495 sufficiens:
1945 469 2073 494 etcum

60 513 183 553 dolere,
205 513 294 554 quod
309 512 417 544 Deum
441 513 644 544 offendimus.
690 512 781 543 Haec
805 510 949 542 definitio
973 521 1039 541 non
1094 510 1213 540 crescit
1239 508 1335 540 dolor
1357 509 1429 539 sine
1452 507 1529 547 fide,
1553 507 1588 539 fit
1608 506 1704 538 dolor
1727 506 1916 538 inferorum.

59 558 184 599 indiget
206 555 308 598 longa
344 555 584 592 declaratione3
620 556 695 597 quia
730 556 800 595 ipse
833 564 954 584 sensus
978 563 1040 584 nos

60 601 168 632 docet.
228 599 434 640 Epiphanius
470 600 561 630 dicit:
608 599 645 629 In
679 598 824 629 Ecclesia
858 607 939 637 opus
973 607 1041 627 csse

59 647 193 688 θεωρίᾳ;
217 644 248 674 id
267 649 330 679 est,
358 643 538 674 Dialectica
561 646 591 672 et
607 642 822 683 yrmnmalica
840 641 1041 680 &positione

61 691 91 718 ct
113 697 222 718 sensu:
256 687 287 716 id
323 692 390 723 est,
424 686 624 726 experientia
653 688 685 716 in
707 684 807 715 nobis.
854 683 965 714 Timor
989 688 1041 713 estv

62 729 156 760 dolor
179 729 356 761 sensibilis.

325 352 433 402 Quid
467 358 528 392 est
561 351 784 393 Contritio‘e!

1153 692 1279 732 Estne
1312 706 1464 741 verum⁷
1498 691 1608 744 quod
1639 690 1827 744 Papistae
1864 690 2013 739 dicunt,

1137 774 1370 806 Contrcn'onem
1393 774 1515 805 mereo-c
1545 773 1761 805 remissionem
1796 774 2032 813 peecatorum?

1180 877 1393 919 Respondeo.
1450 876 1511 908 Est
1546 875 1713 908 horribilis
1749 886 1853 907 error.
1913 875 2075 906 Contritio

1093 931 1159 951 non
1182 928 1326 952 meretur
1345 921 1572 952 remissionem
1596 926 1827 960 peccatorum,
1857 929 1918 950 seu
1941 924 2078 960 propter

1093 962 1197 995 solius
1222 963 1292 995 Filii
1305 963 1368 995 Dei
1388 964 1538 994 meritum
1559 962 1722 994 habemus
1745 963 1974 993 remissionem
1998 972 2075 1003 pec·

1094 1013 1259 1037 catorum:
1295 1013 1326 1038 et
1361 1007 1443 1038 haec
1479 1006 1544 1037 fide
1567 1007 1761 1047 accipienda
1784 1012 1846 1036 est.
1892 1003 2075 1036 Alexandri

1093 1050 1294 1091 poenitentia
1317 1056 1368 1081 est
1391 1050 1547 1092 Tragica:
1572 1049 1669 1080 iudae
1693 1050 1790 1081 etiam
1814 1055 1845 1080 et.
1863 1047 1974 1080 Saulis
1997 1057 2075 1089 poe-

1093 1093 1240 1130 nitentia³
1264 1100 1315 1124 est
1329 1093 1481 1130 Etlmica‚
1504 1103 1570 1124 non
1589 1091 1810 1134 Evangelica3
1833 1092 1910 1133 quia
1933 1101 1998 1122 non
2022 1101 2075 1121 ac-

1093 1137 1196 1167 cessit
1219 1135 1419 1174 consolatio,
1454 1135 1671 1178 Evangelium
1696 1136 1786 1166 addit
1811 1133 2075 1167 consolationem

1094 1185 1126 1210 et
1150 1179 1255 1209 fidem.

63 930 186 970 Estne
225 928 421 970 Contritio
453 928 492 967 in
526 928 781 977 Alexandro,
830 942 921 967 cum
954 927 1041 967 vult

81 1021 122 1046 se
155 1006 377 1046 interficere
409 1012 501 1060 post
532 1005 788 1046 interfectum
823 1004 1014 1059 Clytum?

1064 876 1069 940 l

144 1114 219 1145 Non
254 1121 324 1150 est3
359 1115 434 1156 quia
468 1124 533 1145 non
569 1115 712 1146 intuetur
740 1113 864 1149 Deum3
897 1115 1041 1145 intuetur

61 1167 219 1195 caussaS‚
255 1167 338 1199 quas
361 1158 444 1188 ratio
468 1157 630 1199 intelligit.
677 1157 823 1199 Cogitat:
857 1158 933 1187 Non
957 1158 1040 1187 bene

60 1199 175 1238 fecisti,
200 1201 286 1241 quod
311 1199 505 1232 interfecisti
529 1206 618 1231 tuum
642 1202 795 1241 optimum
821 1202 972 1237 amicum,
1009 1205 1040 1229 et

61 1245 143 1273 bene
168 1245 328 1281 meritum,
352 1244 405 1284 qui
430 1244 460 1273 iu
486 1244 588 1283 prima
612 1254 721 1286 pugna
741 1244 782 1274 ad
808 1243 929 1274 flumen
957 1242 1040 1272 Gra-
1065 1236 1068 1246 ¹

59 1287 167 1316 uicum
191 1292 223 1316 te
247 1287 404 1317 servavit.
451 1286 496 1316 lbi
521 1287 606 1317 enini
640 1286 831 1317 Alexander
867 1297 939 1317 cum
964 1285 1039 1315 Per-

59 1329 129 1359 sico
154 1329 237 1360 duce
260 1335 480 1370 pugnaverat,
517 1330 570 1370 qui
594 1331 656 1371 ipsi
680 1331 742 1360 iana
766 1331 960 1360 ‹lecusserat
984 1339 1039 1369 ga-

59 1370 155 1410 leam,
179 1377 210 1402 et
232 1371 455 1403 interfecisset
478 1382 569 1410 oum,
604 1374 666 1404 nisi
691 1371 809 1414 Clytus
844 1372 1039 1403 intervenis-

58 1421 122 1453 set,
154 1420 185 1445 et
207 1416 307 1446 ictum
327 1417 571 1447 antevertisset.
618 1415 712 1447 Hunc
736 1415 869 1458 Uiytum
893 1415 1040 1446 vicissim

58 1456 224 1488 interfecit
246 1457 448 1496 Alexander,
484 1469 557 1490 cum
580 1457 716 1491 liberius
739 1457 871 1490 locutus
895 1463 985 1489 esset
1008 1458 1041 1489 in

60 1501 212 1532 convivio
238 1501 278 1532 de
300 1507 395 1542 patre
409 1500 600 1533 Alexandri.
631 1501 726 1534 Deus
749 1501 881 1544 reliquit.
904 1511 1040 1533 sensum

59 1542 240 1574 naturalem
264 1545 296 1575 in
320 1551 466 1585 pectore,
491 1545 546 1586 qui
569 1551 679 1577 tantus
704 1551 766 1583 est,
791 1551 826 1576 ut
849 1546 892 1576 sit
915 1544 1039 1576 initium

60 1585 184 1617 doloris
207 1589 342 1618 aeterni.
388 1587 463 1619 Non
486 1589 558 1619 sine
590 1599 712 1631 magno
747 1587 863 1620 dolore
892 1587 1040 1621 cohiberi

59 1630 161 1668 potuit
176 1629 376 1671 Alexander,
399 1641 441 1661 ne
465 1632 526 1662 sibi
550 1631 613 1672 ipsi
636 1631 768 1664 afferret
791 1642 907 1663 manus
926 1641 1040 1663 cruen-

60 1678 123 1705 tas.
630 1679 649 1686 ⁴

146 1726 216 1759 Nos
250 1725 414 1769 loquimur
449 1728 490 1758 de
523 1727 580 1759 illa
617 1729 827 1763 contritione,
869 1738 954 1770 quae
989 1734 1040 1759 est

61 1771 185 1813 agnitio
220 1777 252 1802 et
282 1781 401 1801 sensus
424 1772 493 1802 irae
527 1772 657 1802 divinae
691 1771 854 1802 adversus
889 1777 1040 1811 peccata,

61 1812 168 1855 qualis
203 1820 253 1845 est
284 1814 315 1844 in
350 1813 515 1845 Ecclesia.
562 1814 655 1845 Hunc
690 1824 824 1845 sensum
853 1813 924 1845 vult
946 1809 1070 1891 Deusl

61 1866 137 1888 esse
160 1858 191 1887 in
216 1857 383 1888 omnibus:
407 1863 439 1888 et
461 1857 492 1887 in
517 1858 644 1888 sanctis
668 1857 763 1888 etiam
787 1857 895 1898 arguit
918 1857 1042 1887 securi-

62 1906 172 1931 tatem.
218 1899 286 1930 Sed
309 1900 392 1940 proh
418 1898 529 1931 dolor!
565 1910 678 1931 sumus
703 1909 817 1931 cntnes
841 1900 1042 1937 securiores,
1064 1894 1070 1967 ι

62 1953 157 1983 quam
182 1941 255 1973 Deo
278 1941 386 1983 placet
412 1949 443 1973 et
467 1943 561 1974 nobis
586 1950 638 1974 est
662 1944 749 1975 utile.
1064 1971 1070 2049 Ι

1404 1352 1513 1402 Quid
1546 1360 1611 1392 est
1642 1353 1743 1392 fides
1752 1353 1768 1394 ’ἒ

1179 1470 1239 1502 Est
1262 1470 1416 1501 assentiri
1439 1470 1598 1501 universo
1622 1470 1725 1502 verbo
1739 1469 1803 1501 Dei
1827 1470 1924 1501 nobis
1945 1470 2079 1507 tradim,

1093 1519 1192 1555 atque
1227 1515 1272 1545 ita
1305 1513 1517 1555 promissioni
1553 1514 1697 1555 gratiae,
1732 1519 1764 1544 et
1794 1519 1846 1544 est
1881 1512 2002 1544 fiducia
2024 1523 2079 1543 ac-

1093 1559 1272 1599 quiescens
1296 1558 1328 1588 in
1351 1556 1426 1588 Deo
1450 1562 1591 1598 propter
1614 1556 1848 1594 mediatorem,
1872 1566 1958 1598 quae
1981 1556 2079 1587 senti-

1093 1608 1146 1632 tur
1168 1601 1200 1631 in
1225 1601 1450 1638 credentibus,
1474 1606 1504 1630 et
1527 1600 1559 1630 in
1584 1600 1672 1631 veris
1694 1598 1866 1631 doloribus
1887 1599 1981 1630 affert
2001 1609 2078 1630 con-

1094 1643 1292 1675 solationem
1328 1649 1359 1674 et
1383 1641 1551 1674 laetitiam.
1600 1641 1683 1673 Saul
1719 1644 1824 1674 credit
1858 1642 1966 1673 Deum
2001 1651 2079 1672 esse

1094 1687 1252 1725 iudicem,
1286 1696 1354 1717 non
1377 1686 1481 1717 credit
1505 1696 1577 1717 eum
1603 1694 1679 1716 esse
1703 1686 1964 1717 misericordem.
2011 1684 2078 1716 Sed

1093 1730 1202 1761 David
1239 1730 1342 1760 credit
1373 1729 1469 1759 etiam
1494 1728 1718 1769 promissioni:
1755 1729 1913 1759 Dominus
1945 1728 2078 1759 abstulit

1092 1777 1261 1813 peccatum
1285 1777 1390 1803 tunm.-
1423 1771 1506 1802 Cum
1542 1772 1603 1802 ista
1639 1781 1724 1802 voce
1760 1770 1858 1803 simul
1882 1778 1932 1802 est
1957 1769 2075 1802 efficax

1093 1815 1196 1846 Filius
1220 1815 1282 1846 Dei
1305 1816 1337 1846 in
1362 1815 1464 1845 corde
1488 1813 1641 1851 Davidis„
1665 1815 1846 1845 ostendens
1872 1813 2077 1845 voluntatem

1094 1860 1214 1899 patriS‚
1249 1864 1280 1889 et
1303 1859 1386 1889 dans
1410 1858 1565 1898 Spiritum
1596 1862 1765 1895 sanctum,
1801 1857 1855 1899 qui
1878 1858 2025 1889 vivificat
2047 1862 2079 1888 et.

1094 1901 1253 1933 laetificat
1277 1911 1335 1932 cor
1358 1901 1480 1942 ipsius:
1514 1901 1611 1942 erigit
1645 1906 1678 1932 et
1708 1901 1891 1932 exsuscitat
1916 1911 2008 1940 eum,
2042 1906 2078 1931 ut

1095 1945 1157 1976 iam
1182 1945 1267 1976 ausit
1291 1944 1453 1975 accedere
1477 1950 1508 1975 et
1531 1944 1687 1975 invocare
1710 1943 1830 1975 Deum.

171 2106 293 2148 Estne
326 2110 509 2149 contritio
541 2111 674 2164 aliqua
706 2108 935 2151 sufficiens?
1263 2092 1372 2143 de
1405 2099 1466 2133 eSt
1497 2108 1604 2133 nova
1638 2092 1897 2134 ‘'’bedmnmae

1176 2184 1238 2216 Est
1260 2185 1356 2223 idem,
1379 2186 1467 2226 quod
1483 2184 1607 2216 Paulus
1632 2185 1721 2216 dicit:
1749 2186 1857 2217 Mz'h‘ta
1881 2185 1995 2216 bonam
2025 2186 2078 2215 mi-

150 2226 292 2262 Quando
319 2226 472 2268 Papistae
506 2227 633 2266 dicunt,
664 2235 818 2270 oportere
850 2239 924 2259 esse
949 2227 1039 2258 suffi-
1091 2229 1203 2267 liliam,
1226 2229 1369 2260 retinens
1389 2228 1484 2269 fldem
1507 2233 1536 2259 et
1561 2228 1672 2260 bonam
1696 2230 1931 2260 conscientiam.

66 2269 203 2299 cientem
227 2270 465 2307 contritionem,
488 2281 554 2302 non
577 2273 695 2310 scium,
718 2272 795 2313 quid
819 2272 939 2303 dicant.
980 2270 1039 2301 Est

65 2311 95 2341 in
129 2310 202 2342 aliis
237 2313 357 2348 maior,
394 2313 424 2344 in
454 2313 527 2345 aliis
562 2315 676 2346 minor.
723 2315 758 2346 ln
789 2314 917 2346 Danae
951 2314 1039 2344 haud

64 2354 160 2384 dubie
183 2353 244 2385 fuit
265 2366 402 2397 magna,
429 2367 502 2387 cum
527 2358 720 2400 obiurgatur
743 2370 762 2389 a
786 2358 952 2399 Propheta
976 2357 1040 2387 Na-

63 2395 152 2426 than.
197 2395 237 2426 Et
260 2397 473 2439 regulariter,
508 2410 572 2440 quo
596 2402 700 2433 maior
724 2408 775 2433 est
803 2403 950 2440 vocatio,
986 2401 1038 2433 vel

64 2437 208 2489 officium
233 2438 384 2478 hominis,
420 2448 452 2473 et
475 2453 539 2484 quo
561 2445 703 2477 maiores
728 2446 858 2477 divinae
881 2445 1040 2476 illumina-

64 2488 170 2512 tiones
195 2493 226 2512 m
250 2483 381 2514 homine
403 2485 512 2516 factae
535 2493 621 2525 sunt,
647 2498 686 2519 eo
711 2490 815 2520 maior
829 2496 861 2519 et
880 2489 1040 2519 intensior
1064 2499 1069 2506 ·

63 2531 115 2555 est
139 2523 244 2556 dolor.
291 2525 325 2556 In
349 2525 479 2559 Davide
502 2528 598 2561 dolor
622 2529 680 2562 fuit
709 2531 929 2568 sensibiliter3
965 2532 1040 2573 quia
1064 2512 1070 2574 Ι
1094 2555 1168 2576 „em

64 2574 132 2598 erat
166 2579 313 2620 magnus·
343 2569 518 2612 Propheta.
571 2573 626 2604 Sic
660 2573 873 2607 vehementer
908 2576 1042 2616 expavit

62 2609 236 2650 Ezechffls,
261 2623 314 2653 qut
337 2611 473 2645 clamat:
495 2616 586 2648 Sicut
608 2618 657 2649 leo
675 2619 827 2649 contrivit
845 2622 950 2650 omnia
967 2628 1043 2650 ossa

62 2663 143 2685 mea.
190 2654 241 2686 De
265 2656 451 2697 Augustino
474 2659 644 2699 scribitur,
668 2663 754 2704 quod
779 2661 902 2703 aliquot
926 2662 1043 2693 diebus

1094 2375 1311 2426 Quomodo
1336 2377 1524 2416 dividunt
1544 2376 1733 2430 Papistae
1760 2375 2050 2430 poenitentiam
2060 2376 2078 2416 ’ἔ

1180 2502 1214 2532 ln
1239 2501 1489 2540 Contritionem,
1514 2500 1787 2538 Confessionem,
1811 2508 1843 2532 et
1868 2500 2078 2533 Satisfactio-
