2343 2970
185 184 249 218 987

186 278 264 312 velit
290 277 385 309 nobis
411 275 532 308 adesse
552 285 612 306 suo
633 274 754 316 Spiritu
774 278 903 310 sancto,
927 278 959 303 et
973 280 1035 302 nos
1049 279 1167 313 regere
1190 288 1194 326 ἱ

186 329 220 354 et
241 321 432 364 gubernare
454 318 496 350 ad
521 317 661 349 nominis
686 317 737 348 sui
762 315 914 357 gloriam.
1191 334 1194 353 ς

274 364 354 395 Post
389 361 477 394 illam
502 370 618 393 vocem
653 358 776 390 Christi
805 357 923 391 mulier
957 356 1101 389 eluctata
1125 366 1166 387 ex

186 407 366 440 certamine
395 405 485 437 audit
514 402 791 435 consolationem:
818 401 948 439 Mulier,
978 410 1089 439 maqna
1119 402 1167 430 est

182 451 261 490 fides
286 453 337 479 tna
358 454 420 480 etc.
468 446 538 485 llla,
565 455 650 488 quae
674 445 845 477 resiscitur
879 444 992 482 micis,
1028 448 1079 475 est
1101 443 1166 473 iam

186 492 337 535 praelata
359 489 470 523 multis
494 491 526 520 in
550 488 666 527 Israel,
700 494 817 530 estque
846 487 911 519 hoc
947 485 1167 519 clarissimum

186 535 407 568 testimonium
430 533 616 565 vocationis
641 532 796 574 gentium.
838 530 910 564 Hac
933 539 1019 562 voce
1041 529 1167 561 audita:

195 579 285 612 Vade,
305 578 371 617 filia
401 580 453 606 tua
481 579 595 606 sanata
617 579 673 615 est,
708 575 932 606 accendamur
965 573 1008 604 ad
1035 572 1166 603 iuvoca-

189 622 322 654 tionem.

275 662 408 696 Certum
433 668 485 693 est
508 671 570 694 nos
596 661 715 702 recipi,
747 660 913 693 exaudiri.
943 658 1095 699 accipere
1118 666 1168 688 re-

188 707 379 740 missionem
401 711 617 747 peccatorum
651 709 684 735 et
717 702 781 735 alia
802 704 892 735 bona
922 699 1106 744 spiritualia
1135 701 1169 731 in

187 750 311 793 specie.
347 748 442 781 Bona
461 754 571 780 autem
594 746 782 789 corporalia
805 745 875 778 vult
899 746 979 777 dare
1003 754 1077 777 cum
1093 753 1169 775 con-

187 793 326 831 ditione,
350 792 378 823 si
401 802 468 823 non
499 800 637 833 prorsus
663 788 748 821 tollit
781 788 1000 826 calamitates,
1024 792 1168 819 attamen

187 836 307 868 saltem
331 836 468 877 mitigat.
515 833 758 865 Remissionem
786 837 1001 874 peccatorum
1027 835 1058 862 et
1081 830 1170 861 bonu

189 877 374 922 spiritualia
398 879 480 910 dare
509 875 579 910 vult
606 877 770 915 omnibus,
806 875 882 918 quia
916 879 993 906 sunt
1017 873 1170 906 omnibus

189 932 392 955 necessaria.

481 1022 708 1055 DOMINJCA
732 1021 878 1053 OCULl.

428 1090 702 1133 Evangelium
725 1090 862 1123 Lucae
888 1089 942 1121 11.

386 1151 492 1191 (conf.
515 1150 583 1184 vol.
606 1151 730 1183 XXIV.
755 1163 787 1193 p.
807 1150 872 1183 488
894 1152 984 1192 sqq.)

191 1275 314 1308 magua
336 1274 464 1302 musca,
487 1262 583 1298 Baal,
607 1263 641 1294 id
665 1270 728 1303 est,
752 1263 916 1302 dominus,
947 1268 980 1294 et
1003 1261 1116 1296 Zebub,
1141 1261 1173 1292 id

192 1315 256 1348 est,
279 1318 406 1347 musca,
430 1312 461 1339 et
486 1307 587 1339 credo
611 1317 678 1338 non
706 1312 829 1338 temere
857 1305 980 1339 factam
1004 1314 1081 1337 esse
1104 1314 1173 1336 mu-

192 1353 350 1385 tationem
379 1356 570 1393 postremae
598 1349 712 1382 literae
741 1350 758 1379 b
782 1351 814 1381 in
838 1349 859 1381 l.

192 1397 224 1428 4.
242 1395 372 1436 Regum
403 1401 454 1425 est
484 1392 602 1427 zebub,
637 1394 670 1424 in
698 1393 795 1425 Novo
825 1400 936 1425 autem
958 1391 1172 1424 Testamento

193 1444 244 1472 est
267 1437 371 1468 zebul.
416 1435 482 1468 Alii
507 1437 618 1468 dicunt
651 1436 727 1467 ideo
761 1435 881 1468 factam
916 1445 994 1468 esse
1021 1434 1173 1467 mutatio-

193 1492 285 1520 nem,
314 1480 401 1522 qued
425 1477 549 1511 Graeci
583 1477 707 1510 nullum
743 1489 861 1511 nomen
895 1479 1051 1516 habeant,
1086 1477 1174 1519 quod

194 1525 323 1557 desinat
358 1524 390 1554 in
414 1522 432 1551 l.
479 1522 556 1554 ldeo
587 1522 683 1553 etiam
716 1520 835 1553 Graeci
867 1519 1017 1553 fecerunt
1044 1519 1175 1560 Ἀννίβας

193 1578 254 1609 pro
272 1563 447 1597 Hannibal.
477 1565 544 1596 Sed
569 1565 670 1596 credo
682 1564 848 1595 Beelzebul
862 1564 986 1597 habere
1008 1564 1176 1606 propriam

195 1610 444 1647 derivationem,
474 1606 645 1639 sciliceta
670 1607 768 1646 Baal,
801 1608 833 1640 id
863 1613 914 1639 est
948 1608 1100 1639 dominus
1135 1616 1175 1639 ze,

194 1654 227 1685 id
250 1658 313 1690 est,
332 1653 416 1693 ipse,
441 1656 472 1682 et
490 1650 565 1687 Bul,
588 1651 621 1681 id
640 1655 703 1689 est,
728 1652 888 1689 turbator,
907 1651 1003 1693 quasi
1023 1649 1176 1682 dominus

195 1695 420 1728 turbationum
444 1693 497 1725 vel
519 1705 540 1725 a
563 1693 682 1729 Bulba,
710 1692 880 1734 confusor,
905 1693 1001 1736 quasi
1024 1693 1175 1725 dominus

195 1737 417 1776 confusionis,
453 1737 614 1776 insaniae,
650 1738 859 1769 turbationis.
903 1737 994 1769 Talis
1024 1743 1074 1768 est
1097 1735 1176 1767 Dia-

194 1780 306 1819 bolus,
331 1781 383 1823 qui
408 1786 457 1812 est
483 1780 634 1812 dominus
658 1780 894 1820 ιὶκαιασιασίας,
920 1781 975 1822 qui
996 1781 1105 1812 turbat
1125 1788 1175 1810 re-

195 1823 352 1867 ligionem
376 1830 407 1855 et
427 1824 701 1866 gubernationem
725 1824 904 1865 politicam,
928 1825 992 1855 imo
1017 1828 1119 1855 totam
1134 1822 1175 1853 vi-

195 1874 261 1900 tam
287 1872 443 1898 nostram.
494 1865 546 1898 De
572 1877 637 1908 quo
662 1868 704 1899 sit
728 1868 823 1899 nobis
847 1865 1034 1908 exemplum
1057 1865 1175 1897 tristis-

195 1912 314 1942 simum
338 1911 425 1952 regis
449 1909 711 1951 Anabaptistici,
746 1911 800 1953 qui
830 1911 975 1942 nominat
1000 1917 1031 1941 et
1061 1909 1175 1940 scribit

196 1964 235 1985 se
264 1963 377 1996 regem
412 1953 445 1983 in
480 1953 602 1994 templo
628 1952 700 1991 Dei,
732 1954 823 1986 duxit
852 1953 966 1996 plures
1003 1954 1174 1995 coniugeS,

819 178 931 209 PlllL.
956 175 1060 209 MEL.
1085 173 1272 207 SCRIPTA
1298 171 1561 205 EXEGETICA.

904 1349 940 1381 In
968 1347 1054 1380 libro
1087 1348 1173 1380 enim
1225 1348 1365 1379 taberna
1387 1347 1553 1379 meritoria
1577 1347 1685 1379 viator
1708 1352 1739 1379 et
1763 1344 1817 1378 alii
1841 1343 1942 1377 multi.

1198 1978 1202 2000 ἦ
1227 1959 1281 1984 tus
1304 1953 1336 1984 In
1360 1958 1485 1984 tantum
1509 1952 1621 1985 scelus
1646 1958 1764 1986 rueret.

2134 172 2199 206 988

1308 267 1480 300 Beelzebub
1503 265 1603 298 Turci
1626 266 1796 297 nominant
1818 265 2008 305 Sanderbec,
2038 272 2070 298 et
2094 267 2196 299 credo

1219 311 1310 342 Βααῐ
1341 321 1417 343 esse
1453 310 1538 343 idem
1574 309 1662 351 quod
1697 308 1814 340 Turcis
1838 308 1916 338 Bec.
1962 308 2124 342 Diabolus
2154 311 2199 343 im

1221 354 1321 387 volita
1344 355 1377 386 iu
1401 357 1478 386 aere
1538 353 1610 384 uasi
1639 361 1760 393 magna
1792 352 1924 394 agmina
1958 362 2135 388 musarum,
2165 357 2199 385 et

1220 399 1331 430 turbat
1356 397 1474 429 omnia.
1550 393 1646 427 aulus
1670 395 1815 426 nominat
1838 404 1911 426 eum
1934 395 2083 436 spiritum
2100 397 2199 432 aeris,

1219 442 1274 483 qui
1298 439 1443 482 impellat
1465 438 1618 471 homines
1643 437 1761 479 impios
1786 438 1830 469 ad
1853 437 1939 470 mala
1952 437 2063 470 multa.
2110 439 2199 475 Quo-

1219 484 1318 516 modo
1353 489 1461 516 autem
1490 480 1656 514 Diabolus
1691 480 1734 511 sit
1768 481 1799 512 in
1834 483 1929 519 aere,
1964 487 1996 512 et
2029 484 2201 523 perturbet

1220 527 1339 565 omnia,
1373 537 1436 558 nos
1460 536 1526 557 non
1551 533 1729 565 possumus
1754 523 1893 555 reddere
1922 524 2080 566 physicas
2104 535 2201 558 caus-

1220 581 1290 608 505,
1313 580 1376 602 1100
1400 578 1579 611 possumus
1602 567 1733 610 penitus
1765 567 1972 609 excogitare,
2005 576 2068 598 nos
2103 567 2201 601 debe-

1219 623 1292 645 mus
1316 613 1455 645 credere
1480 612 1667 653 scripturae
1697 615 1729 640 et
1753 611 1984 651 experientiae.
2032 609 2203 653 Scriptura

1221 655 1312 688 clare
1335 656 1428 687 dicit:
1451 655 1590 685 Satanas
1613 656 1773 693 inyressus
1789 657 1858 683 erat
1871 663 1926 682 cor
1937 653 2047 684 tudae.
2072 653 2201 687 Deinde

1222 700 1318 731 etiam
1342 700 1543 741 experientia
1574 703 1727 734 testatur,
1757 702 1836 738 quot
1860 695 2033 728 latrocinia
2056 698 2203 739 quotidie

1222 742 1300 774 fiant
1322 743 1354 774 in
1385 752 1458 784 sym
1483 742 1563 773 osiis
1600 748 1630 773 et
1660 739 1893 782 potationibus,
1930 740 1970 771 de
1997 749 2063 782 quo
2094 740 2203 773 dicam

1222 786 1319 818 vobis
1343 795 1460 826 exemp
1475 794 1526 816 um
1549 784 1661 816 miseri
1684 783 1826 814 hominis
1851 783 1917 814 vita
1929 781 2203 816 108010011οΒἰο-

1223 828 1314 867 bolo,
1338 828 1393 870 qui
1415 827 1548 870 Lipsiae
1571 825 1733 869 supplicio
1752 825 1893 857 affectus
1917 832 1980 857 est.
2025 824 2084 858 1110
2102 827 2202 859 homo

1223 871 1358 914 Lipsiae
1381 872 1414 903 in
1432 871 1592 903 suburbio
1615 871 1649 902 in
1673 870 1770 901 domo
1795 869 1966 901 cuiusdam
1990 868 2133 902 latuerat
2145 879 2205 911 per

1223 921 1328 947 totum
1352 914 1485 946 biduum
1509 915 1570 946 sub
1594 912 1713 951 scalis,
1742 917 1922 954 expectans
1953 911 2097 955 aliquam
2121 922 2205 945 com-

1223 959 1413 990 moditatem
1436 956 1578 989 faciendi
1598 955 1806 988 homicidium
1829 965 1869 987 ac
1893 953 2076 997 spoliandi,
2105 965 2206 998 quam

1224 1007 1344 1034 nactus
1364 999 1527 1033 interfecit
1551 1001 1658 1042 ipsum
1681 998 1858 1041 hospitem,
1880 1008 1922 1031 ac
1939 997 2096 1040 spoliavit
2119 1008 2205 1032 eum.

1224 1043 1395 1076 Homicida
1419 1050 1539 1085 postea
1563 1049 1679 1085 captus
1704 1048 1773 1079 est3
1797 1040 1852 1073 ille
1875 1042 2062 1075 testabatur
2084 1051 2121 1074 se
2144 1051 2206 1085 per

1224 1092 1328 1120 totum
1350 1086 1433 1119 illud
1457 1087 1603 1126 biduum,
1628 1097 1693 1129 quo
1719 1085 1852 1117 sederat
1875 1082 1960 1116 infra
1983 1085 2126 1127 gradus,
2150 1095 2206 1118 au-

1196 1155 1201 1171 ,
1226 1131 1350 1163 divisse
1374 1140 1491 1162 vocem
1515 1131 1656 1173 quadam
1680 1134 1907 1161 susurrantem
1937 1126 1998 1159 issi:
2027 1129 2089 1158 Abi
2110 1132 2140 1159 et
2162 1130 2206 1159 tn·

1197 1175 1201 1216 1
1225 1175 1327 1214 ter-fiee
1344 1174 1506 1213 hospitem,
1531 1174 1638 1206 donec
1662 1174 1694 1204 in
1718 1181 1802 1213 opus
1825 1171 1956 1212 prodiit.

278 1221 447 1252 Beelzebub
462 1219 516 1252 vel
528 1219 715 1254 Βααῖιείιιιὸ,
739 1221 772 1252 id
792 1226 854 1258 est,
873 1229 1014 1262 magnus
1039 1219 1172 1256 crabro,
1198 1222 1201 1234 ¹

1312 1217 1369 1249 Sic
1392 1218 1489 1249 etiam
1513 1227 1587 1249 cum
1611 1227 1720 1249 essem
1743 1215 1928 1257 Tubingae‚
1951 1215 2017 1246 vidi
2042 1215 2209 1257 quendam

1225 1259 1387 1302 supplicio
1411 1258 1510 1301 affici,
1534 1262 1588 1302 qui
1607 1260 1819 1292 interfecerat
1844 1257 2009 1301 quendam
2039 1259 2092 1291 cui
2115 1266 2209 1290 mon·

1224 1309 1333 1336 strare
1356 1304 1513 1336 debuerat
1537 1304 1600 1336 iter
1617 1314 1676 1346 per
1698 1301 1827 1335 silvam.
1885 1301 2051 1333 Sederunt
2080 1302 2148 1334 una
2176 1301 2211 1333 in

1996 1343 2115 1377 Viator
2143 1354 2211 1376 non

1224 1396 1364 1422 noverat
1386 1391 1471 1422 viam
1494 1401 1555 1432 per
1577 1389 1708 1429 silvam,
1738 1395 1770 1421 et
1793 1395 1890 1431 rogat
1915 1397 2017 1420 unum
2041 1392 2210 1430 compota-

1225 1432 1333 1465 torum
1356 1444 1502 1471 suorum,
1525 1439 1560 1465 ut
1582 1434 1645 1465 sibi
1669 1437 1870 1464 monstraret
1898 1432 2001 1465 viam,
2028 1441 2113 1473 quae
2136 1440 2210 1473 pro-

1225 1476 1312 1508 xima
1335 1482 1426 1508 esset
1445 1475 1617 1518 Tubingae
1627 1487 1636 1513 3
1670 1475 1725 1508 ille
1756 1474 1943 1518 pollicetur.
1991 1473 2074 1506 Cum
2103 1474 2211 1506 venis-

1227 1524 1300 1551 sent
1324 1520 1365 1551 ad
1389 1518 1519 1556 silvam,
1544 1529 1656 1550 comes
1679 1519 1770 1550 iuvet
1796 1519 1954 1549 viatorem
1987 1517 2192 1558 praecedere
2201 1527 2211 1557 ς

1226 1563 1333 1594 viator
1356 1570 1467 1593 autem
1490 1560 1567 1593 nihil
1588 1563 1764 1604 suspicans
1789 1559 1875 1595 mali,
1899 1562 2006 1602 praeit
2037 1567 2070 1593 et
2099 1571 2119 1593 a
2149 1569 2211 1592 suo

1228 1605 1347 1637 comite
1370 1604 1566 1636 interficitur
1589 1611 1620 1636 et
1644 1603 1819 1647 spoliatur,
1842 1612 1874 1636 et
1896 1603 1977 1635 nihil
1995 1604 2059 1636 nisi
2082 1610 2212 1645 septem

1226 1658 1378 1680 nummos
1403 1649 1490 1690 apud
1514 1658 1587 1680 eum
1612 1649 1745 1687 imenit,
1771 1654 1988 1690 separaverat
2016 1658 2053 1679 se
2076 1647 2211 1680 multum

1227 1692 1387 1734 pecuniae
1410 1691 1496 1733 apud
1527 1701 1599 1723 eum
1624 1692 1903 1727 interventurum3
1938 1690 1995 1724 ille
2026 1691 2211 1735 ingreditur

1228 1736 1344 1767 iterum
1383 1734 1560 1776 hospitum.
1622 1734 1787 1766 Postridie
1825 1735 1991 1766 invenitur
2024 1733 2079 1766 ille
2112 1735 2212 1766 miser

1200 1777 1325 1810 ·h0mo
1351 1779 1498 1815 occi-*1153
1533 1783 1713 1810 accurrunt
1745 1778 1898 1809 homines
1933 1779 1975 1809 ad
2015 1777 2124 1818 illum,
2155 1778 2211 1821 qui

1227 1823 1387 1854 viatorem
1412 1822 1510 1854 istum
1535 1825 1682 1856 occisum
1707 1823 1898 1862 deduxerat,
1921 1821 1975 1854 hic
1999 1823 2109 1854 statim
2132 1832 2211 1855 con-

1228 1865 1357 1904 fitetur,
1388 1872 1418 1897 et
1454 1867 1571 1898 ductus
1597 1867 1628 1898 in
1660 1877 1828 1899 carcerem
1863 1865 2026 1908 supplicio
2056 1864 2210 1898 afficitur.

1226 1909 1275 1941 lta
1298 1907 1462 1941 Diabolus
1487 1919 1559 1942 eum
1583 1909 1817 1949 fascinaverat,
1841 1917 1876 1941 ut
1900 1919 2040 1952 prorsus
2065 1909 2115 1940 sui
2129 1907 2210 1940 obli-

1809 1952 1902 1985 Talia
1932 1951 2083 1994 exempla
2111 1951 2210 1985 hodie

196 2006 296 2030 unam
314 1994 490 2034 interfecit,
517 2002 547 2027 et
583 1995 646 2027 alia
677 1996 777 2029 multa
807 1996 938 2028 scelera
972 1997 1175 2045 pei-patravit
1198 2003 1203 2031 ι
1226 1995 1328 2028 multa
1352 1996 1474 2038 ubique
1498 1997 1663 2028 accidunt.

194 2038 402 2077 Mouasterii,
427 2038 519 2070 finxit
544 2040 687 2070 visiones
714 2039 907 2081 diabolicas,
931 2041 1051 2082 quibus
1076 2039 1174 2071 fasci·
1198 2037 1203 2087 Ι

195 2083 287 2114 navit
310 2080 431 2123 vulgus
456 2082 498 2113 ad
522 2084 785 2115 conservandam
809 2085 935 2122 urbem,
960 2094 1002 2114 ne
1016 2083 1175 2114 dederent
1199 2090 1202 2108 ¹

195 2136 269 2158 eam
291 2124 457 2163 hostibus,
480 2130 515 2156 ut
537 2125 635 2156 etiam
659 2131 781 2158 tantam
806 2125 925 2158 samem
938 2126 1030 2168 passi
1044 2127 1119 2164 sint,
1139 2130 1175 2157 ut

197 2169 305 2200 coacti
329 2169 395 2198 sint
418 2167 592 2199 comedere
618 2169 751 2201 corium.
782 2170 838 2201 Sic
861 2170 893 2201 in
918 2170 1092 2202 obsidione
1104 2168 1174 2201 Du·
1199 2185 1202 2191 >

195 2212 272 2244 meti
295 2222 315 2243 a
338 2217 432 2252 patre
454 2210 667 2250 Hannibalis,
692 2218 824 2244 ventum
850 2219 900 2244 est
922 2213 965 2245 ad
986 2213 1174 2244 decimatio-

195 2265 272 2287 nem
295 2253 440 2292 militum,
464 2255 520 2286 ubi
544 2264 676 2296 semper
701 2256 847 2288 decimus
872 2263 964 2288 sorte
979 2254 1174 2287 interiectus
1198 2257 1201 2299 Ι

196 2303 264 2332 est,
292 2304 327 2330 ut
351 2295 422 2329 aliis
459 2304 549 2329 esset
585 2298 693 2330 victui·
742 2299 792 2330 An
826 2311 892 2331 non
920 2299 985 2331 hoc
1015 2305 1067 2330 est
1096 2309 1174 2331 esse

195 2340 380 2382 βεεὶζεβούλ,
404 2341 606 2372 turbatorem
629 2341 731 2374 totius
760 2343 891 2384 generis
918 2341 1075 2375 humani‘.2
1118 2341 1174 2373 Sic

196 2383 293 2415 etiam
315 2381 399 2415 libro
423 2384 453 2414 4,
484 2383 622 2426 Regum,
646 2394 705 2416 rex
726 2383 832 2417 lsrael
851 2386 945 2417 mittit
970 2385 1174 2418 sciscitatum

196 2427 240 2458 ud
263 2424 343 2458 illud
366 2424 507 2458 alienum
537 2438 658 2459 numen
693 2433 725 2459 et
757 2427 881 2460 idolum
905 2427 1111 2467 Beelzebub,
1142 2428 1175 2459 id
1199 2448 1202 2457 .

197 2474 268 2508 est,
308 2469 473 2502 dominum
518 2480 706 2504 muscarum
747 2481 808 2504 seu
849 2482 1003 2513 magnum
1041 2472 1175 2502 crabro-

196 2521 283 2544 nem.
329 2512 382 2557 An
409 2523 476 2545 non
499 2513 565 2545 hoc
594 2512 653 2546 fuit
684 2525 840 2557 magnum
863 2520 1055 2557 peccatum,
1085 2515 1175 2556 quod

196 2565 257 2587 rex
289 2552 394 2587 israe]
426 2555 483 2594 ibi,
518 2557 572 2588 ubi
603 2563 673 2589 erat
704 2558 817 2590 notitia
842 2568 923 2590 vera
945 2556 1028 2595 Dei,
1052 2562 1084 2588 et
1108 2562 1175 2589 tam

195 2607 357 2640 expresse
375 2599 504 2640 positae
516 2600 754 2641 promissiones
768 2608 799 2633 et
812 2600 1096 2638 comminationes,
1103 2600 1174 2632 mit-

196 2646 243 2673 tat
266 2641 308 2673 ad
332 2640 412 2674 illud
436 2641 581 2675 idolum?
610 2645 699 2686 quod
724 2650 775 2676 est
798 2654 926 2677 summa
948 2643 1109 2686 impietas.

1314 2039 1426 2070 Oretis
1449 2039 1547 2082 igitur
1570 2039 1670 2071 filium
1694 2039 1768 2078 Dei,
1788 2039 1967 2071 Dominum
1990 2044 2139 2071 nostrum
2162 2036 2208 2071 Ie-

1227 2091 1299 2113 sum
1324 2081 1506 2121 Christum,
1542 2088 1577 2114 ut
1610 2085 1681 2124 ipse
1705 2093 1766 2114 nos
1791 2081 1948 2115 defendat
1980 2088 2096 2114 contra
2129 2082 2207 2114 insi-

1227 2125 1299 2157 dias
1320 2124 1473 2162 Diaboli3
1503 2127 1591 2158 venit
1619 2127 1705 2157 enim
1728 2126 1818 2167 ipse,
1852 2131 1886 2157 ut
1922 2127 2073 2157 destruat
2105 2136 2209 2167 opera

1226 2167 1373 2200 Diaboli.
1431 2168 1549 2200 Petrus
1584 2168 1784 2201 horribiliter
1818 2180 1891 2201 eum
1925 2169 2089 2211 depingit,
2130 2168 2210 2200 dicit

1228 2222 1301 2243 eum
1331 2221 1392 2243 nos
1429 2212 1620 2250 circumire,
1649 2213 1735 2244 sicut
1769 2212 1823 2243 leo
1854 2213 2007 2255 rugienS,
2043 2221 2207 2253 quaerens

1227 2265 1323 2297 quem
1348 2255 1497 2286 devoret.
1542 2255 1653 2297 lpsam
1676 2255 1858 2287 Diabolum
1882 2261 1983 2287 vocat
2016 2254 2146 2287 leonem
2175 2262 2207 2287 et

1227 2299 1422 2340 rugientem,
1446 2307 1482 2329 er
1501 2298 1604 2329 mach!
1629 2298 1713 2330 nicht
1737 2301 1805 2330 eine
1825 2298 1919 2340 [lie-qe
1943 2307 2002 2329 aus·
2027 2298 2097 2330 ihm.

1315 2341 1398 2373 Sunt
1428 2341 1545 2372 deinde
1581 2343 1677 2373 etiam
1707 2340 1771 2373 alia
1799 2343 1931 2373 nomina
1968 2341 2154 2382 composita
2187 2350 2207 2372 a

1227 2384 1326 2422 Baal,
1351 2391 1385 2416 ut
1410 2384 1601 2423 Baltlmsar,
1625 2385 1656 2416 id
1681 2391 1742 2423 est,
1767 2385 1918 2416 dominus
1942 2383 2095 2420 militiae;
2119 2382 2210 2415 Baal

1227 2428 1312 2460 enim
1332 2428 1484 2458 dominus
1508 2434 1558 2459 est
1582 2433 1613 2459 et
1636 2428 1704 2460 Sar
1726 2426 1847 2460 militia.
1894 2427 1951 2460 Sic
1974 2427 2152 2466 Asdrubal,
2174 2426 2210 2458 id

1228 2476 1290 2508 est,
1315 2470 1467 2502 dominus
1489 2470 1612 2510 auxilii,
1640 2472 1768 2503 habens
1796 2469 1971 2507 auxilium3
1997 2476 2028 2501 et
2056 2471 2140 2501 idem
2167 2469 2209 2500 si·

1229 2513 1387 2545 onificant
1410 2513 1598 2545 Alexander
1620 2520 1652 2546 et
1676 2517 1842 2555 Amyntas.
1889 2513 1945 2545 Sic
1967 2513 2117 2545 Lazarue
2147 2522 2208 2554 pro

1228 2540 1379 2594 ἳἸεαεατ,
1403 2557 1433 2588 id
1459 2562 1522 2596 est,
1545 2556 1702 2589 auxilium
1726 2557 1798 2589 Dei.
1848 2557 1956 2588 Rz‘tter
1984 2555 2209 2598 germanicum

1229 2599 1397 2643 significat
1419 2600 1468 2631 ein
1491 2604 1603 2639 retter,
1627 2600 1659 2632 id
1682 2605 1747 2639 est,
1771 2601 1827 2643 qui
1853 2598 1989 2638 liberat,
2012 2598 2077 2630 hoc
2106 2598 2208 2641 signi-

1229 2642 1307 2676 fleat
1331 2642 1532 2676 Alexander.
1584 2643 1766 2683 Hannibal,
1795 2643 1827 2675 id
1856 2649 1924 2682 est,
1959 2642 2089 2675 hamum
2119 2640 2208 2681 baal,
