2343 2970
112 179 173 212 681

113 276 195 308 lzeist
212 273 273 315 offt
295 272 432 305 sckteclzt
454 273 620 310 nativum,
642 272 886 313 incorruptum,
908 272 1090 304 sincerum:

113 325 161 358 ut,
183 320 309 350 Aurum
331 315 485 353 electum,
509 316 597 357 qnod
620 321 672 347 est
694 325 822 356 purum,
846 316 1024 353 sincerum,
1043 316 1089 346 in—

115 368 322 402 corruptum,
352 359 431 391 aber
459 369 492 390 es
521 360 579 400 liyt
606 359 710 390 niclzts
737 359 831 389 dran.
876 357 963 389 Nolo
991 368 1090 399 quae-

114 415 189 437 rere
213 403 343 445 effugia,
380 402 456 444 quia
490 401 570 434 illud
605 403 726 443 ipsum
746 401 911 432 sincerum
941 408 991 433 est
1014 402 1091 439 hoc,

115 447 204 490 quod
227 453 279 478 est
301 446 341 476 ab
365 451 505 477 aeterno
529 444 681 477 electum.
727 442 785 474 llla
809 445 991 485 propositio
1011 454 1091 476 vera

115 496 186 522 est:
210 490 269 522 Est
292 493 428 520 aeterna
445 489 577 525 electio5
600 493 633 519 et
656 494 763 519 tamen
787 493 896 518 manet
914 487 998 519 haec
1011 498 1092 529 quo-

114 543 178 576 que
212 532 395 574 propositio
419 541 514 562 vera:
548 531 621 562 Nos
648 540 711 562 non
733 530 847 561 debere
869 540 1030 571 quaerere
1051 530 1092 561 de

114 577 274 614 electione,
297 576 364 607 siue
382 575 480 606 verbo
503 574 578 612 Dei,
597 575 647 606 vel
664 577 760 605 extra
781 573 912 605 verbum
930 573 1004 604 Dei.

199 617 252 650 De
276 617 440 650 electione
463 618 562 660 igitur
585 616 670 648 hanc
693 615 957 648 consolationem
968 622 1089 654 tenete,

114 669 147 696 et
157 661 472 704 affigitementibuS,
495 670 580 702 quae
603 668 655 692 est
677 661 710 691 in
729 660 831 690 dicto:
854 659 1090 697 Beatt'mortai,

113 707 171 748 qui
191 707 223 736 ἱη
248 705 388 736 Domino
409 705 608 735 moriuntur:
632 703 664 734 id
692 709 754 740 est,
779 703 807 732 si
831 713 1029 743 perseveras
1058 704 1091 733 in

114 747 192 786 fide,
225 748 297 779 sine
324 746 392 778 ulla
417 747 634 784 dubitatione,
667 756 704 777 85
729 744 868 777 electus.
915 745 963 777 Tu
988 746 1091 777 debes

114 798 274 829 statuere,
296 791 353 821 tibi
378 790 495 821 remitti
517 795 668 830 peccata,
690 789 718 819 si
743 789 815 831 agis
839 789 1090 830 poenitentiarii:

114 845 182 867 non
204 833 325 875 loquor
356 833 396 864 de
424 831 506 870 illis,
535 832 589 873 qui
623 841 689 863 non
718 838 822 874 agunt
844 833 1090 872 poenitentiam,

115 878 170 920 qui
203 882 419 918 perseverant
459 875 491 906 iu
527 873 655 906 delictis
689 882 806 906 contra
843 875 1089 906 conscientiam.

114 920 215 952 Tales
239 925 329 950 certo
353 918 459 949 sciant
482 928 520 950 se
543 916 719 958 displicere
742 918 833 956 Deo,
868 919 959 949 iuxta
994 916 1090 949 illud:

113 964 259 1002 Propter
281 962 340 993 1108
366 962 452 992 ‘venit
482 962 536 992 ira
558 961 624 992 Det
648 971 747 1002 super
769 961 852 1003 filios
878 965 1089 992 contumaces.

112 1006 188 1038 Das
210 1006 273 1036 solt
295 1004 348 1036 ihr
370 1003 601 1036 universaliter
623 1005 778 1035 nzerclcen.
824 1004 959 1043 Contra,
972 1002 1017 1035 illi
1036 1004 1090 1045 qui

113 1054 215 1090 agunt
238 1047 486 1088 poenitentium,
520 1048 575 1088 qui
599 1053 787 1079 sustentant
809 1058 847 1079 se
870 1047 950 1082 fide,
983 1048 1092 1078 sciantv

113 1093 186 1124 sine
212 1090 280 1123 ulla
315 1090 531 1128 dubitatione,
567 1090 673 1122 Deum
703 1091 764 1122 sibi
796 1091 972 1131 propitium
1001 1100 1090 1128 esse,

113 1141 146 1166 et
169 1144 207 1165 se
229 1139 382 1175 receptos
407 1143 498 1169 esse3
522 1139 555 1164 et
577 1134 709 1174 quando
733 1140 950 1175 perseverant
969 1134 1000 1164 in
1015 1133 1090 1171 fide,

113 1184 146 1210 et
168 1178 216 1208 sic
235 1177 408 1208 discedunt
432 1178 503 1208 sine
516 1175 584 1207 ulla
607 1177 822 1213 dubitatione,
847 1182 924 1208 sunt
947 1176 1091 1207 membra

114 1226 271 1252 aeternae
293 1218 477 1256 Ecclesiae,
501 1225 579 1250 sunt
601 1218 708 1257 electi,
731 1222 788 1251 wt'e
811 1220 871 1250 der
901 1223 965 1250 text
995 1223 1090 1260 sayt:

115 1264 182 1301 Qui
209 1265 433 1303 perseveravit
467 1272 564 1303 nsque
595 1263 627 1293 in
649 1263 761 1335 finem,
796 1263 847 1293 hic
879 1263 990 1293 sulcus
1018 1263 1090 1293 erit.

114 1306 205 1338 Haec
229 1312 280 1336 est
302 1304 401 1337 valde
426 1306 513 1337 bona
542 1315 645 1336 conso
662 1306 744 1343 atio,
773 1315 839 1347 qua
867 1303 956 1336 nulla
986 1305 1091 1336 maior

114 1355 179 1387 est,
202 1348 368 1386 videlicet,
398 1354 433 1380 ut
456 1349 506 1379 sic
536 1348 576 1379 de
600 1347 762 1380 electione
785 1359 848 1379 nos
868 1347 1090 1383 consolemur,

112 1398 148 1424 ut
171 1392 315 1423 sciamus
339 1392 411 1422 sine
434 1390 490 1421 ille
514 1391 726 1429 dubitatione,
760 1398 899 1432 agentes
922 1391 1091 1433 poeniten-

111 1435 200 1473 tiam,
223 1444 300 1466 esse
322 1442 482 1476 acceptos
501 1439 636 1475 propter
660 1433 793 1465 Filium:
817 1440 850 1466 et
872 1444 1090 1475 perseveran-

112 1484 163 1509 tes
188 1478 219 1509 in
242 1476 306 1508 liac
336 1476 400 1508 fide
429 1478 501 1508 sine
531 1476 598 1508 ulla
623 1478 824 1509 dubitatione
848 1488 925 1508 esse
949 1476 1088 1508 electos.

112 1519 213 1551 {stam
237 1519 498 1552 consolationem
522 1521 662 1552 retinere
689 1521 828 1558 debetis,
853 1526 885 1552 et
909 1521 949 1551 de
972 1519 1090 1552 volun·

113 1569 181 1594 tate
204 1562 266 1593 Dei
288 1563 437 1594 iudicare
467 1573 507 1594 ex
531 1565 633 1594 verbo
657 1562 740 1601 Dei,
774 1571 805 1595 et
835 1575 901 1594 non
931 1573 1090 1605 quaerere

114 1604 197 1636 alias
221 1604 477 1646 speculationes.
524 1605 617 1637 Deus
641 1606 798 1647 patefecit
823 1617 916 1638 suum
942 1606 1090 1638 volunta-

113 1654 196 1680 tem:
220 1647 290 1679 vult
313 1649 451 1689 agnosci
475 1658 533 1688 per
558 1647 694 1685 Filium‚·
720 1656 752 1680 et
780 1660 845 1680 11011
877 1648 982 1680 aliter.
1029 1649 1090 1680 Su-

114 1697 295 1722 §tentemus
331 1701 393 1722 nos
426 1690 489 1722 hac
523 1690 765 1729 consolatione,
789 1691 853 1722 hac
876 1703 960 1723 voce
983 1692 1090 1723 Evan-

115 1733 205 1776 gelii,
225 1740 257 1765 et
280 1734 425 1765 sciamus
450 1745 515 1765 non
539 1744 616 1765 esse
639 1735 872 1766 accessumad
884 1734 1003 1772 Deum,
1027 1736 1090 1765 nisi

114 1776 380 1818 apprehensione
403 1775 491 1813 Filii3
520 1778 606 1808 sient
631 1778 671 1808 de
695 1778 928 1808 iustificatione
952 1778 1090 1820 cogitas,

114 1820 201 1851 sicut
234 1820 352 1851 statuis
387 1826 419 1851 te
453 1829 530 1851 esse
563 1820 683 1852 iustum
714 1826 848 1861 proptor
871 1819 987 1852 filium
1011 1820 1091 1852 Dei:

113 1862 162 1893 Ita
186 1863 288 1893 debes
319 1868 466 1894 statuere
490 1869 522 1894 te
545 1873 622 1894 esse
652 1862 793 1895 electum
817 1870 952 1904 propter
974 1862 1091 1894 Filium

113 1905 188 1943 Dei,
213 1911 245 1936 et
268 1915 333 1936 non
358 1915 518 1946 quaerere
539 1905 622 1937 alias
646 1905 904 1947 speculationes,

358 1999 419 2031 EX
442 2000 548 2031 ALIA
573 2000 660 2031 RHA
669 2000 841 2032 l'SODIA.

201 2074 273 2106 Hoc
295 2074 511 2118 Evangelium
543 2085 593 2108 est
618 2077 804 2109 testificatio
829 2078 870 2109 de
894 2076 1092 2109 collectione

113 2116 298 2156 Ecclesiae,
319 2129 425 2160 usque
447 2121 489 2151 ad
513 2120 621 2156 finem,
646 2120 698 2152 vel
723 2131 829 2162 usque
853 2122 894 2152 ad
918 2128 1090 2152 venturum

113 2161 284 2198 iudicium3
305 2167 339 2192 et
361 2161 458 2193 simul
476 2163 616 2204 pictura,
646 2165 724 2206 quid
749 2164 822 2202 fiat,
846 2165 1011 2206 quomodo
1035 2174 1089 2195 ac-

115 2204 254 2244 cipiatur
276 2203 491 2246 Evangelium
515 2207 547 2237 in
570 2209 704 2245 mundo,
738 2208 826 2249 quod
857 2208 999 2238 mundus
1022 2218 1089 2238 non

114 2247 224 2278 audiat
247 2254 280 2278 et
303 2247 476 2280 interficiat
500 2250 670 2289 docentes,
693 2258 726 2281 et
749 2251 836 2292 quod
860 2257 967 2281 tamen
985 2250 1089 2282 mittat

113 2287 207 2320 Deus
230 2290 388 2322 immensa
407 2292 552 2323 bonitate
582 2294 614 2324 in
642 2303 756 2325 onmes
781 2295 864 2331 vias,
894 2300 927 2325 et
956 2292 1089 2334 colligat

113 2330 299 2364 Ecclesiam
334 2344 374 2364 ex
408 2335 471 2366 ista
504 2335 690 2368 miserabile
723 2336 930 2369 multitudine
955 2337 1087 2377 generis

113 2372 259 2406 humani:
294 2377 382 2417 quod
410 2385 462 2409 est
491 2389 645 2419 magnum
673 2379 878 2412 miraculum.
924 2379 1088 2421 Cogitate,

114 2423 272 2457 quantum
290 2420 537 2460 turpitudinum,
550 2420 730 2461 libidinum,
742 2430 775 2455 et
787 2421 963 2460 scelerum,
983 2422 1088 2453 omnis

114 2461 248 2502 generis
270 2460 368 2494 fuerit
391 2463 527 2499 Romae,
551 2466 682 2506 quando
706 2465 830 2498 Paulus
855 2466 897 2497 ibi
921 2466 1043 2503 docuit,
1056 2472 1088 2496 et

68 2527 71 2531 ,
113 2509 222 2535 tamen
235 2503 329 2536 Deus
352 2506 395 2537 ibi
419 2506 554 2548 collegit
571 2507 766 2541 Ecclesiam.
807 2508 866 2540 llla
891 2509 1020 2540 bonitas
1032 2508 1088 2539 im-

113 2557 229 2578 mensa
252 2554 284 2578 et
306 2548 536 2582 inenarrabilis
567 2561 632 2582 non
662 2557 770 2592 potest
797 2553 879 2584 satis
905 2551 1087 2593 praedicari

112 2599 173 2639 pro
196 2591 432 2631 magnitudine.
467 2592 533 2625 Sed
557 2604 694 2636 agamus
717 2594 792 2627 Deo
817 2595 951 2638 gratiaS,
965 2600 995 2626 et
1008 2604 1087 2626 con·

114 2633 264 2665 hteamur
288 2633 475 2670 articulum:
500 2637 607 2670 Credo
629 2638 804 2671 Ecclesiam
820 2638 1022 2670 catholicam.
1045 2637 1087 2669 Et

796 175 1013 209 POSTILLA
1035 174 1433 208 MELANTHONIANA.

2054 174 2122 206 682

1144 271 1326 308 discamus,
1349 270 1405 311 qui
1428 269 1493 301 sint
1517 270 1592 301 viva
1615 275 1647 301 et
1666 279 1745 301 vera
1768 270 1915 301 membra
1933 267 2122 301 Ecclesiae:

1143 312 1210 352 vel,
1229 314 1317 356 quod
1340 314 1427 345 idem
1451 319 1514 351 est,
1537 314 1592 355 qui
1614 313 1681 344 sint
1705 323 1784 344 vere
1808 312 1916 345 electi.

1142 412 1262 453 Unde
1310 411 1477 462 scimus,
1530 411 1641 464 quod
1685 411 1810 450 homo
1857 410 1905 450 sit
1949 410 2124 450 electus?

1278 471 1398 513 Unde
1430 471 1552 512 tuscis
1592 477 1633 511 te
1668 485 1755 511 esse
1788 469 1988 512 electum?

1230 554 1426 586 Omittamus
1459 552 1543 584 alias
1583 553 1825 594 disputationes
1866 553 1908 584 de
1949 551 2124 584 electione.

1143 598 1215 629 Nos
1249 598 1410 629 debemus
1443 597 1590 628 iudicare
1624 597 1665 627 de
1698 595 1862 628 electione
1892 607 1910 627 a
1935 596 2123 634 noster-iori-

1145 641 1271 672 Omnes
1294 641 1404 682 igitur,
1433 640 1488 682 qui
1514 638 1730 671 consolantur
1764 650 1801 670 se
1829 639 1910 677 fide,
1946 645 1977 670 et
2011 649 2125 680 perse·

1143 690 1261 715 verant
1284 684 1315 714 in
1339 683 1561 720 invocatione,
1586 682 1667 720 fide,
1702 689 1732 713 et
1758 681 1989 714 consolatione
2012 681 2068 713 illa
2092 683 2124 712 in

1144 726 1254 765 finem,
1282 725 1328 757 illi
1352 731 1427 757 sunt
1451 724 1558 756 electi.
1614 725 1685 756 Nos
1709 726 1868 756 debemus
1902 725 1934 755 in
1959 725 2126 766 praesenti

1144 771 1225 801 certi
1248 780 1338 807 esse,
1369 770 1411 800 de
1434 769 1600 809 praesenti
1630 767 1902 800 reconciliatione
1933 778 2006 799 cum
2030 768 2124 805 Deo;

1144 814 1186 844 de
1208 812 1370 844 electione
1393 813 1575 843 iudicemus
1599 821 1618 842 a
1636 812 1827 853 posteriori:
1850 812 1882 842 id
1907 818 1970 849 est,
1993 822 2035 843 ex
2054 822 2122 852 per—

1144 855 1343 887 severantia.
1399 855 1515 896 Neque
1539 855 1613 886 dico
1647 855 1688 885 de
1712 853 1766 885 tali
1791 855 2054 896 perseverantia,
2090 860 2125 885 ut

1143 898 1262 941 aliquis
1287 909 1352 930 non
1376 897 1507 929 labatur
1530 896 1725 939 8118υᾶηάος
1754 897 1863 929 David
1898 897 1955 929 fuit
1985 896 2124 935 electus,

1144 948 1176 973 et
1199 949 1307 973 tamen
1331 940 1445 982 lapsus
1477 946 1538 972 est.
1591 941 1658 972 Sed
1682 940 1759 973 licet
1783 942 1825 972 sit
1848 940 1981 982 lapsus,
2016 946 2126 971 tamen

1143 986 1239 1017 rediit
1270 986 1310 1016 ad
1346 984 1588 1026 poenitentiam.
1647 983 1708 1015 Est
1741 985 1772 1014 in
1809 982 1940 1015 illorum
1974 993 2123 1021 numero,

1145 1029 1185 1060 (18
1208 1029 1328 1070 quibus
1353 1028 1485 1059 dicitur:
1521 1029 1617 1059 Beati
1638 1030 1694 1068 qui
1721 1030 1754 1058 in
1778 1029 1913 1059 Domino
1937 1028 2125 1058 moriuntur.

1144 1126 1263 1167 Unde
1302 1126 1422 1180 igitur
1467 1125 1657 1175 iudicem,
1705 1125 1815 1178 quod
1861 1125 1935 1164 sim
1975 1124 2125 1165 electus

1389 1187 1441 1225 ad
1472 1186 1599 1225 vitam
1632 1185 1874 1225 aeternam?

1231 1259 1425 1301 Dupliciter.
1469 1260 1497 1297 l,
1522 1260 1554 1290 in
1578 1260 1765 1300 praesentia
1788 1260 1889 1290 debes
1914 1269 1989 1290 esse
2014 1266 2125 1291 certus

1145 1305 1186 1335 (18
1216 1304 1383 1344 praesenti
1415 1303 1552 1340 iustitia,
1585 1304 1646 1334 (las
1680 1306 1723 1333 isc
1753 1304 1815 1334 das
1848 1304 2023 1341 Inslefi'cate
2053 1304 2125 1342 fide,

1140 1357 1255 1388 pacem
1284 1348 1445 1378 habemus.
1490 1346 1521 1383 2,
1553 1345 1684 1386 quando
1716 1356 1916 1385 perseveras
1952 1347 1983 1376 in
2014 1347 2124 1386 poeni-

1144 1390 1244 1421 tentia
1268 1395 1299 1420 et
1323 1400 1401 1420 vera
1426 1388 1507 1426 fide,
1542 1394 1621 1420 tunc
1655 1398 1773 1419 revera
1797 1399 1834 1419 es
1857 1388 1997 1420 electus.
2053 1388 2126 1420 Das

1145 1437 1188 1465 ist
1207 1436 1279 1465 eine
1308 1435 1473 1472 eilzfeltIqe
1500 1433 1680 1471 anleltzmy,
1710 1433 1763 1463 (lie
1786 1433 1961 1472 irarlmslt'y
1989 1433 2040 1463 ist.
2087 1431 2127 1463 Et

1143 1477 1197 1517 qui
1221 1482 1383 1517 quaerunt
1411 1474 1690 1511 consolationem,
1720 1476 1892 1507 veritatem
1924 1482 1956 1505 ct
1986 1474 2125 1516 gloriam

1143 1519 1227 1557 Dei,
1268 1519 1301 1549 hi
1344 1519 1374 1549 in
1410 1517 1551 1559 simplici
1585 1518 1649 1550 hac
1695 1519 1859 1549 sententia
1894 1519 2125 1559 acquiescunt.

1142 1562 1220 1600 Alii,
1251 1563 1304 1604 qui
1329 1561 1446 1593 nolunt
1476 1572 1637 1602 quaerere
1672 1562 1854 1599 veritatem,
1891 1562 2060 1603 disputant
2085 1563 2125 1592 de

1142 1607 1194 1643 iis,
1220 1616 1305 1647 quae
1328 1616 1394 1637 nou
1418 1604 1621 1645 intelligunt,
1651 1610 1679 1635 et
1706 1603 1791 1635 falsa
1815 1606 1944 1643 dicunt,
1969 1611 1999 1635 et
2025 1604 2125 1635 multa

1143 1649 1257 1681 Stoica
1280 1649 1482 1685 admiscent,
1517 1649 1570 1679 (lie
1603 1650 1691 1679 nicht
1722 1649 1839 1679 darem
1870 1649 2021 1687 yeboren.
2069 1647 2123 1685 Ut,

1143 1692 1306 1722 pontificii
1331 1691 1502 1721 obiiciunt:

1273 1753 1373 1782 Nemo
1395 1751 1464 1789 scit,
1487 1760 1531 1781 an
1554 1760 1664 1781 autore
1687 1752 1735 1781 rel
1756 1752 1827 1781 odio
1851 1751 1968 1789 diynzts
1990 1752 2048 1782 sil:

1275 1796 1360 1832 Etyo
1382 1804 1444 1825 mm
1467 1803 1611 1824 summme
1644 1795 1726 1824 certi
1757 1804 1858 1833 neque
1892 1795 1932 1825 cle
1956 1798 2127 1833 praesenti

1318 1837 1447 1875 izcstc'le'a,
1470 1846 1570 1876 neque
1592 1837 1632 1868 (Ie
1650 1839 1808 1868 electione·

1232 1905 1445 1946 Respondeo.
1501 1903 1661 1935 Salomon
1697 1905 1791 1941 «fcit,
1826 1915 1888 1936 nos
1912 1915 1978 1935 non
2003 1905 2124 1936 debere

1146 1959 1188 1979 ex
1210 1950 1310 1979 rebus
1334 1949 1503 1986 secundis,
1529 1946 1581 1979 vel
1604 1948 1757 1979 adversis
1777 1949 1924 1979 indicare
1948 1949 1989 1979 de
2013 1959 2125 1980 amore

1145 1991 1198 2024 vel
1229 1992 1304 2023 odio
1338 1990 1411 2022 Dei.
1467 1992 1538 2022 Nos
1574 1991 1731 2022 debemus
1765 1992 1910 2022 iudicare
1946 2002 1986 2022 ex
2020 1993 2123 2023 verbo

1144 2035 1221 2073 Dei,
1244 2045 1310 2066 non
1335 2046 1374 2066 ex
1399 2035 1501 2066 rebus
1524 2035 1686 2065 externis:
1715 2040 1747 2065 et
1769 2035 1814 2066 ita
1833 2033 1910 2066 facit
1934 2045 1994 2075 pro
2018 2035 2124 2065 nobis.

1143 2115 1334 2156 Placetne
1381 2115 1527 2155 Daniel
1557 2115 1660 2154 inter
1692 2116 1847 2165 leones,
1898 2122 1940 2155 et
1977 2115 2123 2169 Ioseph

1439 2176 1479 2215 in
1518 2190 1675 2216 carcere
1708 2176 1798 2216 Deo
1808 2177 1826 2215 =?

1228 2249 1377 2282 Placent.
1423 2248 1563 2280 Contra:

1271 2313 1373 2343 Bonis
1394 2310 1486 2342 dehet
1507 2310 1586 2342 bene
1609 2320 1696 2342 esse.-

1268 2355 1352 2394 lpsz's
1374 2358 1425 2385 esc
1444 2355 1545 2385 male:

1269 2398 1355 2436 Ergo
1380 2398 1495 2428 Daniel
1516 2401 1548 2428 et
1569 2397 1682 2436 Ioseph
1705 2406 1768 2427 non
1791 2400 1866 2427 sunt
1881 2397 1965 2427 honi.

1225 2464 1435 2507 Respondeo.
1493 2467 1595 2497 Bonis
1633 2466 1725 2496 debet
1752 2466 1831 2496 bene
1864 2474 1952 2503 esse,
1992 2462 2120 2496 scilicet

1139 2509 1320 2540 secundum
1355 2507 1611 2540 declarationem
1635 2506 1818 2549 Evangelii,
1852 2506 1917 2538 hoc
1940 2512 2008 2545 est,
2042 2506 2120 2538 fina-

1139 2550 1224 2583 liter.
1269 2551 1402 2584 Danz‘ell
1423 2554 1506 2583 male
1528 2555 1586 2590 est,
1609 2549 1737 2582 scilicet
1756 2551 1787 2581 in
1812 2550 2016 2592 praesentia:
2043 2550 2119 2591 quia

1139 2593 1356 2637 Evangelium
1379 2595 1458 2626 dicit
1479 2593 1664 2627 Ecclesiam
1689 2594 1812 2625 debere
1836 2603 1913 2625 esse
1936 2593 2118 2625 subiectam

1140 2638 1231 2670 cruci
1260 2639 1293 2670 in
1321 2639 1385 2670 hac
1408 2638 1484 2670 vita.
1534 2637 1606 2669 Nos
1637 2637 1795 2668 debemus
1825 2637 1972 2669 iudicare
1999 2646 2118 2668 secun-
