2343 2970
90 217 156 250 677
789 209 1005 242 POSTHJA
1030 207 1429 242 MELAN'rHONLx-NA.
2039 208 2103 240 678

93 319 207 346 certae
225 309 413 345 Ecclesiae.
433 315 469 340 et
498 307 554 340 illa
582 313 635 339 est
658 308 705 339 ‘ab
734 304 808 338 aliis
833 303 1073 337 conventiculis
1125 304 1187 336 ESt
1209 310 1275 336 una
1299 314 1363 335 vox
1387 303 1571 341 doctrinae,
1595 303 1655 334 sed
1679 306 1797 344 gentes
1819 308 1896 333 sunt
1909 301 1993 333 aliae
2005 309 2103 344 atque

96 354 324 388 discernenda.
1127 347 1222 379 aliae.
1269 347 1305 378 Si
1333 348 1448 378 venias
1482 347 1514 377 in
1539 345 1676 383 ltaliam,
1709 351 1743 377 et
1777 346 1928 377 invenias
1961 344 2104 387 aliquem

183 397 325 429 Ecclesia
349 398 397 426 ‘est
416 399 527 426 coetus
549 393 685 426 visibilis
701 391 956 433 amplectentium
969 391 1074 422 Iican—
1126 391 1290 423 hominem
1326 396 1434 422 tecum
1468 390 1729 420 consentientem
1762 389 1794 420 in
1818 399 1899 420 vera
1922 388 2105 420 confessio-

93 442 208 484 qele'um
233 441 475 479 incorruptum,
504 442 535 469 et
561 441 648 468 recte
677 437 830 468 utentium
852 434 1075 465 &oramentis
1126 444 1190 465 nae
1213 434 1396 472 doctrinae,
1427 432 1483 464 ille
1506 438 1557 464 est
1580 433 1762 463 membrum
1784 430 1977 470 Ecclesiae,
2004 434 2104 463 mem-

96 484 234 525 (wiewol
255 483 318 514 das
339 483 383 513 ist
405 481 487 513 auch
506 482 539 512 in
561 481 631 511 dem
654 478 910 520 amplectentium
930 477 1074 518 Evangye-
1128 479 1222 509 brum
1246 476 1342 509 huius
1366 475 1522 508 scholae:
1546 477 1622 517 quia
1646 474 1800 506 Ecclesia
1823 485 1890 506 non
1913 481 1963 506 est
1989 481 2105 506 coetus

96 528 203 567 lium),
227 527 260 557 in
282 535 344 567 quo
367 529 457 555 coetu
472 524 560 555 Deus
583 527 629 554 est
645 521 763 564 effi-'tm
782 530 844 562 per
866 521 1075 552 ministerium
1127 519 1284 561 alligatus
1307 521 1348 551 ad
1373 525 1499 552 certum
1518 518 1659 560 aliquem
1673 517 1796 556 locum,
1816 517 1984 559 populum,
2008 519 2106 558 impe-

96 570 274 611 Evmzyelt'i,
297 572 327 599 et
348 566 521 609 reyenbrat
543 568 673 600 multos,
703 569 732 596 et
762 568 835 596 sunt
862 564 897 594 in
926 574 962 594 eo
986 567 1075 594 coetu
1127 565 1221 601 rium,
1245 562 1403 604 politiam.
1426 562 1501 593 Non
1525 561 1634 592 solum
1658 561 1713 603 qui
1738 567 1815 592 sunt
1837 562 1869 592 in
1894 561 2016 593 ducatu
2030 562 2107 598 isto,

94 614 187 645 multi
216 618 280 643 non
308 612 433 650 renati,
463 616 568 642 tamen
597 610 637 640 de
659 609 812 640 doctrina
835 608 1074 638 consentientes.
1128 605 1180 637 vel
1203 607 1258 648 qui
1282 612 1359 637 sunt
1382 606 1414 636 in
1437 615 1542 647 regno
1554 604 1686 636 Danico
1706 603 1760 636 vel
1782 603 1940 647 AnglicO,
1962 615 2028 635 non
2043 603 2106 635 soli

94 657 187 688 Haec
209 662 259 686 est
284 665 362 686 vera
386 654 549 692 definitio,
572 658 603 684 et
637 661 704 683 non
738 651 866 682 debetis
890 650 1074 692 imaginari,
1127 649 1172 681 illi
1214 656 1291 680 sunt
1324 649 1472 680 membra
1505 647 1689 679 Ecclesiae.
1745 647 1802 680 Sic
1834 658 1901 679 non
1934 646 1999 678 soli
2030 652 2108 679 sunt

95 699 184 742 quod
207 698 363 729 Ecclesia
397 698 439 728 sit
463 697 539 728 Idea
565 695 756 732 Platonica,
791 704 876 735 quae
910 703 1073 734 nusquam
1112 693 1273 724 *membra
1296 690 1480 729 Ecclesiae,
1512 692 1567 733 qui
1589 691 1713 722 habent
1737 691 1943 721 ceremonias
1967 690 2106 722 Romani

95 743 316 783 conspicuum
339 740 434 772 Deus
469 739 539 772 vult
571 738 718 770 exaudiri
753 742 869 768 vocem
898 734 1073 777 Evangelii
1126 735 1310 773 pontificis,
1334 733 1388 766 vel
1417 736 1620 776 approbatas
1645 745 1664 764 a
1687 733 1788 774 Papa.
1836 732 1988 765 Christus
2013 734 2106 765 dicit:

94 786 128 817 in
151 792 221 816 toto
256 792 378 826 genere
407 783 567 815 humano:
602 780 673 813 vult
706 780 845 822 agnosci
868 778 1008 817 Filium,
1041 784 1074 810 et
1127 780 1209 813 Ques
1231 789 1306 816 mea,
1340 788 1443 808 vocem
1465 788 1559 808 meam
1594 777 1736 807 andiunt.
1782 775 1875 808 lllum
1905 786 2107 809 consensum

93 829 169 860 ideo
191 827 262 859 vult
285 826 471 860 Ecclesiam
500 834 577 856 esse
607 829 758 863 coetum,
786 824 841 864 qui
869 822 1074 863 conspicitur
1126 827 1258 863 oportet
1280 832 1343 853 nos
1368 828 1481 853 tenere
1504 818 1714 862 explicatum,
1739 826 1772 851 et
1795 825 1927 861 oportet
1946 830 2019 851 eum
2032 827 2106 861 pro-

94 878 126 903 et
151 870 333 902 exauditur.
378 869 430 900 Ac
463 877 596 909 semper
627 867 689 899 fuit
716 865 872 898 Ecclesia
906 872 1073 906 tamquam
1126 865 1219 897 fiteri.

94 926 155 946 arx
178 915 211 945 in
234 911 371 944 excelso
402 917 512 943 monte
544 911 630 949 sita,
666 919 798 951 semper
831 909 985 941 exaudita
1008 918 1074 939 vox
1213 908 1282 939 Sed
1306 913 1415 939 tamen
1438 908 1472 938 in
1501 905 1558 938 illa
1582 904 1788 938 multitudine
1819 911 1897 937 sunt
1926 904 2016 937 multi
2040 915 2107 937 non

97 964 164 993 est3
184 962 216 987 et
242 956 295 997 qui
325 964 391 986 non
420 953 597 986 voluerunt
624 963 698 984 eam
727 953 857 990 audire,
886 962 947 983 sua
977 949 1073 992 culpa
1126 952 1245 983 renati:
1270 949 1315 981 illi
1338 949 1497 992 patefient
1518 950 1552 981 in
1571 949 1702 981 iudicio.
1732 949 1804 978 Das
1824 950 1866 979 ist
1885 949 1994 988 yeredt
2011 949 2108 978 wider

94 1000 276 1043 perier-unm
300 999 365 1029 imo
389 1008 455 1029 non
480 996 590 1028 solum
612 997 645 1028 in
669 995 782 1034 lsrael,
805 998 838 1026 in
860 996 968 1026 medio
993 995 1074 1026 orbe
1127 995 1188 1032 die,
1213 994 1266 1024 die
1287 993 1331 1023 da
1353 1003 1462 1033 sayen,
1486 994 1574 1035 quod
1597 994 1628 1024 in
1653 991 1809 1024 Ecclesia
1831 991 1910 1024 nulli
1925 992 2107 1024 nisisancti

95 1048 255 1074 terrarum
289 1039 383 1072 fulsit
415 1039 581 1072 Ecclesia.
638 1039 706 1070 Sed
728 1038 822 1070 Deus
857 1038 980 1079 sparsit
1002 1046 1074 1068 eam
1127 1039 1211 1074 sint,
1247 1043 1279 1068 et
1312 1035 1428 1068 volunt
1460 1035 1574 1068 facere
1609 1036 1888 1079 segregationem.
1940 1035 2010 1064 Dus
2044 1045 2110 1066 war

93 1086 126 1117 in
148 1085 296 1126 imperia,
319 1093 379 1125 per
397 1082 513 1121 exilia,
540 1089 575 1114 ut
599 1082 694 1114 fieret
721 1083 843 1113 notior:
873 1082 959 1112 sicut
989 1080 1074 1111 omni
1127 1081 1319 1122 principium
1344 1078 1491 1111 furorum
1515 1090 1549 1108 :u
1572 1079 1721 1110 Mzmster.
1753 1078 1934 1110 Eiiciebant
1956 1078 2109 1109 homines

94 1136 244 1169 tempore
266 1127 391 1158 excitat
413 1126 577 1158 flammam
600 1124 789 1166 Evangelii;
812 1129 911 1156 vocat
934 1123 1076 1165 aliquos,
1129 1125 1260 1161 divites,
1285 1129 1318 1154 et
1342 1124 1550 1164 occupabant
1574 1133 1687 1154 eorum
1713 1124 1817 1160 bona,
1842 1121 1999 1153 volebant
2021 1122 2109 1163 puri-

95 1172 171 1213 quia
193 1168 262 1201 vult
286 1170 425 1211 agnosci
443 1168 573 1206 Filium,
597 1175 628 1200 et
651 1168 723 1200 vult
745 1168 895 1199 invocari
924 1168 956 1198 in
985 1166 1076 1209 agni·
1128 1167 1229 1199 ficare
1249 1165 1444 1197 Ecclesiam.
1478 1166 1602 1197 Noster
1625 1171 1740 1206 pastor
1763 1175 1828 1196 non
1849 1166 1945 1196 debet
1969 1171 2109 1202 tentare,

94 1216 183 1245 tione
207 1213 289 1245 Filii.
1128 1209 1216 1242 velle
1239 1209 1337 1240 talem
1361 1207 1559 1247 Ecclesiam,
1581 1208 1635 1240 vel
1654 1207 1753 1239 talem
1784 1214 1906 1239 statum
1936 1207 2110 1239 Ecclesiae

183 1256 217 1287 ln
242 1257 306 1287 hoc
329 1261 427 1286 coetu
440 1254 534 1286 Deus
558 1260 609 1286 est
621 1253 741 1285 efficax
764 1263 823 1295 per
838 1264 955 1285 vocem
968 1251 1077 1284 Evan-
1130 1254 1345 1290 constituere,
1379 1253 1413 1283 in
1447 1262 1512 1294 quo
1547 1251 1628 1283 nulli
1663 1253 1730 1283 sint
1753 1251 1815 1282 nisi
1841 1252 1956 1283 sancti.
2003 1251 2108 1287 Quam

97 1299 188 1342 gelii:
214 1298 303 1330 multi
329 1303 490 1329 vocantur
512 1303 545 1328 et
568 1303 822 1340 regenerantur:
847 1296 896 1327 llli
933 1297 988 1337 qui
1023 1305 1076 1326 as-
1128 1294 1227 1327 facilc
1249 1296 1314 1326 hoc
1337 1295 1555 1336 sequeretur?
1579 1296 1667 1336 quod
1697 1294 1799 1336 aliqui
1834 1305 1873 1325 ex
1908 1295 2022 1325 amicis
2054 1304 2109 1334 pa-

96 1342 281 1374 sentiuntur
292 1340 490 1381 Evangelio,
502 1350 582 1371 vere
604 1340 871 1372 sanctificantur:
891 1339 965 1381 quia
979 1349 1076 1379 opor·
1130 1339 1232 1371 storis
1257 1339 1417 1376 venirent,
1441 1344 1472 1369 et
1497 1339 1660 1370 dicerent:
1695 1337 1755 1369 llle
1781 1348 1846 1368 non
1876 1344 1926 1368 est
1951 1337 2110 1368 Christia—

96 1392 141 1417 tet
165 1395 241 1416 esse
259 1381 495 1415 haereditatem
520 1382 679 1422 electam,
713 1388 864 1414 sanctam
897 1383 929 1413 in
953 1380 1076 1423 visibili
1129 1392 1205 1421 nus,
1227 1380 1283 1413 ille
1308 1383 1506 1412 adversatur
1529 1380 1618 1419 mihi,
1642 1381 1809 1412 efficiamus
1828 1379 1928 1412 illum.
1953 1380 2045 1411 Talia
2064 1380 2109 1411 vi-

95 1434 205 1460 coetu.
250 1427 325 1458 Non
349 1433 425 1457 sunt
445 1425 564 1464 electi,
598 1427 659 1458 nisi
694 1427 726 1457 in
759 1431 856 1458 coetu
880 1431 1076 1457 vocatorum

95 1471 285 1514 quaerendi.

182 1514 248 1545 Sed
271 1513 395 1544 invenit
424 1511 479 1544 hic
503 1512 666 1544 Dominus
701 1513 973 1549 accumbentem,
1010 1520 1076 1542 non

96 1557 250 1588 vestitum
273 1562 367 1586 veste
390 1554 538 1596 nuptiali.
584 1555 674 1597 Ergo
704 1556 736 1586 in
765 1554 822 1586 illo
847 1561 977 1585 coetum
1001 1559 1077 1585 sunt

96 1598 189 1630 multi
212 1609 279 1629 non
304 1599 430 1635 renati,
462 1605 494 1629 et
527 1598 555 1628 si
580 1599 620 1629 de
643 1599 795 1630 doctrina
818 1598 1076 1628 consentientes.

99 1641 265 1673 Haeretici
288 1640 471 1681 blasphemi
505 1650 571 1671 non
605 1647 682 1672 sunt
715 1641 860 1673 membra
883 1639 1074 1672 Ecclesiae:

97 1684 284 1716 Sadducaei
303 1694 370 1714 non
393 1689 486 1714 erant
509 1684 654 1714 membra
667 1683 855 1715 Ecclesiae:
879 1693 1077 1725 quamquam

100 1733 195 1759 erant
218 1727 249 1758 in
273 1726 328 1757 illo
347 1725 480 1767 populo,
527 1727 618 1758 Sicut
636 1726 701 1758 hoc
724 1732 884 1767 tempore,
904 1728 932 1757 si
956 1727 1009 1767 qui
1032 1726 1078 1756 in-

1130 1426 1235 1457 dimus
1258 1431 1374 1456 nostra
1397 1431 1505 1456 aetate
1528 1436 1564 1455 :a
1587 1425 1736 1455 Minister.
1762 1425 1902 1455 Murester
1924 1424 1988 1453 und
2012 1424 2110 1462 Pseif-

1125 1470 1177 1507 [ἓν
1200 1480 1234 1498 ιιι
1255 1468 1436 1498 ΠΙιιΙΙιαιω-ση
1459 1470 1590 1507 yienycn
1621 1468 1699 1497 ‹tm-lt
1723 1468 1839 1497 dormit
1867 1467 1949 1501 umk,
1980 1467 2052 1497 alter
2080 1477 2112 1496 es

1129 1515 1170 1542 is!
1201 1512 1291 1541 ἰΙιηοή
1321 1511 1406 1541 nicht
1440 1521 1614 1551 [sufflamen.
1662 1511 1733 1542 Vos
1768 1509 2003 1542 adolescentes
2038 1511 2111 1541 sitis

1127 1555 1335 1598 praemoniti.
1381 1554 1533 1587 Ecclesia
1562 1553 1796 1586 universaliter
1827 1559 1958 1585 constat
1989 1564 2031 1585 ex
2055 1553 2112 1584 tali

1129 1597 1346 1636 multitudine,
1370 1598 1402 1628 in
1426 1609 1491 1639 qua
1513 1604 1589 1629 sunt
1615 1599 1690 1629 boni
1715 1603 1746 1628 et
1769 1596 1857 1635 mali,
1883 1597 1993 1635 idest,
2018 1596 2111 1628 multi

1130 1642 1336 1684 hypocritae,
1360 1642 1447 1672 sicut
1469 1641 1524 1673 hic
1547 1652 1606 1673 rex
1618 1642 1800 1682 ingreditur
1823 1647 1855 1671 et
1875 1641 1962 1672 videt
1980 1651 2110 1671 accum-

1130 1687 1260 1717 bernes,
1305 1684 1466 1726 Loquitur
1501 1685 1541 1715 de
1574 1685 1693 1715 iudicio
1730 1684 1859 1722 divino,
1894 1690 1924 1714 et
1955 1684 2044 1714 videt
2067 1683 2111 1714 ibi

1130 1739 1231 1759 unum
1255 1728 1424 1758 sedentem
1448 1737 1514 1757 non
1538 1729 1692 1758 vestitum
1724 1733 1816 1758 veste
1845 1725 1991 1767 nuptiali.
2039 1726 2110 1755 Hic-

98 1777 148 1802 ter
170 1780 233 1800 nos
258 1775 435 1800 versantur
458 1769 631 1810 Epicuraei
645 1792 653 1807 ,
690 1768 847 1801 haeretici
862 1792 871 1807 ,
906 1780 971 1800 non
1001 1774 1078 1799 sunt
1130 1781 1189 1800 von
1211 1771 1266 1800 leat
1283 1781 1352 1799 man
1375 1770 1438 1799 viel
1458 1770 1622 1809 disputare,
1652 1770 1729 1811 quid
1748 1771 1791 1801 sit
1816 1770 1917 1801 vestis
1941 1768 2110 1811 nuptialis.

97 1815 245 1844 membra
268 1811 454 1843 Ecclesiae:
489 1819 520 1843 et
554 1819 663 1843 tamen
692 1818 767 1843 sunt
791 1813 937 1843 membra
962 1810 1078 1842 Eccle-

98 1857 180 1894 siae,
202 1855 294 1887 multi
312 1854 522 1897 hypocritae,
546 1854 700 1893 adulteri,
724 1853 808 1885 tales
832 1856 885 1896 qui
910 1861 1019 1885 tamen
1038 1855 1079 1885 de
1412 1859 1484 1898 De
1516 1859 1670 1899 tel-tio
1703 1860 1814 1899 1000

100 1900 251 1930 doctrina
274 1899 490 1929 consentiunt.
538 1897 605 1929 Sed
630 1899 762 1939 quando
788 1903 864 1929 sunt
887 1897 1003 1928 hostes
1023 1897 1079 1928 ‹lo-
1818 1893 1827 1901 ⁴

101 1943 239 1980 ctrinae,
263 1948 341 1972 tunc
363 1948 440 1971 sunt
463 1940 613 1971 homines
636 1948 730 1971 extra
753 1940 952 1972 Ecclesiam.
1218 1941 1331 1972 Vestis
1355 1940 1510 1983 nuptialis
1534 1947 1585 1973 est
1609 1951 1648 1972 ea
1673 1951 1746 1980 res,
1779 1952 1843 1983 qua
1867 1942 1966 1973 homo
1989 1947 2040 1974 est
2064 1942 2110 1973 iu-

186 1984 256 2014 Das
279 1984 339 2013 solt
367 1983 416 2013 iln-
446 1983 523 2013 unolz
553 1985 672 2017 wissen,
703 1984 792 2025 quod
824 1994 909 2015 unus
944 1981 1080 2025 quilibet
1131 1990 1216 2021 stus,
1242 1990 1273 2015 et
1295 1984 1406 2025 placet
1430 1984 1521 2016 Deo:
1555 1990 1606 2016 est
1636 1995 1716 2016 vera
1740 1985 1842 2023 fides,
1861 1995 1946 2027 quae
1970 1992 2033 2023 est,
2056 1985 2111 2016 ubi

100 2025 200 2057 homo
223 2027 321 2058 debet
343 2025 430 2058 velle
459 2036 536 2058 esse
565 2028 744 2058 membrum
768 2026 959 2058 Ecclesiae:
994 2028 1079 2057 sicut

101 2067 254 2101 psalmus
279 2070 371 2101 dicit:
398 2069 496 2099 Unum
519 2069 578 2099 lzoc
600 2072 754 2110 requiram
778 2081 797 2099 a
820 2070 966 2104 Domino,
991 2073 1023 2099 ut
1035 2071 1079 2098 in-

101 2112 233 2142 habitem
256 2113 289 2140 in
307 2112 398 2141 domo
422 2112 551 2142 Domini
575 2113 711 2142 ominibus
739 2113 847 2142 diebus
878 2114 958 2142 vitae
986 2122 1078 2143 meae.

103 2154 195 2185 ltem:
222 2155 319 2190 Quam
341 2155 461 2184 dilecta
485 2156 705 2186 tabernacula!
728 2156 825 2187 ltem:
848 2156 945 2186 Beata·
957 2158 1009 2195 qni
1026 2156 1078 2184 lta-

102 2198 202 2227 bt'tant
225 2199 257 2226 ιή
280 2197 371 2226 domo
391 2201 443 2227 ἰιια
467 2198 608 2230 Domine.
654 2199 793 2241 Oportet
815 2209 877 2230 nos
903 2198 987 2230 velle
1001 2209 1079 2230 esse

101 2241 249 2272 membra
273 2239 456 2271 Ecclesiae.
502 2240 671 2274 Debemus
691 2243 789 2284 igitur
812 2243 1078 2283 circumspicere,

103 2293 187 2323 quae
211 2283 253 2313 sit
275 2293 356 2314 vera
379 2282 543 2322 Ecclesia,
568 2285 621 2316 cui
639 2295 699 2316 nos
714 2287 895 2328 adiungere
914 2285 1077 2317 volumus.

103 2324 273 2357 Debemus
284 2324 403 2367 singuli
417 2327 575 2369 cogitare,
587 2329 680 2360 cuius
693 2327 865 2360 Ecclesiae
877 2339 967 2370 parS,
984 2329 1078 2359 cuius

104 2367 256 2400 Ecclesia
267 2370 412 2400 membra
426 2375 459 2400 et
471 2370 562 2400 cives
572 2379 632 2401 nos
645 2381 778 2413 quoque
798 2372 901 2403 simus
935 2372 1005 2401 Das
1017 2371 1078 2401 solt

103 2410 153 2439 ίΙιν
165 2411 347 2446 bellem-ken,
360 2421 444 2441 wemz
452 2412 502 2441 t‘ltr
514 2413 602 2448 betet,
612 2414 727 2444 iltrsolt
739 2415 824 2444 nicht
835 2426 870 2445 so
879 2415 973 2445 dultin
982 2415 1077 2450 leben,

103 2453 152 2483 als
174 2453 255 2493 yelte
277 2464 309 2483 es
331 2455 404 2483 eben
424 2455 537 2494 yleiclz.
581 2457 673 2488 Sicut
695 2464 770 2489 sunt
794 2456 902 2495 multi,
934 2459 988 2500 qui
1012 2469 1077 2489 non

102 2503 220 2538 putant
252 2497 295 2528 ad
329 2507 366 2528 se
398 2499 505 2540 magis
535 2500 700 2540 pertinere
720 2499 840 2540 Deum,
875 2500 928 2533 vel
961 2500 1078 2533 Eccle-

102 2540 197 2575 siam,
222 2550 320 2581 quam
342 2541 503 2581 pertineat
525 2542 568 2573 ad
590 2553 723 2583 porcos.

1131 2034 1183 2059 est
1207 2038 1286 2059 vera
1309 2029 1526 2069 poenitentia3
1555 2028 1632 2070 quia
1658 2027 1714 2059 illa
1738 2027 1871 2059 flamma
1895 2029 2056 2060 excitatur
2079 2029 2111 2059 in

1130 2081 1210 2102 vera
1232 2072 1448 2112 poenitentia,
1476 2072 1610 2113 quando
1642 2070 1872 2103 consolatione
1896 2071 2110 2110 vivificamur,

1130 2114 1320 2155 recipimur,
1343 2121 1375 2146 et
1398 2114 1613 2146 iustificantur
1636 2116 1803 2157 agnitione
1826 2114 1898 2146 Filii
1922 2115 1996 2152 Dei,
2021 2115 2112 2146 iuxta

1130 2156 1226 2189 illud:
1250 2158 1331 2187 Fide
1353 2159 1516 2197 iustificati
1536 2168 1646 2197 pacem
1668 2159 1820 2189 lzahemas.
1870 2158 1937 2187 Das
1959 2158 2032 2187 siml
2056 2167 2110 2188 res

1131 2199 1320 2239 sensibiles,
1344 2211 1443 2233 verus
1469 2200 1566 2232 dolor
1589 2202 1746 2240 sentitur,
1771 2208 1800 2233 et
1826 2212 1904 2232 vera
1925 2200 2111 2232 consolatio

1131 2244 1279 2276 sentitur.
1324 2244 1400 2275 Non
1423 2244 1582 2277 admittite
1601 2244 1684 2276 alias
1708 2245 1959 2286 disputationes.
1996 2244 2111 2275 Vestis

1131 2286 1286 2328 nuptialis
1311 2293 1362 2318 est
1385 2287 1443 2319 illa
1465 2298 1532 2326 res,
1556 2299 1620 2330 qua
1649 2288 1748 2319 homo
1772 2287 1882 2329 placet
1912 2287 2005 2325 Deo,
2024 2297 2111 2329 quae

1131 2337 1182 2361 est
1204 2341 1284 2362 vera
1308 2330 1402 2369 fides,
1425 2340 1510 2373 quae
1530 2332 1747 2372 apprehendit
1760 2331 1875 2363 Filium
1890 2330 1952 2362 Dei
1975 2331 2007 2361 in
2032 2340 2111 2362 vera

1130 2374 1344 2415 poenitentia;
1367 2382 1400 2406 et
1422 2385 1489 2406 non
1514 2381 1566 2406 est
1590 2376 1686 2413 fides,
1703 2376 1759 2406 ubi
1779 2385 1846 2407 non
1869 2380 1922 2406 est
1941 2384 2020 2405 vera
2033 2383 2111 2415 poe-

1130 2417 1273 2448 nitentia.
1318 2416 1407 2449 Vera
1430 2417 1514 2450 fides
1537 2424 1588 2449 est
1612 2417 1809 2456 consolatio,
1834 2423 1899 2459 qua
1920 2417 2110 2449 accedimus

1130 2459 1172 2490 ad
1196 2459 1348 2492 thronum
1371 2461 1497 2503 gratiae
1521 2472 1595 2493 cum
1620 2461 1749 2501 fiducia,
1772 2462 1861 2492 iuxta
1877 2459 1975 2492 illud:
1998 2461 2109 2490 Acces-

1130 2513 1193 2531 sum
1215 2502 1357 2533 habemus
1378 2515 1436 2543 per
1453 2505 1545 2543 fidem
1567 2506 1599 2533 in
1619 2505 1746 2543 fidncia.
1771 2504 1831 2534 Est
1855 2503 1996 2545 illaipsa
2011 2504 2109 2543 fides,

1131 2551 1195 2587 qu'u
1217 2548 1399 2588 accipimus
1422 2548 1650 2579 remissionem
1675 2553 1900 2588 peccatorum,
1923 2548 2108 2587 imputatio·

1130 2594 1205 2619 nem
1228 2589 1389 2628 iustitiae,
1420 2596 1453 2622 et
1482 2591 1729 2622 sanctificamur
1751 2590 1894 2632 Spiritus
1918 2597 2050 2622 sancto:
2075 2596 2108 2622 et

1130 2633 1310 2673 accipimus
1334 2632 1599 2665 consolationem
1622 2643 1707 2675 quac
1730 2633 1766 2664 fit
1787 2643 1847 2675 per
1865 2633 2020 2674 Spiritum
2034 2644 2107 2664 san-

1131 2680 1218 2706 ctum
1253 2676 1285 2707 in
1321 2677 1433 2715 corde,
1467 2686 1553 2719 quae
1583 2676 1769 2708 consolatio
1799 2682 1851 2708 est
1873 2677 1996 2708 initium
2020 2678 2107 2709 vitae

1899 2735 1952 2761 4³·

189 2582 331 2618 Quando
355 2585 508 2626 cogitatis
533 2586 574 2616 de
596 2585 761 2625 Ecclesia,
784 2588 958 2629 proponite
983 2587 1078 2618 vobis

101 2625 275 2668 imaginem
299 2626 445 2662 scholae,
469 2634 555 2669 quae
578 2636 773 2671 quamquam
797 2631 948 2671 dis-persa
971 2636 1023 2661 est
1046 2631 1079 2661 in

101 2673 172 2700 toto
202 2675 324 2711 genere
353 2669 513 2710 humano,
550 2676 658 2703 famen
689 2678 739 2704 est
768 2674 865 2706 unius
895 2674 1077 2705 doctrinae.
