2343 2970
132 192 192 224 361

132 286 239 318 culum
274 288 503 318 conversionis
532 285 671 317 latronis
700 286 731 316 in
760 295 878 319 cruce,
913 283 1110 316 miraculum

131 330 345 361 restitutionis
369 330 462 361 Adae
485 336 561 370 post
584 328 730 369 lapsum,
762 326 957 359 miraculum
981 328 1109 359 restitu-

130 373 228 404 tionis
253 374 365 404 Aaron
388 378 464 413 post
487 372 629 412 lapsum,
652 372 727 402 item
750 370 943 402 miraculum
970 381 1110 402 conver·

130 416 235 447 sionis
260 415 362 446 Pauli.
408 415 498 447 Haec
521 415 629 446 onmia
652 420 729 445 sunt
758 414 946 445 testimonia
970 413 1109 455 promis-

129 459 232 489 sionis
251 459 386 499 gratiae.
433 459 554 489 Postea
578 457 790 488 liberationes
813 455 1007 498 corporales
1033 462 1110 487 sunt

129 501 316 533 testimonia
338 502 595 542 promissionum
619 500 859 541 corporalium,
891 510 977 542 quae
1000 505 1109 530 tamen

127 586 265 619 tualem:
296 589 371 629 quia
397 589 519 618 scimus
548 587 630 617 istas
659 596 775 617 omnes
805 596 881 617 esse
911 587 1048 617 comites
1078 592 1108 616 et

128 628 267 661 ancillas
291 632 520 671 promissionis
540 631 677 672 gratiae.

215 673 280 704 lam
299 674 416 705 sumite
438 671 595 704 miracula
618 673 760 703 omnium
784 671 1014 703 liberationum
1037 682 1109 703 cor-

126 714 298 757 poralium.
344 716 410 748 Sed
441 717 588 758 inprimis
622 714 720 753 illud,
751 715 793 746 de
821 725 886 756 quo
910 715 975 746 dixi
998 721 1107 746 antea.

126 759 220 801 Agar
242 766 454 799 peccaverat,
477 760 524 790 sie
546 759 634 790 hatte
656 758 800 796 unrecht,
826 758 962 789 mittitur
986 758 1017 788 in
1042 758 1107 788 exi-

125 799 216 839 lium,
240 803 380 833 sustinet
404 812 556 844 magnam
581 808 611 832 et
640 802 768 832 tristem
799 811 964 842 poenam,
996 808 1106 832 tamen

125 851 283 883 noverat,
310 852 341 876 et
376 846 551 876 invocabat
580 855 694 875 verum
725 843 849 881 Deum,
878 845 1015 875 tenebat
1053 853 1108 875 ve—

124 897 195 918 ram
219 888 401 918 doctrinam
426 888 466 918 de
479 888 565 924 Deo,
588 887 630 918 de
654 887 884 927 promissione,
904 888 945 918 de
969 893 1107 918 ventura

125 930 366 968 victimatione,
391 931 431 962 de
455 931 651 961 remissione
674 936 903 971 peccatorum,
936 936 1107 971 quantum·

125 983 255 1014 cunque
282 974 315 1004 in
347 984 386 1005 ea
414 973 499 1005 lucis
528 972 603 1011 suit.
633 979 741 1004 tamen
772 971 893 1014 aliquid
925 974 1040 1010 scivit,
1073 978 1107 1004 ut

124 1014 209 1047 alius
240 1015 335 1057 plus,
369 1015 453 1048 alius
482 1016 588 1047 minus
617 1014 783 1056 intelligit:
816 1017 983 1047 invocavit
1015 1014 1106 1047 illum
1133 1026 1135 1054 ζ

122 1058 247 1097 Deum,
266 1060 320 1101 qui
344 1060 480 1091 dederat
505 1059 660 1090 Abrahae
685 1059 936 1099 promissionem
956 1065 1018 1090 etc.
1043 1060 1106 1090 iam

122 1108 193 1134 erat
214 1102 247 1133 in
270 1101 387 1134 dolore
410 1104 498 1134 videt
521 1101 621 1133 filium
648 1101 718 1132 fere
742 1102 945 1132 moriemcm.

121 1155 242 1187 magno
272 1144 388 1176 dolore
418 1147 548 1176 invocat
584 1144 691 1175 Deum
725 1151 755 1174 et
791 1145 975 1176 exauditur.
1033 1144 1107 1176 Hoc

121 1193 174 1218 est
196 1187 382 1228 exemplum
405 1187 494 1220 illius
511 1188 739 1227 promissionis
759 1185 960 1228 corporalis:
983 1187 1105 1220 Invoca

121 1240 166 1259 me
189 1234 222 1261 z'n
244 1231 297 1261 die
319 1231 547 1261 tribulationis.
588 1229 682 1261 item:
706 1230 772 1260 Iste
788 1239 917 1270 pauper
940 1231 1102 1262 clamavit.

120 1271 215 1303 Item:
262 1274 412 1305 Accedt‘te
434 1276 481 1305 ad
506 1283 588 1311 cmm,
618 1277 648 1303 et
675 1274 913 1310 illuminamini,.
947 1277 977 1304 et
996 1272 1104 1312 facies

119 1320 230 1346 restra
252 1325 317 1347 non
339 1315 585 1356 confundentur.
631 1315 723 1347 Sicut
747 1315 839 1347 Deus
864 1317 1026 1357 promisit,
1054 1317 1104 1348 sio

119 1359 215 1389 etiam
246 1357 324 1389 facit
352 1360 383 1389 in
412 1359 462 1390 his
487 1357 670 1398 exemplis,
705 1365 738 1390 et
768 1358 838 1390 vult
867 1368 930 1389 nos
960 1360 999 1390 iis
1023 1369 1102 1391 eon·

116 1401 254 1438 firmari,
276 1408 311 1432 ut
334 1412 396 1432 nos
420 1402 518 1433 etiam
540 1401 741 1432 accedamus
771 1408 803 1433 et
828 1408 994 1442 petamus.
1046 1402 1100 1434 Ad

115 1442 182 1474 hoc
205 1450 282 1475 sunt
300 1445 424 1485 scripta
447 1443 619 1482 miracula,
642 1444 684 1475 ad
708 1444 773 1476 hoc
791 1450 943 1486 prosunt.

223 1486 292 1518 Iam
320 1498 425 1529 pergo
459 1488 501 1518 ad
536 1493 689 1519 caeteras
725 1497 879 1519 caussas:
917 1498 977 1520 cur
1010 1487 1102 1521 sacta

113 1534 146 1560 et
169 1529 294 1571 scripta
317 1531 383 1561 sint
405 1529 576 1563 miracula.
632 1529 693 1562 Est
721 1530 822 1573 igitur
844 1531 941 1563 tertia
966 1541 1099 1571 caussa,

113 1581 216 1613 quare
238 1575 420 1605 recitentur
440 1571 613 1612 miracula,
635 1580 669 1604 ut
693 1574 758 1606 sint
780 1573 933 1616 exempla
953 1573 1101 1617 applica-

111 1615 212 1646 tionis
234 1617 491 1656 promissionum
513 1617 556 1648 ad
579 1615 743 1658 singulos.
789 1617 850 1649 Hic
874 1627 954 1649 vero
984 1619 1098 1650 incidit

111 1659 280 1700 quaestio:
305 1659 563 1691 Iurisconsultus
581 1659 701 1702 aliquis
725 1661 817 1692 dicit:
842 1660 1023 1701 Privileyz'a
1035 1671 1098 1693 non

108 1702 273 1741 pertinent
295 1704 340 1734 ad
362 1712 485 1735 omnes:
522 1702 626 1734 Wann
643 1704 694 1733 ein
716 1703 794 1735 herr
817 1705 917 1735 ez‘nem
941 1704 1023 1736 haus
1047 1708 1098 1736 ein

109 1744 319 1787 privilegium
339 1746 441 1787 yiebt,
471 1746 534 1777 das
556 1756 590 1776 es
612 1746 698 1776 nicht
732 1747 830 1786 daz-ff
858 1747 952 1778 schos
984 1748 1097 1788 yeben,

109 1796 148 1818 so
167 1788 252 1829 yiebt
279 1798 333 1820 ers
360 1789 475 1820 drumb
502 1788 591 1820 nicht
618 1789 707 1819 einer
732 1793 870 1830 yantzen
901 1789 1001 1821 Statt.
1048 1790 1097 1822 lta

111 1836 245 1863 caetera
283 1842 438 1874 quoque;
475 1831 649 1873 privilegia
688 1842 754 1863 non
795 1838 873 1864 sunt
908 1833 1096 1865 communia

109 1875 265 1913 omnium,
277 1877 322 1907 Es
332 1875 413 1906 lzeist
425 1875 563 1906 ‹larnmb
573 1873 790 1916 privilegium.
799 1875 887 1907 unde
900 1875 1019 1907 dicitur
1031 1875 1096 1907 hoc

108 1916 331 1950 vocabulum?
386 1918 418 1949 A
445 1922 591 1959 privam,
621 1922 649 1949 et
681 1919 752 1948 lex.-
781 1918 879 1960 quasi
903 1918 1013 1957 dicas,
1041 1918 1095 1950 lex

108 1961 254 2001 propria,
276 1960 330 1993 vel
352 1962 502 2003 exceptio
526 1972 546 1992 a
571 1961 735 1993 communi
759 1959 848 2004 lege.

241 2021 408 2053 Miracula
434 2026 508 2053 sunt
532 2022 719 2063 primumn,
742 2027 816 2054 sunt
836 2022 1022 2063 sinyulares
1040 2032 1092 2052 ez·-

281 2066 458 2105 ceptiones:

239 2107 326 2149 Eryo
343 2109 503 2141 miracula
524 2117 587 2140 non
609 2108 772 2149 pertinent
795 2108 840 2140 ad
862 2117 978 2139 omnes.

193 2177 246 2207 An
270 2186 412 2208 necesse
434 2183 487 2208 est
505 2187 619 2209 omncs
643 2187 767 2209 coecos
786 2178 898 2208 sanari
916 2177 1093 2218 petentes?

105 2216 170 2250 Hic
188 2226 320 2260 oportet
343 2227 456 2250 tenere
487 2220 665 2252 discrimen
688 2220 920 2262 promissionis
950 2220 1091 2262 gratiae,

105 2266 138 2292 et
165 2263 421 2302 promissionum
449 2263 688 2304 temporalium.
744 2264 927 2295 Promissio
962 2264 1090 2306 gratiae

106 2309 159 2334 est
180 2304 380 2337 universalis
404 2304 606 2346 simpliciter.
660 2306 906 2338 Promissiones
932 2316 1091 2348 corpora-

104 2344 156 2377 185
181 2354 258 2379 sunt
276 2347 482 2380 universales
501 2349 533 2380 in
558 2359 697 2390 genere:
729 2350 789 2381 sed
812 2356 889 2382 sunt
913 2349 1090 2391 privilegia

104 2387 138 2419 in
160 2391 283 2431 specie.
318 2391 391 2424 Hoc
413 2392 589 2423 discrimen
611 2398 647 2424 ut
668 2391 886 2435 intelligatur,
902 2394 997 2434 prius
1022 2392 1088 2424 sol-

104 2440 180 2464 vam
193 2432 267 2507 tpoc
287 2441 529 2476 argumentum,
544 2440 662 2476 postea
683 2436 724 2467 de
747 2435 854 2468 altero
879 2446 1013 2479 quoque
1036 2446 1088 2468 re-

104 2483 189 2516 spon
215 2477 290 2507 ebo.

232 2536 443 2578 Privileyz‘um
464 2546 528 2568 non
549 2542 597 2569 est
619 2539 753 2571 omnium
766 2550 776 2570 .·

231 2578 413 2612 Promissio
433 2581 565 2621 yratt'ae
586 2585 635 2614 est
654 2583 877 2624 privilegium:

232 2622 322 2665 Eryo
342 2624 516 2664 promissio
533 2625 664 2666 gratiae
685 2635 749 2657 mm
771 2629 820 2658 est
843 2626 989 2657 munium.
1022 2659 1024 2661 ,

821 190 1040 223 PosTlLLA
1057 190 1458 223 MELANTHoNtANA.

128 543 223 575 simul
246 546 427 585 respiciunt
456 543 545 575 illam
575 544 711 584 primam
735 544 990 584 promissionem
1015 543 1109 584 spiri·
1136 548 1138 572 Ε
1162 549 1313 584 petamus
1348 545 1574 575 remissionem
1608 549 1832 584 peccatorum,

991 1101 1026 1133 ln
1050 1100 1106 1133 illo
1132 1110 1134 1118 ’

2085 190 2148 222 362

1252 284 1471 325 Respondeo:
1501 295 1588 326 nego
1623 283 1786 315 Minorem
1816 283 2018 325 simpliciter.
2069 284 2147 316 Pro-

1165 328 1279 358 missio
1304 329 1430 370 gratiae
1454 338 1520 359 non
1539 334 1590 358 est
1613 326 1833 369 privilegium.
1868 327 2050 359 l’romissio
2074 339 2148 370 gra-

1165 371 1229 401 tiae
1254 378 1304 402 est
1329 382 1445 402 rexera
1469 369 1680 403 universalis.
1728 372 1848 402 Proba.
1901 370 2011 402 Venae
2035 372 2079 402 ad
2101 382 2149 403 ma

1165 424 1282 452 onmes,
1305 415 1362 455 qm?
1382 415 1549 446 laboratis,
1598 414 1693 444 Item:
1739 414 1841 445 Dices
1867 414 1955 444 Deus
1979 418 2011 445 in
2034 424 2148 455 omnes,

1164 458 1221 497 qni
1241 458 1390 489 int-ocant
1414 458 1511 488 illum.
1558 456 1618 488 Est
1649 458 1838 489 mandatum
1869 456 2082 495 universale,
2113 464 2149 490 ut

1163 500 1335 531 audiamus
1355 502 1619 542 promissionem,
1638 507 1669 531 et
1702 500 1765 530 hac
1788 500 1907 531 confisi
1937 501 2149 539 accedamus,

1900 543 1941 574 Et
1977 544 2148 575 audientes

1163 586 1416 626 promissionem
1449 587 1669 618 audiuvantur
1698 596 1718 616 a
1752 586 1874 627 Spiritu
1899 587 2046 624 Sancto,
2082 597 2149 619 non

1165 635 1439 668 contemnenteS,
1473 640 1539 661 non
1568 636 1792 671 repugnantes
1807 652 1815 667 ,
1840 639 1907 660 non
1930 631 2075 670 superbe
2098 640 2147 661 re-

1163 671 1338 712 pellentes.
1385 671 1419 703 st
1444 683 1509 703 non
1534 680 1623 704 esset
1646 671 1845 704 universalis
1873 673 2051 714 promissio
2075 683 2148 714 gra-

1164 715 1239 753 tiae,
1263 726 1326 746 non
1352 722 1442 747 esset
1472 715 1643 747 certitudo.
1692 715 1911 746 {uramentum
1940 722 1991 746 est
2018 716 2148 748 univer-

1163 757 1248 789 sale:
1281 758 1359 789 Viro
1383 769 1456 800 eyo,
1482 759 1562 791 dicit
1585 758 1752 795 Dominus,
1783 759 1857 789 nolo
1879 763 2007 790 mortem
2029 769 2145 799 pecca-

1135 809 1137 813 ’
1163 802 1255 836 toris,
1280 803 1337 833 sed
1361 807 1396 833 ut
1417 806 1639 841 convertatur,
1663 805 1693 832 et
1715 802 1812 832 rival.

1249 845 1319 876 Nec
1342 852 1418 876 sunt
1441 846 1473 876 in
1492 844 1567 876 Deo
1591 845 1767 885 ponendae
1790 845 2068 876 contradictoriae
2091 856 2148 877 vo-

1162 886 1306 919 luntates
1321 910 1330 925 ,
1365 889 1451 921 sicut
1486 887 1542 920 ille
1567 887 1734 925 faciebat,
1771 888 1824 929 qui
1849 888 1983 928 petebat
2006 899 2026 919 a
2051 889 2146 920 nobis

1162 929 1444 967 consolationem,
1475 941 1549 963 cum
1574 937 1666 962 esset
1689 931 1721 961 in
1746 931 1875 973 magnis
1899 932 2146 964 tentationibus.

1133 970 1134 987 ³
1163 974 1234 1004 Nos
1257 976 1474 1005 monebamus
1498 984 1585 1012 eum,
1603 980 1639 1005 ut
1673 972 1906 1006 consolaretur
1940 984 1977 1004 se
2011 975 2147 1015 promis-

1161 1017 1256 1048 sione
1279 1016 1475 1055 universali,
1499 1024 1532 1048 et
1560 1015 1744 1048 includeret
1775 1027 1812 1047 se
1840 1018 1871 1048 in
1892 1017 2147 1057 promissionem

1161 1058 1393 1091 universalem.
1440 1059 1527 1091 Esse
1550 1060 1737 1091 mandatum
1767 1059 1851 1096 Dei,
1880 1068 1914 1091 ut
1946 1070 2062 1092 omnes
2092 1071 2147 1094 au-

1161 1103 1287 1134 diamus
1313 1104 1581 1144 promissionem,
1611 1109 1642 1134 et
1677 1108 1861 1134 statuamus
1896 1104 2035 1144 gratiam
2070 1114 2146 1136 exu-

1162 1146 1278 1177 berare
1302 1157 1404 1186 supra
1426 1152 1610 1187 peccatum.
1653 1145 1886 1184 Hortabamur,
1910 1152 1945 1178 ut
1967 1147 2009 1177 ad
2033 1157 2070 1179 se
2092 1157 2147 1188 ap-

1158 1187 1295 1229 plicaret
1320 1188 1394 1220 illa:
1427 1189 1528 1220 sciret
1563 1190 1606 1219 ad
1637 1199 1675 1220 se
1703 1199 1836 1230 quoque
1865 1189 2041 1230 pertinere.
2087 1189 2146 1222 llle

1160 1238 1277 1263 contra
1301 1232 1543 1272 respondebat:
1567 1232 1629 1263 sibi
1653 1232 1770 1263 mirum
1783 1233 1897 1272 videri,
1920 1233 1949 1263 si
1962 1232 2055 1265 Deus
2078 1244 2145 1265 non

1158 1281 1276 1314 posset
1307 1275 1486 1312 damnare,
1512 1284 1609 1316 quem
1644 1272 1763 1312 vellet,
1799 1281 1831 1305 et
1864 1285 2001 1306 servare
2045 1286 2145 1318 quem

1158 1315 1269 1348 vellet.
1321 1317 1380 1348 His
1410 1317 1700 1359 imaginationibus
1724 1327 1763 1349 se
1785 1318 1892 1358 ipsum
1917 1320 2144 1359 perturbabat.

1156 1358 1231 1391 Non
1265 1361 1307 1391 ad
1342 1370 1500 1391 arcanum
1524 1359 1587 1392 Dei
1618 1360 1812 1399 consilium,
1841 1362 1902 1392 sed
1932 1362 1975 1392 ad
2004 1364 2145 1403 promis·

1157 1403 1284 1434 sionem
1309 1404 1477 1444 respicere
1501 1404 1655 1435 debebat.
1702 1402 1796 1435 Deus
1820 1404 1919 1436 edidit
1943 1403 2009 1436 hoc
2033 1407 2145 1438 decre-

1155 1452 1225 1478 tum
1248 1456 1288 1477 ex
1313 1447 1388 1477 sinu
1411 1457 1553 1485 arcano,
1583 1447 1673 1489 quod
1696 1445 1775 1478 velit
1798 1448 1965 1489 recipere,
1988 1449 2146 1482 exaudire

1155 1499 1273 1520 omnes
1292 1488 1524 1532 confugientes
1548 1490 1589 1522 ad
1602 1489 1729 1523 Filium.
1775 1489 1854 1522 Ideo
1877 1491 2067 1522 mandatum
2092 1499 2146 1524 est

1154 1533 1325 1571 omnibuS‚
1353 1540 1388 1565 ut
1423 1534 1642 1571 accedamus,
1676 1539 1708 1565 et
1741 1534 1915 1567 audiamus
1949 1535 2144 1575 promissio-

1153 1584 1239 1607 nem.
1274 1575 1368 1608 Haec
1391 1583 1444 1608 est
1466 1587 1549 1619 ergo
1573 1575 1694 1608 solutio
1718 1578 1912 1618 argumenti.
1947 1577 1989 1609 Et
2012 1578 2144 1619 quidem

1154 1619 1196 1650 de
1219 1619 1441 1660 promissione
1490 1620 1594 1651 ratiae
1617 1630 1678 1652 seu
1696 1620 1919 1661 promissione
1936 1621 2142 1653 remissionis

1153 1668 1381 1703 peccatorum,
1405 1662 1472 1694 nihi
1515 1663 1649 1695 dubium
1673 1668 1738 1694 est:
1773 1663 1898 1695 Omnes
1923 1664 2047 1695 debent
2071 1675 2143 1697 cre·

1154 1706 1234 1736 dere
1257 1707 1464 1743 nominatim,
1500 1707 1563 1737 sibi
1593 1706 1714 1737 remitti
1744 1712 1895 1748 peccata.
1941 1707 2067 1739 Postea
2090 1714 2142 1739 est

1152 1746 1293 1779 alterum
1321 1754 1573 1791 argumentum,
1603 1748 1644 1780 de
1677 1749 1953 1789 promissionibus
1983 1761 2142 1792 corpora-

1152 1789 1251 1821 libus.

1282 1849 1459 1891 Prz'vz'leyz’a
1482 1860 1545 1882 non
1568 1855 1642 1882 sunt
1661 1852 1817 1883 omnium.-

1281 1893 1521 1925 Promz'ssc‘ones
1545 1895 1736 1935 corporales
1759 1899 1833 1926 sunt
1853 1896 2050 1937 privileyz'a:

1282 1936 1371 1978 Ergo
1393 1947 1456 1968 non
1480 1938 1525 1968 ad
1549 1947 1655 1969 onmes
1674 1939 1848 1979 pertinent.

1235 2003 1297 2035 Est
1331 2004 1558 2047 privilegium,
1596 2007 1686 2048 quod
1720 2005 1776 2039 ille
1813 2007 1936 2040 surdus
1967 2014 1999 2040 et
2029 2015 2137 2041 mutus

1150 2054 1296 2079 curatur.
1341 2048 1417 2080 Non
1441 2060 1556 2081 omnes
1580 2050 1709 2091 aegroti
1733 2056 1904 2082 sanantur.
1941 2050 2037 2082 Multi
2060 2063 2138 2093 pau-

1148 2100 1246 2131 peres
1278 2101 1343 2122 non
1372 2092 1546 2124 ditescant.
1593 2092 1751 2124 Ionathas
1782 2094 1920 2125 moritur
1943 2094 1975 2125 in
2000 2094 2137 2136 proelio.

1148 2133 1216 2165 Sed
1240 2135 1430 2175 respondeo
1454 2136 1497 2167 ad
1520 2135 1702 2167 Minorem:
1734 2136 1819 2168 Sunt
1842 2136 2024 2179 privilegia,
2048 2137 2138 2170 scili-

1148 2183 1200 2208 cet
1224 2178 1256 2208 in
1279 2178 1410 2219 specie,
1434 2179 1494 2210 sed
1523 2189 1590 2210 non
1625 2185 1703 2210 sunt
1752 2178 1923 2222 rivilegia‚
1946 2181 1978 2211 in
2002 2190 2134 2223 genere.

1146 2219 1183 2251 ln
1207 2230 1331 2261 genere
1354 2221 1451 2253 etiam
1475 2227 1554 2255 sunt
1576 2222 1734 2254 universa
1750 2232 1787 2254 es
1807 2224 2048 2264 promissiones
2061 2234 2136 2256 cor-

1145 2262 1309 2304 poralium
1333 2265 1579 2297 beneficiorum.
1620 2265 1689 2297 Sed
1713 2266 1744 2297 in
1769 2267 1883 2308 specie
1906 2273 1982 2298 sunt
2004 2266 2136 2308 privile-

1145 2306 1211 2347 gia,
1234 2307 1267 2338 id
1291 2314 1355 2345 est,
1378 2318 1444 2340 non
1468 2316 1519 2339 est
1543 2318 1686 2341 necesse
1709 2310 1809 2340 istum
1832 2319 1989 2351 aegrum,
2019 2316 2075 2343 aut
2097 2309 2135 2342 il-

1144 2348 1211 2380 lum
1236 2348 1390 2382 claudum
1413 2352 1537 2383 sanari.
1583 2352 1650 2384 Sed
1676 2358 1785 2383 tamen
1816 2363 1929 2384 verum
1961 2358 2013 2385 est
2035 2354 2133 2385 etiam

1143 2392 1240 2424 istum
1275 2392 1430 2426 claudum
1454 2402 1644 2435 precantem
1682 2395 1848 2433 exaudiri,
1883 2400 1916 2426 et
1957 2397 2134 2438 impetrare

1142 2436 1385 2478 mitigationem⁴
1435 2437 1492 2470 Sic
1511 2445 1662 2479 tempore
1687 2439 1792 2480 pestis
1815 2439 1975 2470 orandum
1999 2445 2068 2478 est,
2096 2445 2133 2471 ut

1140 2476 1234 2510 Deus
1269 2480 1396 2519 mitiget
1433 2479 1661 2523 calamitates;
1706 2482 1750 2513 ita
1784 2481 1816 2512 in
1850 2480 1950 2512 bellis
1985 2489 2018 2513 et
2054 2481 2133 2515 aliis

1111 2517 1117 2577 J
1140 2520 1236 2553 malis
1254 2515 1397 2564 publicis
1420 2525 1565 2566 petenda
1589 2531 1640 2556 est
1663 2524 1835 2566 mitigatio.
1881 2523 1981 2556 Tales
2009 2535 2129 2567 preces

1138 2574 1206 2596 non
1230 2572 1306 2597 sunt
1327 2567 1457 2603 irritae;
1481 2568 1558 2609 quia
1581 2568 1730 2609 precatio
1753 2576 1886 2608 semper
1910 2566 1998 2599 valet
2022 2569 2055 2600 in
2073 2579 2129 2611 ge·

1137 2617 1234 2645 nere3
1258 2615 1290 2641 et
1311 2609 1463 2650 impetrat
1486 2611 1723 2653 mitigationem
1737 2633 1747 2648 ,
1784 2610 1911 2642 etiamsi
1936 2611 2037 2653 aliqui
2072 2622 2129 2654 pe-

1137 2657 1245 2683 reunt.
1290 2652 1346 2684 Sic
1369 2652 1478 2685 David
1502 2660 1574 2685 orat
1609 2663 1669 2695 pro
1694 2653 1848 2685 exercitu.
1895 2652 2050 2686 Precatio
2073 2665 2128 2686 va-
