2374 2985
958 347 1101 387 PARS
1132 346 1205 389 IV.

408 447 439 479 A
463 446 685 480 DOMINICA
707 447 782 481 XV.
806 447 919 481 POST
940 447 1187 484 TRINITATIS
1209 449 1359 487 USQUE
1381 451 1446 484 AD
1470 451 1607 486 FINEM
1629 452 1749 487 ANNI.

887 541 945 567 pag.

78 580 235 611 Dominica
250 581 320 612 XV.
344 584 414 621 post
436 580 601 612 Trinitatis.
625 581 732 612 Matth.
757 584 785 612 6.
828 605 834 611 .
882 585 942 612 453
963 592 1032 622 sqq.

79 636 236 668 Dominica
257 636 342 668 XVI.
366 640 437 677 post
460 636 622 668 Trinitatis.
652 638 727 668 Luc.
752 640 778 668 7.
825 660 832 667 .
880 640 937 668 481
986 658 1029 665 .-

73 693 228 725 Historica
245 695 283 725 de
307 693 482 724 Inventione
506 698 537 724 et
558 693 750 724 Exaltatioue
773 704 835 724 cru-

119 752 164 781 cis
188 749 317 789 Christi,
342 751 428 780 cuius
452 750 483 780 fit
505 751 617 780 mentio
637 752 665 780 in
685 750 832 780 Calenda-

115 807 167 836 riis
191 807 240 836 dic
271 809 317 836 14.
342 806 500 846 Septemb.
554 828 830 837 ......
878 809 938 838 498
988 827 1022 832 -

75 861 271 903 Evangeiium
285 863 324 893 de
336 862 504 892 Vocatione
521 862 665 893 Matthaei
678 863 832 902 Apostoli,

115 918 223 950 Matth.
253 922 294 954 9.,
322 920 408 949 cuius
436 929 543 949 nomen
572 919 755 958 adscriptum
784 923 833 950 est

116 977 146 1005 in
171 975 361 1005 Calendariis
380 975 429 1004 die
450 976 498 1005 21.
519 976 675 1014 Septemb.
714 998 720 1004 .
769 998 775 1004 .
822 1001 829 1008 .
877 979 938 1008 509
984 995 1025 1001 -

74 1030 232 1062 Dominica
252 1030 351 1062 XVII.
375 1035 444 1071 post
466 1030 630 1061 Trinitatis.
654 1031 729 1061 Luc.
757 1034 804 1062 14.
820 1054 828 1061 .
875 1035 936 1062 533
983 1053 1023 1058 -

71 1087 269 1126 Evangelium
292 1089 320 1117 in
344 1087 392 1117 die
415 1087 587 1117 Michaelis.
607 1087 712 1117 Matth.
737 1090 784 1117 18.
820 1110 828 1117 .
876 1091 937 1118 570
985 1109 1016 1114 -

71 1142 120 1174 De
143 1144 210 1173 divo
233 1143 429 1183 HieronymO,
453 1144 539 1173 cuius
563 1154 670 1173 nomen
694 1144 830 1183 assigna-

113 1204 175 1231 tum
198 1203 246 1229 est
275 1200 304 1229 in
330 1198 519 1229 Calendariis
539 1200 577 1228 ad
600 1200 678 1229 diem
704 1203 752 1231 30.
776 1199 831 1230 Se·

112 1256 224 1295 ptemb.
282 1277 825 1287 ...........
873 1259 933 1288 605
980 1276 1020 1282 .-

69 1310 227 1341 Dominica
249 1310 362 1342 XVIII.
386 1315 456 1352 post
475 1310 634 1341 Trinitatis.
654 1311 761 1342 Matth.
777 1313 826 1342 22.
875 1316 934 1344 608
982 1333 1018 1338 -

70 1366 230 1397 Dominica
250 1366 335 1398 XIX.
358 1372 430 1408 post
453 1367 614 1399 Trinitatis.
658 1367 771 1400 Matth.
797 1372 825 1401 9.
874 1373 933 1401 635
978 1389 1019 1394 -—

70 1422 118 1453 De
140 1423 173 1453 S.
189 1423 289 1459 Gallo,
308 1423 357 1454 die
383 1427 429 1456 16.
443 1424 597 1460 Octobris,
620 1426 691 1456 item
715 1426 753 1456 de
769 1425 829 1456 De-

110 1479 271 1510 mosthene
312 1503 319 1510 .
366 1502 373 1510 .
473 1503 480 1510 .
527 1492 593 1521 pag.
620 1484 679 1512 (163
704 1493 772 1522 sqq.
797 1487 828 1514 et
873 1486 932 1515 669
979 1503 1018 1508 -

70 1534 118 1565 De
141 1535 290 1576 Dionysio
314 1537 514 1577 Areopagita,
535 1542 565 1568 et
588 1536 754 1575 Corinthio,
779 1539 829 1569 die

111 1594 139 1622 9.
160 1591 274 1622 Octobr
275 1615 824 1628 ...........
872 1599 931 1627 667
978 1615 1019 1620 -

66 1645 225 1678 Dominica
242 1648 310 1679 XX.
335 1653 405 1689 post
431 1648 596 1680 Trinitatis.
636 1650 743 1682 Matth.
775 1653 823 1682 22.
872 1655 931 1683 672
977 1672 1019 1677 —

69 1701 128 1733 Die
150 1703 254 1733 Lucae
271 1704 496 1745 Emagelistae,
522 1708 571 1745 qui
596 1708 623 1736 in
638 1705 826 1738 Calendariis

109 1760 279 1799 adscriptus
299 1765 348 1791 est
370 1762 407 1791 ad
431 1761 510 1791 diem
537 1767 584 1793 18.
609 1762 733 1794 Octobr.
763 1788 770 1795 .
816 1789 823 1796 .
871 1768 931 1796 686
977 1784 1018 1789 -

67 1813 225 1845 Dominica
246 1816 329 1847 Md.
353 1822 422 1857 post
441 1818 606 1850 Trinitatis.
651 1819 714 1850 Ioh.
741 1824 768 1850 4.
816 1844 822 1850 .
869 1823 929 1852 694
978 1842 1014 1846 —

1921 549 1981 576 vag-

1103 583 1164 615 Dio
1186 584 1323 616 Simonis
1347 590 1379 617 et
1406 585 1517 622 Iudae,
1547 587 1598 628 qui
1626 592 1675 618 est
1704 589 1732 618 in
1762 587 1871 619 Calen-

1147 641 1239 672 dariis
1261 643 1310 673 28.
1331 642 1448 673 Octobr
1450 665 1860 675 .........

1102 697 1264 728 Dominica
1285 698 1384 730 XXII.
1404 704 1475 740 post
1498 700 1663 730 Trinitatis.
1685 700 1793 731 Matth.
1818 704 1866 732 18.
1915 705 1975 733 715

1102 753 1301 794 Evangelium
1348 757 1377 786 in
1417 756 1466 786 (lie
1502 756 1645 787 Omnium
1678 757 1868 788 Sanctorum.

1144 810 1251 841 Matth.
1273 814 1302 842 5.
1914 816 1974 845 739

1101 866 1262 897 Dominica
1273 867 1383 899 XXIII.
1403 873 1475 909 post
1492 868 1658 900 Trinitatis.
1682 869 1788 900 Matth.
1814 871 1864 900 22.
1913 873 1973 901 784

1100 923 1251 954 Historica
1263 925 1301 954 de
1311 925 1380 954 divo
1389 925 1624 961 Martino‚cuius
1636 937 1744 956 nornen
1758 927 1867 956 adscri-

1143 984 1226 1019 ptum
1244 985 1293 1010 est
1318 982 1345 1010 in
1366 980 1556 1011 Calendariis
1575 982 1625 1012 die
1641 986 1688 1012 11.
1702 981 1864 1014 Novembr.
1911 986 1973 1014 814

1098 1035 1258 1065 Dominica
1277 1035 1392 1067 XXIV.
1417 1042 1488 1077 post
1511 1037 1677 1068 Trinitatis.
1702 1039 1810 1070 Matth.
1835 1042 1863 1071 9.
1910 1042 1967 1070 821

1098 1092 1148 1121 De
1171 1092 1204 1121 S.
1224 1091 1414 1128 Eiizabetha‚
1439 1095 1525 1123 cuius
1549 1104 1657 1124 nomen
1680 1096 1866 1135 adscriptum

1142 1151 1191 1177 est
1214 1149 1242 1177 in
1258 1147 1448 1178 calendariis
1472 1150 1510 1179 ad
1534 1150 1613 1179 diem
1637 1153 1684 1182 19.
1698 1150 1862 1184 Novembr.
1909 1155 1970 1183 848

1097 1203 1258 1233 Dominica
1279 1203 1382 1234 XXV.
1404 1209 1476 1244 post
1494 1204 1658 1236 Trinitatis.
1681 1206 1791 1237 Matth.
1812 1208 1863 1237 24.
1909 1211 1971 1239 854

1097 1259 1157 1289 Die
1184 1261 1231 1290 25.
1258 1260 1457 1297 Novembris,
1483 1262 1530 1291 cui
1555 1262 1739 1302 adscriptum
1764 1267 1814 1294 est
1836 1264 1865 1293 in

1140 1315 1330 1347 calendariis
1354 1328 1463 1347 nomen
1487 1317 1677 1350 Catharinae.
1855 1343 1862 1350 .
1909 1324 1967 1352 881

1096 1372 1257 1403 Dominica
1278 1372 1394 1404 XXVI.
1420 1378 1492 1414 post
1514 1374 1677 1406 Trinitatis.
1724 1375 1787 1407 loh.
1814 1379 1861 1408 10.
1909 1380 1968 1408 887

1096 1430 1251 1460 Historica
1273 1431 1311 1461 de
1340 1431 1522 1470 quibusdam
1545 1431 1636 1462 sestis
1662 1432 1788 1469 diebus,
1813 1434 1863 1474 qui

1139 1487 1274 1517 incidunt
1302 1487 1362 1519 sub
1388 1488 1504 1518 initium
1527 1489 1644 1519 mensis
1667 1488 1859 1522 Decembris.
1907 1494 1966 1523 897

1140 1542 1188 1573 Dc
1218 1543 1298 1574 festo
1329 1543 1547 1585 Conceptionis
1580 1544 1717 1582 Mariae,
1753 1547 1803 1577 die
1833 1550 1861 1579 8.

634 1973 940 2033 Postumi]
986 1977 1500 2039 MELANTHOMANAE

919 2100 1209 2144 APPENDIX

353 2184 379 2216 E
403 2185 585 2218 nuossus
609 2186 850 2232 σουιοῐΒυεΔ
869 2192 1198 2231 MANUSCRIPTls
1220 2197 1382 2230 SEcUu
1404 2197 1492 2231 xvr.
1515 2198 1773 2233 DEPROMTA.

525 2273 554 2304 A
576 2273 798 2308 nomch
821 2277 1064 2312 ADVENTUS
1088 2281 1151 2315 AD
1175 2283 1434 2318 DomlNchM
1456 2284 1600 2318 ocum.

451 2413 558 2444 matth.
584 2417 659 2447 21..
705 2440 712 2447 .
760 2441 767 2449 .

61 2463 220 2494 Dominica
239 2464 259 2495 I.
285 2472 355 2505 post
373 2469 553 2500 Adventum.
599 2472 674 2503 Luc.
699 2475 747 2505 21.

63 2407 219 2439 Dominica
239 2410 406 2442 Adventus

873 2380 931 2405 1)θὲ-

813 2443 820 2450 .
866 2424 924 2452 903
945 2432 1014 2463 sqq.

810 2498 817 2506 .
864 2480 924 2508 908
973 2498 1008 2502 -

60 2518 219 2549 Dominica
242 2519 276 2551 II.
308 2528 378 2562 post
406 2525 589 2557 Adventum.
633 2529 742 2560 Matth.
770 2534 817 2562 11.
864 2536 923 2564 912
973 2553 1008 2558 -

60 2574 217 2605 Dominica
236 2576 284 2609 III.
308 2584 379 2618 post
397 2581 578 2613 Adventum.
624 2583 687 2616 Ioh.
716 2590 742 2616 1.
810 2610 816 2617 .
864 2592 924 2619 915

59 2629 91 2661 In
113 2632 163 2661 die
186 2631 359 2664 Nativitatis
380 2635 502 2668 Christi.
548 2637 623 2670 Luc.
645 2643 673 2670 2.
700 2664 706 2670 .
754 2664 761 2671 .
807 2665 813 2671 .
862 2647 922 2675 918

2031 188 2093 223 XII

1907 648 1968 676 710
2013 657 2084 688 sqq.

1181 1599 1334 1630 Deccmbr
1335 1622 1858 1634 ...........
1905 1606 1966 1636 898

1136 1655 1185 1686 De
1207 1656 1335 1686 Nicolao
1339 1680 1857 1690 ...........
1905 1663 1966 1693 898

1137 1712 1197 1742 Die
1210 1713 1361 1749 Andreae,
1376 1715 1425 1754 qui
1440 1715 1467 1743 in
1478 1712 1669 1746 Calendariis
1681 1716 1862 1748 adscribitur

1179 1769 1216 1799 ad
1242 1771 1293 1799 30.
1316 1769 1470 1802 Novembr
1472 1794 1853 1803 ........
1901 1776 1961 1805 899
2006 1784 2055 1815 sq.

1903 2391 1961 2418 pag.

1086 2424 1118 2455 In
1142 2427 1191 2457 die
1215 2428 1318 2459 Sancti
1342 2428 1501 2470 Stephani.
1545 2432 1615 2462 Act.
1637 2434 1665 2463 6.
1689 2437 1720 2463 et
1744 2436 1771 2463 7.
1841 2457 1847 2464 .
1894 2434 1955 2465 922
1974 2444 2043 2474 sqq.

1086 2481 1117 2511 In
1142 2483 1191 2513 die
1211 2482 1353 2515 Iohannis
1376 2485 1594 2527 Evangelistae
1597 2510 1848 2521 ......
1895 2492 1956 2522 925
2002 2507 2045 2513 —-

1057 2533 1060 2592 ι
1084 2538 1246 2570 Doininica
1268 2546 1341 2581 post
1363 2542 1475 2573 festum
1488 2543 1674 2575 Natis-itatis.
1697 2545 1804 2577 Matth.
1819 2548 1846 2577 2.
1894 2549 1955 2578 929
2000 2564 2043 2571 —-

970 2610 1011 2615 —-
1057 2593 1060 2634 1
1085 2592 1116 2623 In
1141 2595 1190 2625 die
1214 2598 1454 2629 circumcisionis
1478 2599 1609 2631 Domini.
1652 2601 1729 2632 Luc.
1756 2604 1784 2632 2.

970 2666 1008 2671 —-
1056 2648 1116 2678 'In
1135 2650 1314 2691 Epiphaniis
1333 2654 1464 2686 Domini.
1509 2655 1615 2689 Matth.
1640 2658 1667 2687 2.
1731 2680 1741 2689 .
1785 2681 1791 2688 .
1837 2685 1845 2693 .
1892 2663 1954 2692 936
1999 2680 2041 2685 -

1838 2605 2041 2635 ,932-
