2343 2970
199 156 220 187 U(

222 156 263 187 a

291 253 371 294 ‚Sed
405 269 529 307 quare
563 254 674 293 Deus
707 254 878 293 instituit
909 253 1093 293 menses?

200 423 362 453 destinata
395 429 463 459 est,
497 429 631 462 propter
660 421 835 460 humores,
866 423 920 463 qui
944 423 1038 454 varie
1061 428 1180 463 tempe-

198 472 315 496 rantur
338 476 479 496 accessu
512 471 544 495 ct
574 475 711 496 ret-essu
739 465 853 496 Lunae
877 476 896 496 a
920 464 1015 496 Sole:
1050 466 1109 496 sed
1133 465 1181 496 lo-

200 518 283 549 quor
305 507 550 539 Matlieinaiice.
596 507 732 539 Menses
756 509 856 550 igitur
875 515 951 539 sunt
969 509 1120 546 instituti,
1145 514 1180 540 ut

198 551 375 582 metiantur
398 561 531 582 (ninum.

837 157 949 188 PlllL.
972 156 1076 188 MEL,
1100 155 1287 188 SCRIPTA
1310 153 1573 187 EXEGE'HCA.

1203 298 1205 328 ἑ
1232 294 1273 324 ad
1299 292 1576 324 coniunctionem.

287 335 415 367 Rursus
441 347 503 366 uon
530 337 604 367 (lieo
628 337 668 365 tle
692 335 845 378 Physicis
865 336 1049 369 mensibus.
1070 335 1121 367 vel
1139 337 1180 367 ‹le
1203 363 1207 377 f

198 379 339 420 physica
364 379 520 415 utilitate,
545 390 629 419 quae
652 380 693 409 ad
719 386 977 419 temperfflnenta
1002 389 1179 419 corporum
1205 393 1207 413 2

2149 155 2214 188 536

1467 248 1590 279 Postea
1614 259 1729 280 rursus
1752 249 1877 289 deficit,
1907 260 1947 281 ac
1971 250 2101 281 tandem
2124 251 2214 282 venit

1623 292 1707 323 Sunt
1726 300 1865 334 quatuor
1878 300 2026 334 quartae,
2040 294 2214 324 distinctae

1232 252 1421 287 πανσέληνος.

1232 337 1305 377 ipsa
1329 336 1443 376 speeie
1466 334 1607 365 luminis.

1320 378 1556 409 llelulomailne
1596 378 1728 418 proprie
1762 384 1837 409 sunt
1874 378 2109 410 Hebraeorum.
2177 379 2213 411 ln

1233 421 1359 452 Latinis
1383 421 1530 451 historiis*
1553 419 1684 451 habetis
1709 421 1938 452 trinumlintnn.
1985 422 2104 453 (ii-aeci
2133 422 2213 453 ‹livi-

1234 471 1350 496 serunt
1375 475 1519 495 inensem
1545 464 1574 494 in
1596 470 1663 495 tres
1688 463 1863 501 Dee-acles3
1892 466 1933 496 ita.
1961 465 2063 496 Latini
2096 466 2125 495 in
2159 467 2213 496 tri-

1233 508 1406 545 nundinas,
1431 508 1558 544 idest,
1594 507 1624 537 in
1660 513 1727 537 tres
1763 508 1972 539 novenarius.
2018 510 2072 538 ,Ἢν
2094 508 2214 540 habens

1230 555 1366 592 (κηρυκι
1388 550 1564 587 nundinas,
1587 550 1619 580 iil
1644 556 1712 588 est,
1742 551 1960 582 novendinas.
2006 552 2122 582 Nonae
2145 562 2213 583 non

1204 593 1208 639 Ι
1231 604 1251 624 a
1260 604 1380 625 novem
1393 594 1557 631 (licuntur,
1570 593 1661 623 seda
1675 597 1821 631 νεομενία.
1845 593 2062 625 Novendinac
2078 601 2110 625 et
2122 594 2211 625 Nun-

1205 645 1207 654 *
1233 637 1328 667 dinae
1341 642 1585 674 suntanovem,
1599 636 1687 677 quod
1701 636 1864 677 designat,
1877 647 1996 667 novem
2007 637 2131 668 dierum
2139 647 2212 678 spa-

350 715 496 756 Amius
528 716 682 756 Latinis
714 717 822 757 unde
856 716 1028 757 dieitur?
1203 730 1208 806 Ι

1233 681 1321 710 tium.
1340 679 1387 710 lta
1395 680 1577 710 diviserunt
1586 689 1734 710 mensem
1743 689 1808 709 non
1819 680 2068 711 accuratissima
2080 691 2213 721 compu-

1232 723 1366 760 tatione,
1384 721 1531 754 ‹tarnat-lt
1549 722 1651 753 haben
1663 723 1710 753 sie
1721 726 1819 753 encas
1831 732 1866 753 :u
1875 722 1985 763 ychen.
2010 722 2101 754 Sicut
2115 725 2213 754 etiam

1231 766 1263 796 in
1277 763 1332 796 illa
1345 765 1566 796 eruditissima
1579 766 1834 805 computatione,
1849 776 1914 806 qua
1927 776 1989 796 nos
2006 767 2143 804 utimur,
2165 772 2212 797 ta-

282 807 312 838 A
329 807 478 845 circuitu,
501 809 542 839 ab
568 817 619 845 zm,
645 806 698 838 vel
722 806 820 848 ἀμφὶ,
849 809 938 850 quod
961 814 1031 846 est,
1054 809 1178 839 circum.
1202 826 1207 851 Ι
1231 818 1306 840 men
1330 814 1381 839 est
1405 818 1487 849 opus
1512 808 1674 839 bissextili
1697 818 1796 846 annO,
1821 809 1901 839 oder
1923 808 2185 841 intercalatione.

202 849 260 880 Wo
285 850 334 879 ihr
357 850 430 880 habt
455 861 507 888 an,
531 850 585 882 vel
609 861 669 888 ani,
691 851 735 880 cla
752 851 833 881 lzee'st
857 862 889 882 es
913 853 1038 886 circum,
1062 857 1097 884 ut
1114 863 1178 883 am-

196 894 292 925 bitus.
340 893 459 925 Graeci
483 894 605 925 habent
627 893 826 926 vocabulum
849 896 932 933 ἔτος,
960 895 1048 937 quod
1080 895 1178 926 etiam

196 936 365 979 significat
389 937 646 969 continuitatem.
1201 948 1208 994 ζ

284 1102 437 1143 Mensis
469 1103 577 1143 unde
610 1104 738 1144 habet
769 1118 920 1144 nomen
951 1104 1096 1146 suum?

281 1193 413 1226 Dicitur
434 1194 521 1233 μήνη,
546 1195 577 1226 id
601 1200 663 1233 est,
686 1194 793 1233 Luna,
818 1197 874 1225 wie
895 1197 953 1225 wir
970 1196 1048 1225 αιιοΙι
1066 1206 1177 1235 stt-qen,

194 1236 305 1266 Manat
328 1248 393 1266 eom
415 1238 524 1270 Mond.
566 1238 693 1269 Latinis
717 1237 795 1269 luna
819 1239 1058 1270 estalucendo.
1083 1239 1177 1271 Men-

194 1280 242 1311 sis
266 1279 326 1312 fuit
344 1281 449 1321 prima
473 1291 627 1313 mensura
650 1283 811 1322 pati·ibuS‚
834 1288 952 1322 postea
972 1283 1177 1314 animadver-

195 1329 307 1354 terunt
332 1334 517 1365 congruere
540 1335 673 1362 annum,
699 1323 752 1357 vel
771 1326 942 1356 circuitum
956 1324 1045 1357 Solis
1058 1327 1100 1357 ad
1114 1327 1175 1358 cir-

195 1367 318 1398 cuitum
342 1367 515 1400 duodecim
538 1368 710 1406 mensium,
734 1368 852 1400 additis
877 1369 993 1400 diebus
1014 1367 1152 1410 aliquot.

262 1532 398 1583 Quare
431 1540 524 1574 sunt
555 1534 762 1574 institutae
794 1534 1105 1575 hebdomades?

280 1624 350 1656 Hae
374 1626 471 1657 etiam
494 1631 569 1657 sunt
593 1625 748 1656 divinitus
772 1626 958 1664 institutae,
981 1631 1016 1657 ut
1039 1626 1175 1657 dicitur:

191 1669 261 1699 Sex
283 1668 391 1697 diebus
416 1669 605 1707 operaberis,
629 1672 658 1697 et
681 1670 829 1707 septimus
852 1669 920 1697 dies
932 1670 992 1698 erz't
1007 1669 1075 1698 dics
1092 1671 1176 1708 qnie-

193 1713 245 1742 tis.
281 1711 350 1740 Dus
366 1716 443 1741 ἀνον-Ι
457 1711 651 1750 Sabbatum,
674 1722 738 1740 tons
755 1711 874 1741 lzet'sls?
900 1712 927 1742 l.
952 1711 1066 1750 Quies,
1079 1712 1176 1741 Selta-

192 1754 277 1792 bath,
301 1756 359 1784 ists
378 1755 464 1784 nieht
488 1755 547 1784 ‹Ias
570 1760 648 1787 wore
669 1755 764 1785 Saba.
788 1754 953 1786 Differunt
976 1765 1041 1788 una
1066 1754 1175 1794 litera,

194 1808 391 1839 quamquam
426 1804 502 1830 sunt
536 1798 644 1830 vicina
678 1797 855 1830 vocabula.
908 1798 1089 1830 Sabbatum
1120 1798 1177 1827 der

193 1841 334 1880 rulzetuy.

314 2004 402 2051 DHS
432 2010 530 2050 wart
559 2008 590 2047 F
594 2014 772 2063 eyertag,
804 2009 914 2048 unde
946 2007 1086 2048 venit?

281 2098 313 2130 A
335 2098 437 2130 feriis.
462 2097 559 2129 Unde
582 2097 707 2130 seriae?
725 2100 767 2130 ab
792 2098 882 2142 ἱερὸν,
896 2099 928 2130 id
942 2104 1037 2137 est,a
1059 2099 1178 2137 sacris,

194 2151 262 2173 non
286 2152 305 2172 a
329 2140 486 2173 feriendo.
532 2141 701 2173 institutae
720 2149 796 2174 sunt
819 2149 928 2174 autem
938 2142 1178 2181 hebdomadae,

195 2191 231 2216 ut
253 2185 430 2216 metiantur
452 2194 609 2216 mensem.

236 2350 371 2401 Quare
404 2357 498 2391 sunt
530 2352 556 2390 4
588 2350 869 2391 hebdomades
901 2352 941 2391 in
973 2351 1141 2394 mense?

1318 851 1383 881 Die
1401 851 1540 882 Romani
1569 851 1671 882 leuben
1697 851 1847 892 yelmlten
1869 851 2099 883 trinundinum.
2145 851 2212 883 No—

1230 903 1294 925 nus
1327 894 1398 925 dies
1431 894 1492 926 fuit
1527 895 1574 925 eis
1604 893 1766 932 festivus,
1800 895 1845 925 cla
1868 895 1942 925 sind
1964 895 2016 925 (1ιέ
2039 896 2120 926 lente
2141 905 2213 926 vom

1232 937 1330 968 acher
1352 937 1506 968 Ιιόηιηιεηι
1532 936 1690 968 Homines
1705 939 2025 969 conveniebanttum
2038 939 2079 969 ad
2102 948 2213 978 sacra,

1231 980 1382 1011 ‹tm-uach
1400 980 1501 1011 haben
1524 981 1570 1011 sie
1593 980 1792 1011 {abraam-cm
1811 981 1937 1011 claraus
1946 981 2102 1022 9emaclzt.
2147 981 2214 1012 Ila-

1231 1024 1374 1055 buerunt
1408 1024 1505 1054 ctiam
1528 1022 1660 1054 Ethnici
1693 1032 1755 1054 sua
1785 1024 1946 1065 quaedam
1979 1034 2087 1055 sacra.
2144 1023 2214 1056 Sed

1232 1065 1324 1098 obliti
1348 1067 1520 1097 doctrinae
1542 1072 1696 1107 patrum,
1729 1065 1817 1107 lapsi
1851 1072 1929 1097 sunt
1962 1067 1994 1097 in
2023 1065 2214 1099 horribilem

1229 1110 1415 1140 amentiam.
1459 1108 1535 1140 Non
1547 1107 1780 1140 intellexerunt
1793 1110 1874 1140 ritus
1892 1115 2077 1149 parentum,
2090 1110 2214 1142 amissa

1230 1153 1404 1190 doctrina,
1439 1159 1471 1184 et
1506 1159 1614 1183 tamen
1648 1150 1790 1193 aliquam
1823 1162 1938 1183 eorum
1970 1151 2214 1185 similitudinem

1229 1197 1443 1227 retinuerunt.
1490 1194 1615 1226 Postea
1639 1205 1738 1226 sacra
1767 1195 1865 1226 etiam
1895 1194 1951 1226 illa
1982 1201 2151 1228 verterunt
2179 1196 2214 1228 in

1229 1244 1413 1270 mercatus:
1436 1238 1523 1270 sicut
1546 1239 1579 1269 in
1603 1236 1766 1270 Ecclesia.

1317 1282 1426 1322 Saepe
1454 1280 1575 1323 legitur
1605 1282 1692 1322 apud
1712 1281 1894 1322 scriptores
1918 1281 1960 1312 de
1982 1280 2112 1323 legibus
2135 1280 2214 1313 latis

1228 1325 1261 1356 in
1283 1324 1499 1355 Trinundino.
1545 1324 1580 1354 In
1605 1325 1718 1364 primis
1741 1325 1897 1355 nundinis
1921 1324 1978 1356 lmt
2001 1334 2073 1356 man
2091 1335 2214 1365 propo-

1228 1369 1325 1405 m‘ert,
1349 1367 1506 1398 secundis
1529 1367 1683 1398 nundinis
1706 1367 1763 1397 lmt
1786 1377 1859 1397 man
1883 1368 2012 1398 darton
2026 1369 2152 1407 yet-ecit.
2176 1367 2214 1399 In

1229 1411 1333 1442 tertiis
1357 1410 1511 1441 nundinis
1535 1410 1591 1440 hat
1608 1419 1700 1441 mans
1723 1410 1921 1441 bsssclzlossen
1943 1410 2009 1441 mul
2025 1411 2213 1452 bestettfiqet.

1228 1453 1355 1484 Eadem
1390 1454 1597 1484 consuetudo
1627 1452 1688 1484 fuit
1718 1452 1871 1484 Athenis.
1925 1453 2037 1495 Leges
2068 1452 2156 1485 latae
2179 1454 2213 1486 in

1229 1497 1326 1528 tertia
1349 1494 1516 1533 Ecclesia,
1541 1496 1735 1526 dicebantur
1757 1500 1866 1536 κυρίαι.

1316 1538 1455 1579 Semper
1478 1538 1543 1569 hoe
1561 1538 1597 1569 fit
1626 1539 1658 1568 in
1687 1539 1832 1576 mundo,
1860 1543 1896 1568 ut
1925 1538 2086 1569 minorem
2116 1539 2213 1570 ratio-

1229 1592 1304 1613 nem
1327 1580 1471 1612 habeant
1494 1580 1646 1612 homines
1670 1581 1852 1619 doctrinae,
1877 1585 1909 1611 et
1932 1581 2038 1621 magis
2063 1581 2130 1612 sint
2159 1592 2214 1613 oc-

1230 1625 1338 1666 cupati
1363 1625 1572 1662 ceremoniis,
1597 1624 1683 1655 sieut
1706 1625 1831 1654 nostr³s
1859 1625 2061 1664 temporibus
2090 1623 2215 1656 sactum

1229 1674 1290 1699 est.
1337 1667 1373 1698 Si
1397 1677 1511 1698 omnes
1537 1677 1712 1708 possemus
1737 1665 1876 1698 fundere
1898 1672 2024 1697 tantam
2037 1666 2212 1700 lachrima-

1228 1722 1301 1742 rum
1324 1711 1401 1748 vim,
1424 1715 1578 1751 quantam
1603 1709 1699 1741 Albis
1719 1709 1821 1741 voluit
1843 1710 1996 1746 assidue3
2014 1716 2123 1741 tamen
2145 1720 2214 1742 non

1229 1759 1343 1786 essent
1367 1763 1464 1794 pares
1488 1753 1701 1794 magnitudini
1725 1752 1814 1785 illius
1833 1753 1923 1790 mali,
1943 1753 2031 1794 quod
2055 1758 2120 1784 tam
2144 1754 2212 1785 cito

1229 1797 1380 1829 doctrina
1403 1802 1455 1828 est
1478 1797 1679 1837 depravata,
1715 1803 1747 1827 et
1776 1797 1859 1827 titus
1883 1795 2113 1827 Ecclesiastici
2136 1806 2214 1828 con-

1229 1840 1317 1872 versi
1342 1846 1418 1871 sunt
1441 1841 1472 1871 in
1510 1838 1607 1871 idola.
1654 1839 1734 1871 Inde
1767 1838 1877 1871 adhuc
1906 1845 2061 1880 superest
2085 1844 2211 1872 tantum

1229 1882 1403 1921 malorum,
1426 1888 1538 1914 tantae
1561 1881 1775 1914 confusiones
1799 1883 2008 1922 opinionum,
2031 1887 2141 1914 tantae
2165 1883 2212 1914 ‹li-

1231 1927 1433 1958 stractiones
1446 1924 1629 1957 Ecclesiae.
1675 1925 1770 1956 Deus
1786 1924 1923 1967 colligat
1935 1925 1997 1955 sibi
2011 1924 2211 1962 Ecclesiam,

1230 1975 1263 2001 et
1285 1970 1447 2000 instauret
1470 1979 1510 1999 ac
1533 1969 1649 1999 reddat
1673 1966 1780 1999 lucem
1793 1966 1965 2009 Evangelii
1989 1968 2051 2005 sui,
2068 1974 2101 1998 et
2119 1978 2212 2010 spar-

1231 2018 1287 2055 gat
1310 2022 1381 2043 eam
1406 2010 1532 2048 lucem3
1555 2022 1623 2042 non
1646 2011 1731 2042 sinat
1756 2011 1827 2042 fieri
1841 2009 2024 2042 diabolicas
2038 2012 2210 2043 vastitates

1230 2062 1262 2088 et
1285 2055 1451 2087 tenebras.

1316 2097 1372 2129 Νιι
1400 2097 1463 2128 hab
1486 2096 1535 2127 ich
1554 2101 1670 2137 yesnyt
1691 2096 1732 2127 de
1763 2106 1898 2128 caussa:
1933 2095 2038 2132 Quem
2069 2094 2212 2129 voluerit

1230 2141 1324 2173 Deus
1348 2150 1426 2172 esse
1447 2139 1662 2181 principalem
1686 2138 1782 2172 finem
1806 2140 2027 2171 distinctionis
2051 2149 2111 2171 seu
2124 2140 2210 2172 ordi-

1231 2186 1282 2216 nis
1306 2184 1395 2222 anni,
1418 2183 1594 2220 mensium,
1619 2182 1885 2223 septimanarum.
1931 2182 1988 2214 Sic
2020 2189 2131 2213 autem
2165 2183 2210 2214 di-

1232 2228 1364 2259 stribuit
1389 2227 1481 2257 Deus
1505 2226 1537 2256 in
1561 2225 1705 2267 qualibet
1729 2227 1911 2267 septimana
1935 2226 2024 2262 dies,
2052 2230 2088 2256 ut
2109 2226 2210 2266 septi·

1232 2282 1319 2302 mum
1342 2269 1482 2302 voluerit
1505 2279 1581 2299 esse
1594 2269 1788 2300 Sabbatum.
1834 2268 1928 2304 Quae
1940 2269 1981 2300 de
1999 2278 2122 2299 caussa
2144 2268 2210 2300 hoc

1232 2314 1445 2346 constitutum
1467 2318 1517 2343 est
1542 2323 1561 2343 a
1584 2311 1682 2342 Deo?
1727 2311 1938 2353 Respondeo.
1983 2310 2027 2341 Ut
2055 2309 2109 2342 ille
2138 2312 2209 2343 dies

1232 2357 1402 2398 septimus,
1425 2361 1514 2387 esset
1537 2356 1756 2386 testiinonium
1777 2355 1955 2387 creationis
1968 2377 1977 2392 ,
2012 2353 2067 2385 vel
2096 2365 2210 2386 monu-

1203 2411 1207 2420 ·
1231 2406 1376 2432 mentum
1400 2399 1568 2430 doctrinae
1593 2398 1633 2429 (le
1657 2398 1838 2436 creatione,
1861 2404 1961 2439 atque
1984 2397 2028 2428 ita
2050 2395 2105 2428 ille
2138 2397 2210 2429 dies

284 2441 369 2477 Quia
399 2448 476 2474 sunt
505 2447 647 2483 quatuor
674 2441 789 2483 φάσεις.
835 2441 929 2474 Luna
957 2443 1096 2484 primum
1127 2448 1179 2475 est

197 2485 366 2525 μηνοειδής,
391 2486 523 2527 quando
546 2486 673 2527 prodit,
698 2486 731 2516 id
754 2490 827 2523 est,
862 2486 1090 2525 corniculata,
1124 2485 1178 2518 vel

197 2526 331 2560 falcata.
377 2528 469 2561 Haec
493 2535 544 2560 est
571 2530 674 2570 prima
697 2534 833 2570 quarta3
867 2529 972 2570 prima
1004 2530 1178 2570 apparitio,

197 2572 301 2613 prima
324 2571 422 2612 φάσις.
469 2572 625 2604 Secunda
649 2571 760 2613 φάσις,
779 2572 859 2603 oder
888 2572 1037 2604 secunda
1060 2578 1178 2614 quarta

197 2621 272 2654 est,
308 2616 396 2657 quod
431 2621 482 2647 est
514 2615 687 2656 διχότομοςε
722 2615 830 2647 donec
861 2614 919 2647 flat
950 2614 1177 2657 plenilunium,

1233 2444 1432 2475 tribueretur
1458 2439 1600 2483 singulis
1635 2441 1826 2482 septimanis
1861 2440 2039 2472 conventui
2073 2439 2209 2481 publico

1231 2487 1274 2518 ad
1308 2485 1580 2527 propagationem
1611 2485 1793 2516 doctrinae.
1844 2483 1936 2515 Sicut
1968 2483 2064 2514 nobis
2094 2489 2210 2514 noster

1231 2530 1301 2561 dies
1325 2528 1518 2560 Dominicus
1541 2526 1639 2560 debet
1657 2538 1736 2559 esse
1758 2532 2002 2558 monumentum
2031 2526 2071 2557 de
2099 2536 2209 2557 resur-

1230 2573 1377 2604 rectione
1400 2570 1488 2602 Filii:
1511 2571 1587 2613 quia
1599 2570 1754 2612 Apostoli
1766 2568 2004 2602 transtulerunt
2027 2569 2112 2599 diem
2129 2568 2209 2599 Sab-

1231 2616 1298 2648 bati
1321 2615 1354 2646 in
1377 2615 1515 2657 primum
1539 2615 1623 2646 diem
1646 2615 1863 2656 septimanae,
1883 2623 1981 2655 quem
2002 2611 2209 2643 nominamus
