2343 2970
107 223 172 254 365

107 327 172 355 ser,
195 317 261 347 und
283 315 465 347 sandei-liele
483 320 620 356 stagna,
651 312 799 344 stelcemlc
820 321 942 343 wasser
964 311 1087 342 Iwz'ssen

107 362 155 393 sz'c
177 360 290 391 maria.

195 402 286 433 Haec
299 400 522 432 Grammatica
544 398 782 431 vocabulorum
806 397 982 438 explicatio
1007 395 1085 428 mul-

107 452 175 478 tum
198 444 281 476 lucis
304 445 392 475 addit
417 444 477 484 ipsi
502 444 672 475 doctrinae
696 447 726 473 et.
740 441 907 472 historiae.
944 441 993 471 Im
1008 439 1086 471 Νιέ-

109 489 260 521 derlandi
294 486 363 518 Itali
399 487 534 519 dicunt:
589 486 650 517 Est
684 487 791 516 bonus
826 484 1086 515 Grannnaticus:

108 532 199 574 Ergo
223 537 273 561 est
296 530 491 561 haereticus.
537 529 583 560 lst
606 530 656 560 eiu
678 528 881 569 spriielewort
901 527 982 564 also,
1003 527 1087 557 deun

107 576 155 607 sie
170 575 283 605 wz’ssen
298 575 369 610 wol,
387 573 558 614 exquisitis
582 571 801 603 fundamentis
826 576 858 601 ct
881 570 1010 611 origine
1033 568 1087 600 vel

107 618 311 660 proprietate
333 616 599 653 vocabulorum,
634 616 696 645 dns
723 615 770 645 sie
792 614 861 645 ila-e
882 615 977 653 libyen
999 612 1087 643 m'clzt

108 661 254 692 erlzalten
276 660 398 691 konnen
419 660 519 690 wider
541 667 638 690 unser
660 658 773 689 Lem-e.

169 835 293 875 Estne
325 834 461 888 legalis
492 834 559 872 vel
590 832 831 886 Evangelica
863 831 1028 871 concio?

196 941 322 974 Concio
345 941 465 983 legalis
488 948 556 979 est,
586 942 716 983 quando
739 941 889 971 dicuntur
912 938 1024 981 aliqua
1047 939 1088 970 de

108 987 294 1028 praeceptis
325 992 356 1016 et
387 985 487 1026 Lege.
535 984 662 1015 Concio
692 983 895 1023 Evangelica
925 989 995 1019 est,
1023 992 1088 1024 qua

110 1030 320 1061 continentur
342 1035 397 1060 aut
426 1028 687 1068 promissiones,
723 1033 777 1057 aut
812 1026 1022 1063 testimonia,
1056 1031 1088 1056 et

110 1071 259 1114 exempla
281 1072 550 1113 promissionum.

264 1235 508 1277 Ubifuerunt
540 1236 669 1289 Tyrus
702 1240 744 1275 et
774 1233 926 1276 Sidon?

195 1326 340 1359 Fuerunt
362 1327 395 1358 in
417 1326 527 1359 littore
549 1327 759 1358 Phoeniciae.

151 1491 262 1543 Quid
293 1492 377 1547 egit
407 1492 465 1533 ibi
495 1490 689 1542 Christus,
719 1505 792 1532 seu
823 1505 929 1545 quae
959 1489 1037 1533 fuit

301 1584 441 1611 caussa
473 1570 595 1610 eundi
625 1570 666 1609 in
698 1584 746 1610 ea
777 1568 893 1611 loca?

191 1686 356 1718 lohannes
378 1696 496 1718 recens
519 1685 712 1718 interfectus
743 1691 837 1724 erat,
868 1691 900 1717 et
933 1685 1086 1718 Herodes

104 1730 393 1768 eratintentus,ut
415 1731 512 1761 etiam
529 1729 698 1761 Christum
721 1728 931 1761 imm-ficerat.
968 1729 1087 1762 Wenns

104 1775 221 1806 einmal
234 1774 358 1815 yeredt,
376 1772 530 1804 homines
552 1778 668 1814 putant
691 1782 728 1802 se
750 1773 876 1803 habere
898 1773 1021 1804 aditum
1043 1773 1086 1804 ad

103 1816 339 1850 maiora2fiunt
352 1817 443 1848 caeci
467 1822 499 1847 et
523 1815 629 1858 magi-s
651 1816 825 1857 magisque
848 1821 956 1846 ruunt.
991 1815 1087 1846 Chri-

103 1866 177 1892 stus
201 1861 344 1892 secessit
365 1860 398 1890 in
421 1858 477 1891 illa
499 1857 586 1897 loca,
610 1868 695 1900 quae
718 1858 903 1889 immediate
926 1859 1088 1899 regeban-

103 1910 158 1936 tur
179 1914 198 1935 a
225 1903 384 1935 Romanis
419 1902 682 1944 MagistratibuS.
738 1901 814 1932 Non
848 1901 994 1932 habebat
1028 1911 1088 1941 po-

103 1951 259 1978 testatem
282 1946 433 1977 Herodes
457 1945 609 1987 capiendi
631 1943 772 1986 aliquem
801 1945 833 1975 in
858 1943 914 1975 illa
937 1944 1085 1986 regione.

104 1989 165 2020 Est
186 1989 258 2020 Lex
279 1988 380 2027 Iulia,
409 1999 495 2031 quae
524 1988 624 2020 hodie
652 1992 761 2018 exstat
791 1988 824 2018 in
847 1987 1000 2028 digestis,
1024 1987 1088 2018 das

106 2035 157 2064 ein
178 2030 381 2071 Landifride
402 2042 473 2074 sey,
501 2032 564 2063 das
593 2031 701 2062 keiner
724 2031 796 2062 dem
819 2031 946 2062 andern
968 2031 1002 2061 in
1025 2031 1088 2061 das

105 2076 192 2107 scine
219 2072 312 2114 falle.
372 2075 525 2106 Nondum
559 2079 628 2106 tum
660 2079 800 2105 venerat
834 2074 917 2105 hora
951 2072 1086 2104 Christi.

105 2117 178 2150 Nos
201 2118 362 2149 habemus
383 2116 471 2149 illam
504 2117 676 2160 regulam,
711 2126 796 2158 quae
830 2122 881 2148 est
915 2117 947 2147 in
972 2116 1089 2148 Petro:

106 2160 281 2195 Ραιίοιιΐρε,
305 2169 374 2191 cum
397 2169 477 2201 opus
499 2164 555 2192 est.
600 2161 706 2192 Nemo
732 2161 831 2191 debet
859 2160 1024 2192 coniicere
1049 2168 1088 2190 se

105 2204 139 2236 in
161 2202 344 2245 periculum
367 2204 438 2234 sine
461 2213 596 2235 caussa:
625 2203 725 2235 Wenn
749 2203 799 2234 iclz
817 2204 900 2234 devm
917 2203 1089 2244 Tyrcmnen

106 2247 171 2279 kan
199 2256 260 2278 aus
286 2247 348 2278 den
376 2246 498 2277 henden
517 2247 629 2288 ychen,
651 2247 756 2278 debeo
779 2245 901 2278 facere.
944 2246 1088 2282 Quando

106 2289 227 2332 aliquis
251 2290 404 2331 capitur,
434 2289 479 2321 ita
511 2295 547 2321 ut
579 2299 646 2321 non
674 2290 784 2332 possit
812 2290 976 2327 evadere,
1006 2295 1088 2321 tunc

106 2334 149 2365 sit
170 2332 278 2365 fortis.

192 2375 299 2408 Nimia
321 2374 521 2407 confidentia
542 2383 609 2407 non
626 2381 677 2407 est
694 2374 791 2407 felix:
815 2375 981 2407 Interdum
1004 2375 1090 2406 fiunt

106 2418 234 2461 aliqua,
264 2418 360 2449 etiam
389 2424 484 2450 extra
510 2417 600 2450 hanc
627 2418 790 2461 regulam:
820 2429 860 2450 ea
891 2419 919 2450 si
943 2424 1021 2449 sunt
1046 2427 1088 2449 ex

106 2461 195 2500 Deo,
219 2466 295 2492 sunt
317 2460 442 2493 felicia:
465 2463 495 2492 si
518 2471 596 2500 non,
619 2461 782 2504 frangitur
803 2463 942 2494 animus.
973 2460 1086 2492 Credo

106 2503 198 2537 illum
220 2504 392 2546 pistorem,
416 2505 469 2546 qui
492 2503 645 2537 Viennae
665 2506 698 2537 in
720 2514 840 2546 pompa
862 2504 997 2548 publica
1021 2513 1089 2535 ma-

106 2547 220 2580 ledixit
242 2548 421 2586 sacerdoti,
433 2549 579 2589 gestanti
600 2558 727 2589 panem,
739 2549 894 2581 dlvinitus
917 2557 998 2580 esse
1021 2556 1090 2578 mo-

107 2596 185 2623 tum.
229 2589 362 2633 Alioqui
391 2600 458 2621 non
488 2595 542 2622 est
568 2589 738 2633 regulare:
795 2591 895 2623 Wenn
925 2601 960 2623 es
989 2591 1088 2622 ct'nem

104 2634 192 2666 nicht
210 2632 328 2675 yeselt,
356 2642 393 2665 so
417 2633 497 2675 yelze
522 2643 559 2665 er
589 2634 726 2666 dar-von.
771 2633 831 2666 Ille
860 2635 966 2676 pistor
990 2634 1087 2665 etiam

105 2676 255 2708 mutilata
277 2676 403 2719 lingua,
415 2677 473 2708 ivit
495 2677 538 2708 ad
560 2677 758 2719 supplicium
781 2677 1087 2710 concionabundus.

797 217 1015 249 POSTILLA
1037 214 1437 247 MELANTHoNiANA.

2058 211 2122 243 366

1226 308 1354 352 Myciili
1378 307 1563 349 exemplum
1587 314 1638 339 est
1663 306 1931 348 pulcherrimum,
1957 306 2015 336 viri
2040 307 2122 346 opti-

1140 354 1182 385 mi
1206 359 1237 384 et
1262 352 1495 383 honestissimi.
1542 350 1651 382 Credo
1677 351 1819 381 omni-un
1840 348 2067 389 professorum
2090 349 2122 379 in

1142 396 1273 427 Graeca
1296 402 1327 426 et¹
1350 394 1464 436 lingua
1486 394 1603 425 Latina
1627 392 1732 424 fuisse
1755 393 2021 424 eruditissimum.
2067 392 2122 423 Ni-

1141 438 1187 470 hil
1211 438 1351 470 detraho
1381 438 1518 469 aliorum
1547 437 1654 469 laudi·
1688 443 1758 467 crat
1787 437 1894 467 bonus
1920 434 2122 466 Mathemati-

1142 492 1221 522 cus3
1250 482 1419 513 scribebat
1448 482 1570 512 bonum
1593 489 1749 517 carmen,
1784 485 1815 510 et
1840 477 1982 515 solutam
2006 479 2124 509 oratio-

1142 535 1233 562 nem3
1256 523 1316 556 suit
1339 524 1511 565 praeclare
1535 524 1652 555 doctus
1677 524 1708 554 in
1734 522 1861 554 erudita
1885 520 2032 557 Musicag
2064 520 2124 552 fuit

1142 568 1239 599 etiam
1274 566 1544 599 Iurisconsultus.
1604 565 1687 597 Cum
1723 565 1845 597 Rector
1878 563 2124 605 lleidclbergae

1142 612 1374 652 proposuisset
1399 611 1552 646 edictum,
1566 618 1598 642 ut
1625 619 1740 640 omnes
1753 606 1918 639 adessent
1933 608 1966 638 in
1986 618 2124 648 pompa3

1143 661 1173 685 et
1198 652 1355 696 Mycillus
1380 653 1558 689 abluisset3
1583 652 1705 683 Rector
1728 652 1860 683 vocavit
1883 661 1956 681 eum
1980 651 2022 681 ad
2046 651 2125 681 dan-

1143 698 1216 728 dam
1240 707 1391 738 poenam.
1429 694 1486 726 llle
1509 696 1694 736 respondit:
1740 695 1878 725 Domine
1904 694 2034 731 Hector,
2057 693 2126 734 Eyo

1142 740 1237 779 abfui
1255 751 1326 771 mac
1349 739 1562 770 conscientiae
1586 747 1721 775 ‹nus-m,
1744 748 1876 779 quaeso,
1900 741 1933 768 ut
1957 737 2032 767 boni
2052 746 2125 767 con-

1142 784 1269 815 sulatis.
1317 783 1401 818 Quid
1424 782 1549 813 faceret
1575 781 1719 812 Hector?
1759 779 1847 811 Nihil
1870 781 1982 810 statuit
2007 786 2124 811 contra

1143 838 1227 858 eum.
1276 826 1337 857 Dis
1359 827 1402 857 ist
1425 825 1560 856 anderst
1580 824 1769 866 9dmmch,
1799 834 1895 864 quam
1918 822 2001 854 illud
2024 823 2124 862 pisto-

1113 865 1116 886 ἱ
1143 871 1200 900 ris.
1241 869 1282 900 Et
1306 868 1502 910 regulariter
1524 869 1700 899 tenendum
1725 873 1776 898 est
1794 872 2007 907 praeceptum
2020 865 2123 896 Petri:

1143 913 1320 950 Patz'mztes,
1345 914 1371 942 εἰ
1393 911 1460 944 δέον
1477 914 1550 942 ἐστί.
1597 911 1657 942 Est
1681 909 1814 952 plenum
1837 909 2008 950 gravitatis
2032 918 2125 949 prae-

1144 962 1284 996 ceptum.
1331 955 1378 986 lta
1402 955 1555 986 Clu-istus
1589 954 1733 986 secessit
1763 954 1796 983 in
1826 952 1882 984 illa
1911 951 1986 983 loca
2017 952 2125 983 vicina

1143 999 1232 1041 Tyro
1254 999 1298 1030 ad
1320 996 1516 1040 Decapolin.

1187 1163 1501 1204 Excidium
1549 1163 1684 1216 Tyri
1731 1170 1787 1202 et
1833 1162 2084 1202 Sidonis.

1230 1254 1336 1286 Etiam
1358 1263 1500 1295 magnae
1523 1255 1623 1285 urbes
1647 1259 1680 1284 et
1703 1257 1855 1294 potentes
1878 1258 1992 1284 ruunt:
2037 1251 2127 1284 Nihil

1142 1304 1195 1329 est
1216 1296 1492 1339 inexpugnabile:
1516 1295 1755 1328 Crescentibus
1779 1296 1866 1327 vitiis
1891 1296 2026 1327 veniunt
2049 1306 2126 1337 poe·

1142 1350 1214 1373 nae.
1260 1340 1307 1371 Ita
1336 1339 1456 1372 accidit
1478 1340 1594 1371 Sidoni
1627 1344 1660 1371 et
1687 1339 1799 1380 Tyro,
1829 1349 1968 1381 quarum
1997 1340 2127 1370 urbium

1141 1384 1294 1416 interitus
1329 1390 1361 1414 et
1394 1382 1509 1414 clades
1543 1388 1619 1415 sunt
1654 1383 1843 1413 testimonia
1875 1381 1984 1413 iudicii
2015 1382 2127 1421 divini,

1140 1436 1227 1469 quae
1251 1427 1373 1458 debent
1395 1436 1458 1457 nos
1482 1424 1772 1458 commonefacere
1795 1425 1836 1457 de
1854 1425 2067 1466 poenitentia,
2079 1425 2127 1457 in-

1140 1470 1328 1508 vocatione,
1353 1475 1386 1501 et
1407 1469 1580 1500 modestia.
1626 1468 1742 1500 Ochus
1765 1468 1926 1500 destruxit
1949 1468 2126 1500 Sidonem:

1140 1512 1333 1545 Alexander
1355 1513 1518 1545 destruxit
1535 1512 1671 1555 Tyrum.
1717 1511 1822 1544 Huius
1846 1511 1975 1543 obsidio
1998 1517 2128 1553 septem

1139 1557 1302 1588 mensium
1324 1555 1395 1588 fuit.
1442 1555 1525 1588 Cum
1547 1565 1654 1597 paene
1678 1554 1880 1598 defatigatus
1910 1560 2001 1586 esset
2024 1553 2127 1586 Alex-

1139 1600 1255 1638 ander,
1280 1606 1312 1632 et
1335 1600 1518 1638 dubitaret,
1548 1609 1591 1630 an
1620 1603 1737 1641 posset
1761 1599 1834 1640 capi
1856 1599 1956 1636 urbs,
1985 1598 2071 1629 sedit
2092 1598 2127 1630 in

1139 1644 1282 1675 tentorio
1304 1643 1491 1680 dormiens3
1518 1642 1614 1674 offert
1643 1652 1681 1675 se
1709 1642 1740 1674 ei
1763 1642 1906 1684 Satyrus
1934 1641 1969 1672 in
1991 1650 2123 1673 somno.

1138 1686 1198 1720 Ille
1219 1686 1291 1718 vult
1314 1685 1580 1728 apprehendere3
1603 1685 1676 1716 non*
1694 1685 1799 1726 potuit
1823 1686 1890 1723 din,
1914 1684 1976 1715 sed
1995 1684 2127 1715 tandem

1139 1729 1368 1771 apprehendit.
1424 1729 1645 1770 Interrogavit
1679 1728 1929 1765 Aristandrum,
1962 1727 2017 1768 qui
2047 1727 2128 1758 dixit

1140 1773 1309 1803 distractis
1339 1771 1495 1814 syllabis,
1523 1771 1562 1803 σά
1586 1770 1685 1813 τῦρος,
1717 1770 1789 1801 Tua
1812 1776 1860 1802 est
1884 1769 1998 1811 Tyrus.
2044 1770 2128 1801 Post

1139 1815 1282 1846 triduum
1313 1815 1416 1855 cepit,
1453 1825 1527 1845 cum
1561 1824 1633 1845 eam
1667 1814 1851 1845 animosius
1885 1818 2126 1854 oppugnasset.

1140 1858 1279 1893 Quoties
1309 1859 1416 1899 surgit
1439 1856 1557 1898 aliquis
1582 1867 1721 1899 magnus
1746 1863 1779 1887 et
1801 1862 1922 1898 potens
1946 1866 2024 1894 rex,
2047 1862 2126 1888 tunc

1141 1906 1333 1932 evertuntur
1366 1910 1508 1942 magnae
1541 1899 1660 1931 urbes:
1706 1900 1792 1931 sicut
1825 1898 1970 1931 Carolus
2005 1898 2128 1931 domuit

1139 1943 1421 1981 Florentinam,ct
1438 1942 1539 1975 alias:
1563 1943 1683 1974 Veneti
1706 1948 1801 1974 erant
1827 1944 1859 1974 iu
1878 1953 2000 1984 magno
2023 1948 2126 1974 metu:

1140 1986 1250 2029 Cyrus
1274 1985 1396 2017 delevit
1418 1987 1520 2018 urbes
1544 1985 1685 2017 Ionicas.
1804 2000 1825 2009 v*

1227 2029 1263 2061 In
1292 2029 1393 2061 Esaia
1420 2030 1627 2070 praedictum
1661 2034 1730 2067 est,
1758 2028 1927 2060 Dodanim
1961 2028 2125 2068 potituros

1141 2082 1218 2104 esse
1240 2072 1340 2115 Tyro.
1393 2072 1584 2111 Dodfmcm,
1614 2078 1692 2103 sunt
1726 2071 1924 2110 Dodonaei,
1960 2071 2127 2112 Epirotae,

1141 2115 1363 2149 Macedonem
1388 2115 1516 2154 Kz'ltz'm,
1532 2115 1743 2146 &Da-Ionem
1767 2120 1844 2146 sunt
1867 2114 1975 2146 vicini.
2020 2113 2127 2146 Hodie

1140 2158 1262 2234 {humen
1284 2166 1425 2191 vocatur
1448 2159 1572 2199 Kz'ttz'm,
1595 2159 1686 2201 quod
1709 2157 1823 2190 dividit
1842 2157 2072 2190 Macedoniam
2094 2162 2128 2188 et

1182 2212 1319 2245 yncum.

1246 2369 1491 2410 Ituraea
1536 2374 1593 2410 et
1638 2367 2026 2409 trachonitis.

1227 2458 1412 2502 Decapolis
1434 2458 1495 2492 fuit
1519 2460 1609 2492 circa
1622 2458 1827 2491 Damascum
1847 2467 1968 2490 versus
1981 2456 2128 2488 Tracho-

1141 2503 1286 2535 nitidem.
1337 2502 1571 2542 Trachonitis,
1604 2513 1625 2535 a
1657 2502 1788 2544 τραχῦς,
1822 2511 1943 2542 asper,
1977 2502 2128 2542 τραχιὸνες

1141 2556 1285 2587 asperae
1304 2555 1417 2588 rupes.
1462 2546 1508 2579 Ist
1531 2547 1596 2578 das
1617 2546 1724 2585 lande,
1748 2546 1810 2577 das
1830 2553 1905 2575 man
1927 2547 2017 2575 so‘nst
2045 2543 2128 2575 beist

1142 2589 1315 2622 Ituraeam.
1361 2590 1452 2622 {dem
1480 2595 1531 2621 est
1559 2590 1690 2621 Ituraea
1713 2588 1885 2626 Hebraeis,
1910 2587 1999 2629 quod
2023 2585 2128 2618 Grae·

1143 2633 1192 2665 cis
1225 2638 1277 2665 est
1310 2632 1531 2665 Trachonitis.

1143 2675 1283 2708 ituraea.
1329 2676 1378 2708 lta
1400 2677 1631 2718 significantur
1652 2675 1778 2713 aditus,
1808 2684 1868 2706 seu
1891 2672 2008 2705 fauces
2041 2672 2128 2704 intra

1592 2632 1681 2664 Thur
1712 2631 1780 2663 und
1814 2630 1910 2662 thur-n
1943 2630 2053 2671 kompt
2083 2630 2125 2661 ab
2178 2663 2190 2670 ι
