2374 2985
78 188 139 220 149
760 185 975 217 PosTlLLA
1003 185 1400 217 MELANTHONJANA.
2025 186 2087 218 150

75 293 140 315 um.
169 281 236 313 lsta
259 281 441 323 propositio
465 287 516 312 est
540 281 679 318 credita;
707 280 765 311 sed
791 281 977 312 subiectum
1003 286 1053 312 est
1076 289 1080 316 1

75 324 214 358 visibile.
229 325 322 356 Hanc
337 325 518 356 doctrinam
533 330 662 365 oportet
674 334 750 355 esse
762 324 967 354 notissimam
980 335 1054 364 pro·
1077 319 1080 335 ¹

76 376 149 410 pter
167 368 570 406 nostramconscientiam,
595 374 626 398 et
648 366 852 398 intellectum
869 367 1054 408 Scriptura·
1078 385 1080 407 5

76 423 157 443 rum.

163 455 219 486 Sic
238 460 347 485 autem
365 452 458 484 Deus
479 453 708 484 universaliter
729 451 852 494 colligit
870 451 1054 484 Ecclesiam

77 501 110 529 in
124 497 261 532 mundo;
282 497 426 527 ostendit
441 506 478 527 se
503 495 771 534 revelationibus,
801 496 900 527 tradit
915 497 1053 537 promis-

76 541 199 577 siones,
223 545 253 570 et
275 540 365 570 addit
388 541 583 570 testimonia.
621 540 737 570 Omnia
761 549 845 580 quae
870 538 956 570 facta
979 545 1056 570 sunt

75 595 95 614 a
118 583 277 624 principio
303 584 429 621 mundi,
461 589 537 613 sunt
570 582 658 614 sacta
681 589 816 623 propter
840 581 956 613 Filium
982 581 1054 613 Dei.

76 626 143 657 Imo
172 637 276 667 genus·
309 625 484 656 humanum
514 631 565 656 est
588 626 770 662 conditum,
806 631 840 655 ut
870 624 926 656 ille
955 624 1055 655 Filius
1079 658 1081 666 ‚

77 669 299 709 conspiciatur
325 675 356 699 et
381 675 594 710 agnoscatur,
621 675 652 700 et
675 675 810 709 propter
833 666 922 699 illum
947 668 1055 699 omnia

76 713 208 744 condita
231 718 318 742 sunt.
353 712 426 742 Non
451 712 578 742 debetis
597 712 640 742 ita
663 710 722 742 feri
747 721 834 748 esse,
858 717 893 742 ut
913 722 978 742 non
1004 722 1055 742 ve-

77 755 144 786 litis
160 757 222 786 ista
240 755 471 786 considerare:
494 760 527 785 et
543 752 669 785 interea
685 757 813 785 somnia
830 754 1056 792 circumibrre,

77 799 170 840 quasi
186 797 338 829 Ecclesia
357 799 399 828 sit
420 797 604 829 invisibilis.
650 797 790 833 Quando
823 798 944 828 recitas
968 796 1056 828 lmnc

78 840 251 872 articulum
276 840 366 871 fidei:
401 841 507 872 Credo
530 841 704 872 Ecclesiam
733 845 879 872 sanctam
913 840 1056 872 Catholi-

78 895 159 921 cam,
184 885 285 914 debes
311 884 472 924 cogitare:
495 883 586 915 Haec
610 891 661 915 est
673 883 837 920 Ecclesia,
863 894 960 924 quam
985 894 1055 914 cer·
1081 894 1082 898 ¹

77 938 120 958 no
144 926 261 963 oculis,
285 928 381 957 audio
402 928 536 958 auribus
553 934 728 958 sonantem
749 937 863 958 vocem
882 925 1056 967 Evangelii

77 971 310 1010 incorruptam.
341 969 391 999 Ad
409 968 499 1000 illum
518 976 649 1001 coetum
670 980 720 1001 me
739 980 904 1012 aggrego,
928 976 960 1001 et
980 980 1055 1000 ean-

76 1013 148 1043 dem
172 1022 289 1043 vocem
312 1012 482 1050 confiteor,
507 1019 538 1044 et
560 1014 681 1044 invoco
706 1013 831 1051 Deum,
861 1014 915 1054 qui
940 1023 977 1044 se
1000 1023 1056 1053 pa-

75 1053 188 1086 tefecit
212 1055 313 1085 misso
339 1055 438 1086 Filio:
464 1066 536 1086 cum
560 1056 624 1087 hae
648 1056 801 1088 Ecclesia
825 1055 994 1087 salvabor.

162 1098 258 1135 Scio,
282 1099 369 1139 quod
393 1105 527 1140 propter
550 1100 636 1130 hanc
661 1099 847 1130 Ecclesiam
870 1099 963 1130 Deus
986 1109 1055 1129 ser·
1079 1106 1081 1116 ¹

74 1147 130 1172 vat
153 1151 258 1183 genus
282 1140 475 1179 humanum,
506 1148 538 1172 et
562 1143 650 1183 quod
674 1142 787 1172 firmae
811 1153 851 1173 ac
876 1148 966 1172 ratae
988 1152 1054 1172 ma-
1079 1146 1081 1161 ¹

74 1191 173 1215 neam
198 1185 433 1224 promissiones
457 1184 532 1216 huic
550 1184 726 1216 Ecclesiae
749 1184 875 1216 factae:
900 1184 971 1215 Hac
989 1185 1054 1215 fide
1079 1202 1080 1232 1

73 1226 182 1257 1)811111
206 1228 343 1263 invoco;
373 1233 464 1267 peto,
494 1233 528 1258 ut
551 1238 603 1258 1118
627 1228 763 1265 doceat,
793 1227 953 1268 provehat
974 1234 1054 1258 tam-

74 1280 172 1310 quam
195 1271 375 1300 membrum
399 1280 480 1301 suae
497 1269 679 1301 Ecclesiae.
709 1270 801 1301 Sicut
820 1269 928 1301 David
952 1281 1053 1311 saepe
1078 1288 1080 1311 3

75 1311 210 1344 clamat:
241 1312 279 1342 111
301 1313 510 1344 tabernaculo
533 1317 588 1344 tuo
611 1314 792 1344 abscondas
809 1323 868 1345 me.
893 1313 966 1344 Fuit
988 1315 1054 1344 usi·
1077 1322 1079 1356 j

74 1360 192 1393 tatum,
221 1362 257 1386 ut
285 1356 470 1386 homicidae
498 1355 718 1399 confugerent
748 1357 779 1387 111
799 1356 938 1397 templa,
968 1357 1054 1398 sicut

72 1408 162 1428 nunc
188 1398 286 1430 etiam
315 1397 361 1429 fit.
402 1399 608 1440 Argentinae
638 1399 759 1431 accidit
784 1410 851 1430 non
874 1405 951 1430 ante
974 1398 1052 1430 mul-

72 1446 126 1472 tos
150 1450 265 1472 annos
288 1440 364 1473 Fuit
386 1442 517 1482 quidam
540 1441 592 1473 sur
616 1448 743 1483 captus,
768 1443 904 1473 ministri
930 1443 1054 1474 ducunt
1078 1468 1079 1477 2

72 1494 147 1515 eum
170 1494 228 1524 per
252 1485 474 1516 coemiterium
498 1486 631 1517 incauti.
663 1486 730 1523 lte,
758 1486 862 1527 inquit
892 1496 971 1523 vos,
996 1496 1054 1526 890

71 1526 123 1557 hic
146 1527 287 1558 neanebo.
311 1526 361 1558 Illi
383 1528 523 1569 primum
546 1529 807 1560 recordabantur
826 1539 902 1559 esse
922 1527 1054 1570 privile-

72 1570 161 1612 gium
179 1569 266 1601 illius
290 1570 367 1609 loci,
385 1572 475 1612 quod
497 1582 564 1602 non
586 1570 708 1603 licebat
732 1582 772 1603 ex
792 1572 981 1603 coemiterio
1000 1570 1054 1603 vel
1078 1552 1079 1606 l

73 1611 195 1653 templo
225 1624 343 1655 rapere
372 1613 477 1652 tales,
511 1616 565 1656 qui
599 1621 692 1646 erant
724 1615 892 1646 afficiendi
922 1614 1079 1656 capitali}

73 1654 254 1695 supplicio,
282 1663 314 1687 et
342 1655 397 1687 ille
426 1658 470 1688 ita
498 1656 658 1689 liberatus
687 1664 748 1689 est.
779 1659 834 1688 Sic
859 1669 921 1689 nos
944 1659 1054 1690 miseri
1078 1682 1079 1695 1

73 1697 239 1728 afficiendi
262 1698 457 1739 capitalibus
478 1699 660 1742 suppliciiS,
686 1700 894 1743 confugimus
914 1702 956 1732 ad
975 1707 1054 1732 tem-

73 1739 174 1781 plum,
198 1741 240 1771 ad
264 1741 522 1780 tabernaculum,
547 1750 581 1774 ut
606 1743 758 1775 Psalmus
783 1745 904 1785 inquit3
932 1745 965 1775 111
991 1750 1054 1782 est,

74 1782 168 1814 Deus
192 1790 304 1815 servat
328 1795 389 1815 nos
415 1796 486 1816 cum
510 1796 571 1816 sua
594 1786 759 1817 Ecclesia.

160 1826 240 1857 Post
263 1826 348 1858 hanc
373 1827 734 1865 cominonefactionem,
759 1840 844 1869 quae
867 1835 918 1859 est
941 1830 972 1860 in
992 1830 1055 1860 ista

75 1868 211 1899 historia
219 1881 227 1906 3
248 1870 366 1900 videtis
390 1871 487 1902 etiam
507 1872 693 1913 imaginem,
717 1872 830 1909 Qualis
845 1873 888 1902 sit
900 1872 1055 1903 Ecclesia.

72 1910 192 1943 Videte
220 1910 309 1943 illum
331 1912 502 1953 populum,
526 1913 632 1955 qualis
656 1920 735 1945 tunc
759 1914 866 1945 suerit.
895 1913 976 1949 Quis
1000 1916 1056 1945 do-

74 1955 259 1987 minabatur
283 1962 361 1986 tunc
384 1954 427 1986 illi
452 1956 597 1997 populo?
621 1957 783 1994 Herodes,
809 1959 863 1998 qui
887 1956 946 1988 suit
970 1957 1055 1988 filius

74 1996 248 2038 Antipatri,
268 1999 362 2029 amici
382 1998 451 2030 lulii
471 1998 641 2037 Caesaris,
664 1999 724 2031 suit
743 2000 930 2038 idumaeus,
949 2011 1056 2032 rerum
1079 2017 1083 2143 Ι

74 2038 268 2072 bellicarum
284 2042 422 2081 peritus:
447 2042 533 2073 sicut
551 2043 583 2073 in
603 2042 691 2073 hunc
708 2053 814 2084 usque
830 2044 914 2074 diem
932 2044 963 2074 in
984 2044 1056 2074 istis

75 2079 159 2113 locis
178 2082 325 2114 habitant
344 2083 493 2115 homines
513 2084 670 2116 militares
689 2093 721 2117 et
740 2086 936 2127 praedones.
961 2086 1056 2117 Reci-

76 2126 142 2156 tavi
165 2127 261 2157 vobis
285 2125 366 2157 alias
390 2127 574 2165 historiam,
606 2139 703 2170 quam
728 2135 760 2159 et
784 2140 871 2160 nunc
897 2130 1056 2160 recitabo.

161 2168 436 2200 Sanseverinates
459 2169 519 2201 fuit
543 2171 641 2202 homo
666 2171 796 2205 nobilis,
821 2173 946 2203 amicus
969 2172 1056 2203 Pon-

76 2217 167 2248 tano‚
190 2212 343 2253 scriptori
366 2211 423 2246 illi,
443 2220 474 2244 et
498 2214 663 2245 dimicavit
681 2215 921 2252 monomachia,
945 2216 976 2245 id
994 2222 1057 2253 est,
1079 2237 1081 2247 .

74 2253 235 2295 singulari
269 2254 396 2296 proelio
430 2266 504 2287 cum
532 2256 660 2288 Comite
699 2258 739 2288 de
774 2257 990 2295 Sonnefeldt‚
1024 2259 1055 2289 in

75 2295 163 2327 bello
182 2297 322 2336 Veneto,
348 2299 436 2339 quod
460 2299 519 2330 suit
542 2301 603 2330 sub
623 2301 835 2342 sigismundo
854 2301 1055 2341 Imperatore
1077 2330 1080 2349 ἶ

76 2338 160 2370 duce
184 2340 371 2378 AustiiacO.
417 2341 476 2372 llle
498 2342 618 2373 Comes
642 2345 682 2374 de
706 2342 918 2382 Sonnefeldt‚
955 2344 1052 2375 1101110
1079 2355 1080 2358 ’

77 2380 274 2419 Germanus,
298 2382 359 2414 fuit
382 2383 544 2416 valentior
567 2385 667 2424 Italo,
691 2387 769 2417 vicit
793 2398 882 2423 eum;
911 2387 939 2417 is
964 2397 1001 2418 se
1025 2388 1053 2418 81
1078 2380 1080 2423 ξ

77 2424 217 2462 dedidit,
244 2426 317 2456 ideo
346 2425 399 2457 ille
428 2429 573 2468 pepercit
597 2429 643 2466 81,
673 2431 759 2461 sicut
788 2430 961 2461 honestum
990 2436 1052 2461 est.

75 2464 199 2497 Postea
222 2467 494 2501 Sanseverinates
518 2472 605 2502 venit
628 2473 660 2503 in
683 2478 805 2503 terram
830 2479 996 2511 sanctam,
1021 2474 1052 2504 in

75 2508 311 2549 Palaestinam,
334 2510 408 2543 inde
431 2519 481 2544 est
503 2513 672 2554 profectus
694 2516 726 2546 in
744 2523 885 2547 montem
899 2516 988 2547 Sinai
1011 2517 1053 2547 ad

76 2551 112 2583 S.
142 2552 363 2585 Catharinam.
392 2557 427 2587 In
453 2566 493 2587 eo
523 2557 637 2588 itinere
665 2559 697 2589 in
716 2559 835 2590 vicinia
859 2559 990 2590 ldumae
1014 2570 1053 2590 ae

75 2601 108 2626 et
137 2595 282 2627 Arabiae
310 2605 524 2630 occurrerunt
553 2601 581 2631 ei
609 2599 795 2633 latrunculi.
841 2601 887 2633 lbi
923 2602 1053 2634 dicebat
1077 2604 1078 2610 ¹

74 2637 252 2680 interpres:
288 2640 361 2682 Vos
383 2641 521 2681 domini,
550 2645 684 2675 veniunt
710 2645 861 2676 homines
885 2644 1051 2677 militares.
1074 2613 1079 2685 1

1105 280 1279 312 Adversus
1303 279 1379 311 illos
1408 290 1473 312 non
1503 291 1639 322 possum
1662 291 1724 312 vos
1747 282 1829 312 tueri
1853 281 1916 312 fide
1940 280 2087 323 publica,

1105 334 1202 365 quam
1236 323 1366 355 habetis
1395 325 1562 365 scriptam.
1609 324 1885 355 Sanseverinates
1909 324 2007 355 honio
2031 336 2084 356 sa-

1105 368 1212 408 piens,
1237 374 1412 408 postquam
1436 368 1557 399 audivit
1581 368 1663 398 istos
1688 378 1764 398 esse
1788 367 1948 404 1111101185,
1972 374 2004 399 et
2034 367 2087 399 vel

1105 412 1317 451 pugnandum
1341 420 1434 448 esse,
1470 409 1523 441 vel
1552 410 1685 451 aliquod
1716 410 1804 441 aliud
1829 412 2086 453 excogitandum

1107 452 1293 490 consilium,
1313 454 1402 484 iubet
1415 455 1553 484 comites
1571 464 1685 484 omnes
1699 455 1904 485 descendere
1924 454 1963 484 de
1981 455 2088 495 equis,

1105 506 1268 536 apparare
1291 496 1472 536 prandium.
1518 496 1601 527 Nam
1625 497 1697 527 istis
1720 497 1750 527 in
1776 495 1860 528 locis
1885 503 2015 537 oportet
2038 497 2087 528 iti-

1106 548 1186 569 nera
1209 538 1369 570 facientes
1391 539 1477 570 serre
1500 550 1613 570 secum
1641 541 1834 571 necessaria
1858 541 1899 570 ad
1924 541 2032 571 cibum
2055 546 2088 571 et

1107 587 1236 622 potum,
1266 588 1297 612 et
1329 581 1490 624 reliquum
1519 589 1724 623 apparatum.
1772 582 1822 614 llli
1853 584 1895 613 ibi
1923 584 1954 614 in
1986 593 2087 614 arena

1106 625 1302 663 insternunt,
1326 632 1521 666 expromunt
1545 636 1674 666 panem,
1698 632 1728 656 et
1747 624 1921 667 lagenulas
1940 636 2031 664 suas,
2055 627 2086 657 in

1079 668 1081 674 '
1106 668 1224 709 quibus
1254 674 1324 699 crat
1352 670 1473 700 vinum.
1521 668 1602 699 Cum
1632 669 1829 700 accederent
1860 670 1914 700 isti
1945 670 2086 710 equites,

1106 717 1172 741 tum
1203 711 1482 742 Sanseverinates
1513 712 1724 753 interpretem
1754 713 1849 743 iussit
1876 712 1941 743 illis
1977 713 2088 743 dicere

1106 753 1190 784 haec
1214 755 1331 785 verba:
1370 757 1552 795 A—tfflmscere
1585 765 1619 786 se
1641 755 1715 786 illos
1737 766 1806 786 esse
1833 756 1973 786 homines
2007 756 2088 786 mz'lt'-

1108 802 1208 834 lares,
1227 802 1255 827 et
1279 808 1312 828 se
1335 808 1458 838 quoque
1480 808 1548 830 esse
1571 798 1722 829 hominem
1745 800 1915 829 militarem
1933 800 2087 839 111181]ίο-

1106 841 1198 871 m‘lms
1221 842 1490 879 occidentalibus,
1520 843 1553 872 in
1578 842 1729 880 Europa,
1760 843 1980 883 gratiis-simam
1999 841 2087 881 fore,

1106 885 1138 914 si
1163 894 1265 914 secum
1293 885 1387 915 modo
1414 886 1636 925 pranderent,
1666 889 1698 915 ut
1727 886 1852 925 possint
1883 886 2023 926 colloqui
2049 886 2089 915 de

1107 927 1201 957 rebus
1229 928 1441 966 nlilz'tari‘bus,
1468 926 1627 967 fortassis
1659 929 1831 960 amaturos
1857 930 1928 960 illos
1952 929 2088 969 aliquid,

1079 1008 1081 1016 γ
1106 971 1192 1011 quor!
1215 971 1261 1000 eis
1291 975 1422 1011 yratum
1456 972 1517 1009 sie,
1550 982 1584 1002 se
1613 981 1736 1012 quoqne
1769 982 1886 1012 cappro
1917 973 2016 1002 multa
2048 971 2089 1002 ab

1106 1014 1171 1044 illis
1195 1014 1338 1052 discere,
1369 1015 1408 1044 dc
1437 1015 1565 1045 illorum
1594 1024 1690 1045 more.
1738 1014 1792 1045 lsti
1818 1015 1967 1046 homines
1988 1015 2089 1045 admi-

1080 1063 1081 1067 ’
1107 1057 1168 1087 rati
1188 1058 1350 1094 virtutem,
1371 1057 1423 1087 vel
1445 1058 1554 1097 potius
1575 1058 1779 1099 dignitatem,
1802 1064 1832 1088 et
1850 1059 2089 1099 praestantiam

1107 1100 1250 1137 virtutis,
1276 1101 1482 1131 descendunt.
1506 1101 1546 1131 de
1570 1102 1678 1142 equis;
1702 1099 1845 1132 salutant
1864 1112 1950 1139 eum,
1976 1101 2089 1131 dicunt

1107 1143 1154 1180 ei,
1185 1152 1222 1172 se
1246 1141 1386 1173 libenter
1409 1154 1473 1174 una
1501 1154 1701 1184 pransuros:
1736 1145 1904 1181 assident,
1932 1145 2089 1185 incipiunt

1107 1184 1251 1226 colloqui
1277 1186 1317 1216 de
1341 1196 1431 1216 more
1455 1186 1621 1228 regioniS,
1645 1187 1686 1217 de
1710 1188 1807 1218 modo
1832 1188 2019 1228 regiiniiiiS‚
2048 1187 2090 1217 de

1106 1229 1230 1269 regnis,
1257 1228 1363 1270 qualis
1388 1230 1430 1259 sit
1448 1228 1553 1260 forma
1570 1230 1834 1270 gubernationis,
1859 1241 1944 1271 quae
1963 1240 2089 1271 genera

1105 1281 1282 1309 armorum,
1301 1282 1386 1312 quae
1404 1273 1447 1303 sit
1465 1273 1548 1303 ratio
1564 1273 1832 1309 obsidendarum,
1851 1274 2088 1314 oppugnanda-

1106 1325 1190 1351 rum,
1214 1320 1246 1344 et
1264 1315 1559 1356 expugnandarum
1578 1316 1720 1353 urbium,
1738 1322 1771 1346 et
1790 1315 1855 1347 alia
1872 1315 1984 1347 multa.
2008 1316 2090 1347 Erat

1105 1355 1245 1388 militare
1269 1364 1302 1388 et
1325 1368 1429 1389 suave
1453 1356 1665 1399 colloquium.
1712 1358 1833 1390 Postea
1856 1360 1976 1391 amotis
1999 1370 2090 1391 men-

1105 1401 1164 1438 sis,
1188 1401 1277 1431 iubet
1296 1400 1407 1432 afferri
1424 1401 1521 1439 dona,
1545 1412 1657 1439 enses,
1681 1412 1793 1440 arcus,
1818 1403 2032 1440 bombardas,
2057 1409 2090 1433 et

1105 1442 1224 1474 similia
1247 1445 1455 1476 monimenta.
1486 1444 1599 1475 Donat
1622 1444 1763 1487 singulis
1786 1444 1921 1486 aliquid,
1946 1451 1978 1476 et
1998 1452 2089 1486 post-

1105 1496 1145 1518 ea
1168 1487 1245 1517 (licit
1268 1497 1305 1518 se
1329 1497 1467 1529 rogare,
1497 1494 1531 1519 ut
1560 1488 1636 1518 boni
1665 1487 1858 1525 consulan13
1889 1494 1921 1520 et
1948 1489 2017 1530 agit
2039 1489 2088 1520 eis

1106 1530 1244 1571 gratias,
1270 1531 1359 1571 quod
1382 1541 1495 1562 secum
1519 1531 1632 1571 pransi
1651 1532 1731 1566 sint,
1755 1538 1788 1563 et
1810 1532 1908 1574 petit,
1938 1538 1973 1562 ut
1996 1541 2088 1563 mon-

1105 1578 1212 1604 strent
1234 1573 1336 1612 viam,
1362 1574 1571 1606 commendat
1594 1584 1632 1605 se
1654 1573 1731 1606 illis.
1777 1574 1835 1606 Isti
1853 1585 1919 1606 una
1942 1576 2089 1616 equitant

1106 1615 1217 1657 aliquo
1253 1617 1378 1658 spati03
1419 1617 1536 1648 deinde
1558 1623 1745 1649 monstrant
1768 1619 1873 1656 viam,
1902 1624 1934 1649 et
1957 1618 2090 1649 tandem

1107 1659 1244 1690 comiter
1266 1661 1307 1691 ab
1331 1659 1388 1691 illo
1413 1661 1598 1693 discedunt.
1644 1660 1693 1692 lta
1716 1662 1779 1693 iste
1801 1660 1955 1693 liberavit
1978 1670 2016 1692 se
2034 1671 2090 1702 pe-

1106 1701 1221 1733 riculo.
1257 1702 1337 1733 Post
1363 1704 1493 1734 tertium
1518 1704 1603 1734 diem
1626 1703 1671 1734 illi
1700 1705 1839 1736 redeunt
1863 1704 1966 1736 multo
1989 1705 2089 1735 maio-

1107 1746 1133 1775 ri
1149 1752 1321 1786 apparatu,
1339 1752 1371 1776 et
1387 1747 1503 1777 maiori
1523 1748 1643 1786 impetu
1661 1748 1794 1787 capiunt
1809 1758 1881 1779 811111
1899 1758 1973 1779 cum
1988 1748 2087 1779 comi-

1107 1789 1206 1819 tibus.
1235 1788 1509 1819 Sanseverinates
1527 1795 1617 1829 putat
1640 1799 1677 1820 se
1696 1800 1772 1821 esse
1790 1796 1932 1831 captum,
1959 1792 2089 1823 ducitur

1107 1832 1139 1861 in
1163 1841 1290 1868 arcem,
1324 1832 1367 1861 ibi
1393 1831 1626 1863 honestissime
1652 1839 1814 1864 tractatur
1843 1844 1904 1875 per
1934 1835 2089 1873 triduum,

1109 1879 1140 1904 et
1159 1873 1277 1904 deinde
1300 1875 1468 1905 reducitur
1489 1875 1521 1907 in
1547 1876 1642 1906 viam.

1194 1916 1241 1946 lta
1262 1917 1365 1947 virtus
1390 1924 1440 1948 est
1463 1919 1670 1949 admirationi
1689 1920 1785 1950 etiam
1810 1917 1890 1951 feris
1915 1927 1946 1952 et
1971 1922 2089 1952 barba-

1109 1960 1153 1989 ris
1178 1958 1373 1990 hominibus.
1408 1960 1458 1991 Ex
1480 1961 1544 1991 isto
1569 1971 1692 2002 genere
1722 1963 1888 1993 hominum
1911 1963 1969 1994 fuit
1995 1964 2086 1995 Anti-

1109 2008 1219 2042 pater,
1253 2008 1286 2033 et
1314 2003 1464 2035 Herodes
1495 2003 1582 2035 filius
1607 2005 1781 2046 Antipatri.
1829 2006 1929 2038 lulius
1958 2007 2084 2038 Caesar

1109 2045 1351 2076 commendavit
1370 2046 1546 2087 Antipatro
1570 2054 1734 2089 tamquam
1752 2048 1840 2080 fideli
1864 2052 1948 2088 viro,
1973 2050 2087 2081 ludae-

1107 2098 1170 2118 am.
1212 2088 1294 2119 Nam
1317 2095 1470 2130 potentes
1494 2089 1614 2121 domini
1639 2092 1717 2121 dant
1745 2102 1891 2132 operam,
1916 2101 1950 2132 ut
1972 2092 2086 2124 fideles

1108 2129 1256 2162 homines
1280 2133 1343 2162 sibi
1366 2133 1564 2174 adiungam:
1587 2134 1673 2165 sicut
1696 2141 1811 2165 noster
1831 2135 2010 2177 Imperator
2025 2137 2087 2168 Ua-

1108 2172 1199 2204 rolus
1220 2173 1261 2204 V.
1291 2174 1483 2208 mirabiliter
1506 2176 1660 2207 diiudicat
1683 2184 1819 2209 naturas
1842 2177 2026 2210 hominum:
2053 2186 2087 2212 et

1107 2217 1225 2247 videtis
1249 2227 1322 2248 eum
1346 2217 1471 2250 habere
1494 2218 1610 2250 fideles
1630 2219 1796 2257 homines,
1832 2223 1920 2263 quod
1945 2233 2010 2252 non
2033 2230 2086 2253 est

1106 2261 1259 2291 usitatum
1283 2261 1314 2291 in
1338 2260 1418 2292 aliis⁴
1436 2260 1533 2293 aulis.
1575 2261 1708 2304 Alioqui
1732 2263 1856 2296 ltaliam
1881 2276 1946 2295 non
1970 2272 2086 2305 posset

1106 2307 1231 2340 tenere,
1255 2304 1317 2334 nisi
1341 2303 1480 2336 haberet
1502 2305 1651 2337 homines
1675 2307 1737 2337 sibi
1760 2308 1804 2338 ita
1827 2309 1991 2339 addictoS.
2037 2308 2086 2340 lta

1106 2344 1207 2376 lulius
1243 2348 1405 2378 commisit
1445 2348 1618 2389 Antipatro
1653 2349 1809 2381 ldumaeo
1843 2350 2014 2387 Iudaeam3
2053 2357 2086 2382 et

1104 2387 1158 2419 illc
1182 2394 1305 2420 tantum
1329 2388 1386 2421 fuit
1411 2390 1619 2432 praefectus,
1654 2394 1754 2423 tenuit
1786 2393 1939 2424 Iudaeam
1963 2395 2084 2426 tutorio

1105 2432 1245 2463 1101111118.
1291 2434 1357 2464 sed
1381 2440 1498 2474 postea
1523 2434 1643 2466 Herodi
1666 2435 1840 2477 Augustus
1864 2442 1895 2467 et
1918 2437 2084 2470 Antonius

1106 2475 1289 2506 tribuerunt
1312 2478 1402 2518 regis
1426 2476 1566 2508 titulum.

1190 2517 1431 2550 Dominabatur
1453 2521 1552 2559 igitur
1574 2519 1632 2551 illo
1656 2527 1804 2562 tempore
1827 2523 1859 2553 111
1883 2522 2005 2564 populo
2018 2522 2084 2555 Dei

1104 2559 1268 2599 Herodes,
1291 2562 1390 2594 homo
1409 2564 1539 2604 impius·
1573 2563 1644 2594 Etsi
1667 2565 1752 2595 enim
1771 2572 1841 2596 erat
1865 2567 2084 2597 circumcisus

1104 2614 1163 2644 pro
1188 2603 1311 2643 forma,
1341 2613 1448 2637 tamen
1479 2605 1671 2649 religionem
1696 2607 1774 2638 nihil
1799 2610 1953 2640 curabat:
1983 2609 2082 2640 Aedi-

1103 2646 1212 2679 ficavit
1235 2647 1390 2690 Augusto
1414 2649 1579 2691 templum.
1625 2649 1742 2686 Qualis
1765 2657 1874 2682 autem
1897 2652 1982 2692 Rex,
2006 2651 2082 2684 talis

1822 2710 1876 2736 10·
