2343 2970
186 143 251 171 9ὓῦ
854 142 964 177 PHIL.
988 141 1091 175 MEL.
1115 141 1302 175 SCRlPTA
1322 141 1587 176 EXEGETICA·
2141 144 2207 178 936

187 236 252 267 nisi
276 234 431 266 divinitus
465 241 672 268 sustentatus
703 241 803 268 esset.
849 236 929 267 ltem
964 237 1068 268 maior
1090 243 1169 269 natu

186 279 317 320 attingit
353 289 490 310 uxorem
523 280 637 320 patris.
682 282 760 311 item
782 288 842 320 per
865 278 1014 311 fraudem
1038 279 1169 311 interfe-

189 329 305 354 cerunt
330 322 458 353 vicinos
482 323 584 354 civcs.
630 321 723 353 Talia
746 320 877 354 seelera
908 324 1029 354 (iebant.
1049 324 1081 355 in
1105 324 1169 355 ista

188 372 306 396 sancta
329 364 462 403 fiamilia,
486 372 517 396 et
540 372 649 396 tamen
673 366 705 396 in
729 364 785 396 illa
809 372 926 397 sancta
952 365 1074 398 familia
1099 373 1169 398 erat

188 407 341 440 Ecclesia
365 408 447 443 Dei;
483 408 527 439 ita
560 418 649 440 nunc
683 419 813 450 quoque
837 416 949 441 servat
972 409 1167 441 Ecclesiam.

188 451 357 484 Habemus
386 451 626 492 promissiones
659 451 872 493 corporales,
905 454 992 485 sicut
1015 452 1169 484 Christus

190 495 282 527 dicit:
316 495 417 524 l’accr
450 504 532 523 meus
566 497 637 529 scil,
668 496 776 534 quibus
805 496 895 525 rebus
919 507 997 535 opus
1019 496 1170 526 halteah's.

189 538 284 569 Item:
309 538 417 568 Nolite
446 537 581 567 sollirite
606 549 670 567 ‹nt-se
701 544 764 570 etc.
812 538 965 570 Christus
996 539 1085 571 iubet:
1116 550 1172 569 nos

187 585 295 622 petere
319 591 432 620 punem
455 582 680 620 quotidianum.
734 581 829 614 Item:
862 584 1009 616 Qacaerl'le
1039 584 1172 622 primum

188 635 316 664 remeunt
339 624 413 658 Dei,
438 629 466 653 vl
486 624 562 653 leaeo·
586 627 687 653 onznia
712 625 902 655 uclsirieutzu-
924 627 1018 655 cobis.

276 668 338 699 Hic
362 668 502 698 traditur
525 668 622 699 etiam
648 669 799 699 doctrina
822 670 863 700 de
882 668 968 711 lege,
982 670 1071 711 quod
1086 669 1171 701 filius

189 710 255 743 Dei
278 711 321 742 sit
345 711 514 742 subiectus
539 710 618 753 legi,
643 712 718 743 inde
741 713 846 743 oritur
869 714 1019 754 quaestio
1044 713 1144 744 haec:

188 816 324 867 Quare
356 818 600 872 praeciditur
640 833 731 858 caro
773 817 952 860 Christi?
993 834 1044 859 an
1087 820 1171 873 ipse

339 878 462 918 etiam
496 885 557 919 est,
588 886 705 919 natus
738 879 777 919 iu
809 880 1012 934 peccatis?

275 969 490 1012 Respondet).
540 971 566 1001 l.
593 970 675 1006 Quia
701 977 750 1002 est
771 971 1003 1007 testimonium,
1027 972 1116 1013 quod
1130 972 1171 1002 stt

186 1018 287 1044 natus
312 1023 352 1044 cx
375 1014 570 1055 posteritate
594 1013 760 1045 Abrahae.
796 1015 825 1044 ⁶2.
850 1014 934 1050 Quia
959 1013 1060 1046 voluit
1079 1026 1171 1056 prac-

188 1056 253 1088 citli
276 1063 414 1097 propter
438 1062 540 1088 totum
566 1067 672 1098 genus
696 1057 884 1096 humanum,
908 1064 939 1088 et
963 1058 1115 1089 derivare
1138 1059 1170 1089 in

187 1109 227 1130 se
250 1106 390 1140 peccata
419 1101 520 1131 totius
550 1101 682 1141 generis
713 1100 855 1132 humani.
901 1101 932 1132 3.
957 1101 1043 1136 Quia
1066 1100 1171 1133 voluit

187 1152 267 1174 esse
300 1144 483 1174 membrum
517 1142 613 1175 huius
648 1143 834 1181 Ecclesiae,
868 1145 956 1176 sicut
975 1145 1068 1176 dicit:
1096 1145 1169 1174 Sum

184 1187 296 1215 missas
321 1186 364 1215 ml
387 1197 457 1216 oves
480 1192 544 1218 etc.
570 1186 758 1229 Principale
781 1186 927 1219 officium
951 1187 1074 1219 Christi
1088 1194 1169 1226 erat,

183 1234 221 1261 ut
245 1230 383 1260 doceret
407 1230 438 1260 in
461 1229 586 1271 templo
609 1229 860 1273 Hier-osolyiiti5‚
895 1236 928 1262 ct
962 1231 994 1262 in
1028 1230 1086 1262 illo
1110 1242 1167 1273 po-

183 1271 277 1314 pulo,
303 1278 336 1303 et
358 1271 462 1304 voluit
487 1283 563 1305 esse
586 1274 766 1305 membrum
780 1273 867 1306 illius
880 1272 1065 1313 Ecclesiae,
1083 1276 1169 1306 sicut

185 1321 218 1347 et
241 1323 363 1356 postea
386 1315 490 1348 voluit
513 1326 591 1348 esse
614 1318 796 1349 membrum
825 1324 960 1349 nostrae
982 1317 1168 1356 Ecclesiae,

183 1359 315 1400 quaudo
341 1360 526 1400 baptizatus
551 1366 618 1398 est,
643 1366 676 1392 et
699 1367 749 1392 est
773 1371 836 1393 una
859 1367 890 1393 et
914 1361 1028 1393 eadem
1050 1361 1166 1394 Eccle-

183 1402 246 1440 sia,
271 1402 400 1434 etiamsi
419 1404 517 1445 signa
540 1403 703 1435 differunt.

597 1481 760 1513 Obiectio.

318 1539 408 1572 Deus
431 1545 476 1570 est
499 1541 706 1572 inlaudabilis.

322 1583 432 1614 Vestra
450 1584 563 1623 reliyz'o
589 1585 760 1614 christiana
783 1589 830 1617 est
852 1589 985 1620 mutulen
1010 1586 1087 1627 quia
1110 1585 1166 1617 alii

356 1626 489 1658 fuerunt
512 1628 593 1659 ritus
619 1634 767 1670 tempore
789 1628 965 1667 Abrahae,
994 1627 1049 1660 alii
1077 1629 1165 1670 apud

355 1669 561 1712 Apostolos:

312 1712 400 1753 Eryo
419 1725 481 1744 non
504 1717 550 1743 est
572 1714 691 1746 divina.

269 1790 473 1832 Respondeo
503 1793 546 1823 ad
576 1791 750 1824 Minorem.
796 1791 926 1834 Religio
954 1798 1007 1823 est
1029 1797 1163 1832 mutata,

183 1835 260 1876 quia
282 1833 377 1866 Deus
401 1836 610 1876 praedixerat
640 1834 729 1867 illam
757 1836 981 1867 mutationem.
1007 1835 1162 1868 Secundo

185 1876 364 1909 Ecclesiae
379 1879 489 1910 unitas
512 1889 578 1909 non
599 1885 651 1911 est
672 1880 705 1910 in
728 1879 855 1914 ritibus,
875 1879 935 1911 sed
949 1880 1046 1910 estin
1059 1879 1163 1910 verbo

185 1919 262 1959 Dei,
287 1921 363 1962 quia
386 1922 449 1952 ista
472 1921 587 1963 politia
612 1923 756 1954 debebat
778 1932 913 1955 manere
930 1931 1038 1965 usque
1053 1923 1095 1954 ad
1108 1922 1165 1953 ad-

182 1969 317 1996 ventum
342 1963 472 1996 Christi.

338 2067 412 2098 Non
436 2069 504 2098 veni
527 2068 644 2098 solvere
667 2070 775 2109 leyem,
796 2069 853 2099 secl
876 2068 1012 2108 implere.

274 2130 447 2183 Quaem,
488 2147 539 2172 an
571 2132 707 2173 David
746 2132 910 2173 solverit
940 2132 1074 2187 legem

523 2192 677 2233 violans
710 2191 830 2236 eam?

270 2265 483 2309 Respondeo.
530 2266 614 2298 Non.
660 2265 807 2298 Abolere
843 2267 928 2298 enim
957 2265 1066 2309 legem
1101 2246 1193 2305 est,l

181 2319 225 2342 ne
248 2319 315 2341 non
351 2310 393 2341 sit
427 2315 463 2341 ut
493 2309 688 2352 exemplum.
735 2310 807 2341 Fuit
835 2311 867 2341 in
891 2309 1013 2351 Sparta
1035 2308 1107 2347 lex,
1130 2315 1164 2341 ut

182 2359 356 2385 uterentur
385 2363 517 2384 nummo
547 2352 674 2391 ferreoz
710 2359 828 2394 postea
861 2351 916 2385 lex
945 2359 998 2384 est
1027 2351 1171 2387 abolita„

182 2397 261 2429 Item
283 2394 345 2428 fuit
372 2395 426 2428 lex
449 2396 634 2438 pontificia,
663 2402 699 2428 ut
721 2396 916 2428 sacerdotes
945 2406 1012 2427 non
1041 2396 1164 2427 ducant

182 2448 320 2472 uxores.
365 2438 531 2472 Lutherus
554 2438 654 2472 solvit
677 2438 769 2470 illam
792 2438 909 2479 legem,
932 2439 1014 2470 dixit
1036 2448 1113 2470 esse
1124 2439 1163 2470 ir-

183 2483 290 2514 ritam.
337 2482 408 2512 Das
437 2484 478 2512 ist
507 2483 642 2514 solvere
665 2481 785 2525 legem.
830 2481 940 2514 David
962 2492 1029 2513 non
1051 2481 1164 2513 solve-

184 2526 242 2557 bat
265 2525 383 2567 legem.
407 2527 537 2558 etiamsi
559 2525 685 2558 fecerat
708 2532 824 2557 contra
842 2523 961 2567 legem.
1006 2524 1090 2556 Nam
1108 2523 1164 2556 lex

184 2574 308 2606 manet,
342 2575 374 2600 et
407 2574 543 2610 propter
576 2570 673 2601 istam
705 2567 917 2601 violationem
945 2566 1030 2609 legis
1052 2566 1164 2600 David

183 2610 386 2644 horribiliter
409 2612 552 2654 punitur.

1628 237 1790 270 Obiectio.

1355 297 1498 329 Christus
1527 298 1624 327 ‹lit-it:
1653 298 1725 328 Non
1754 299 1822 328 veni
1849 299 1968 330 solt-cre
1997 300 2111 340 Ieyem,
2146 302 2204 334 sed

1396 341 1530 380 ‘'mplere.

1352 384 1421 413 Nos
1443 396 1502 413 mm
1527 384 1669 415 habemini*
1693 386 1975 417 circuntcisionelnt

1352 426 1440 467 Eryo
1463 428 1516 456 lea:
1539 432 1582 456 es!
1603 427 1732 458 abolita.

1312 496 1523 538 Respondco.
1569 496 1617 527 lta
1648 495 1747 528 solvit
1779 495 1932 530 Christus
1965 495 2091 540 legem,
2126 499 2204 541 quia

1224 538 1379 580 implevit.
1410 539 1525 581 implet
1538 546 1648 571 autem
1661 538 1769 582 legem
1784 546 1925 582 quatuor
1938 543 2058 572 modis:
2082 541 2105 573 l.
2120 541 2204 578 Quia

1225 582 1297 622 ipsc
1321 582 1466 624 perfecte
1490 588 1637 624 praestat
1660 583 1891 620 obedientiam,
1915 584 1956 615 de
1979 595 2045 626 qua
2061 583 2115 616 lex
2129 596 2204 618 con-

1227 626 1387 664 cionatur,
1411 627 1487 667 quia
1512 625 1586 657 talis
1611 632 1672 663 est,
1695 627 1766 667 ipse
1791 632 1841 657 est
1860 625 1946 658 lilius
1969 633 2001 658 et
2024 628 2134 670 imago
2149 639 2203 669 pa-

1226 670 1297 706 tris,
1326 669 1356 700 in
1381 680 1445 710 qua
1475 668 1560 700 lucet
1592 669 1754 710 sapientia
1785 676 1817 700 et
1841 670 1963 701 iustitia
1995 671 2108 711 patris,
2132 682 2204 712 per-

1225 711 1313 743 sectc
1337 711 1439 754 diligit
1464 719 1600 752 patrem,
1624 718 1772 753 praestat
1790 711 1972 754 perfectam
1985 714 2203 746 obedientiam

1226 765 1325 795 supra
1351 765 1466 786 onmes
1493 761 1683 792 creaturam
1712 761 1831 796 postea
1859 756 2000 787 donatur
2022 758 2119 789 nobis
2143 767 2204 790 sua

1225 799 1345 829 iustitia
1370 806 1505 839 propter
1523 800 1640 839 ipsum.
1686 798 1724 829 lt.
1744 798 1989 830 §atissaciendo
2013 810 2073 840 pro
2093 801 2202 840 nobis,

1226 841 1257 872 id
1282 848 1342 876 est,
1367 842 1548 873 derivando
1576 842 1608 872 in
1639 852 1676 873 se
1699 843 1780 872 irain
1803 842 1966 873 adversus
1989 849 2127 883 peccata
2146 854 2203 886 ge-

1226 886 1313 915 neris
1338 884 1481 922 humani,
1504 890 1535 915 et
1559 884 1613 915 illa
1638 885 1820 916 satisfactio
1845 885 1987 916 donatur
2010 892 2043 917 et
2066 886 2202 928 imputa-

1225 934 1277 959 tur
1301 929 1410 966 nobis,
1433 928 1508 969 quia
1537 928 1608 968 ipsc
1631 933 1683 959 est
1705 929 1865 959 innocens
1885 934 1916 959 ct
1938 929 2057 967 iustus,
2086 936 2118 961 et
2130 939 2203 961 sus-

1225 972 1305 1002 tinet
1340 981 1493 1012 pocnnm,
1518 981 1602 1011 quae
1626 971 1808 1002 debebatur
1836 971 1976 1002 iustitiae
2000 983 2060 1013 pro
2092 974 2203 1011 nobis,

1225 1021 1257 1045 et
1281 1014 1355 1055 quia
1379 1015 1451 1054 ipse
1474 1013 1599 1054 implet,
1624 1015 1746 1045 donata
1770 1020 1820 1044 est
1842 1015 1939 1045 nobis
1963 1015 2033 1046 eius
2056 1015 2202 1057 impletio

1225 1063 1256 1089 et
1280 1058 1477 1088 obedientia.
1522 1057 1575 1088 lll.
1600 1056 1818 1088 Restituenda
1841 1057 1873 1087 in
1903 1058 2018 1096 nobis,
2047 1059 2136 1099 quod
2166 1058 2203 1090 sit

1224 1102 1255 1131 in
1286 1100 1349 1131 hac
1378 1101 1444 1132 vita
1472 1100 1682 1131 inchoatione
1711 1101 1743 1130 in
1772 1100 1886 1137 nobis,
1917 1106 1948 1131 et
1976 1106 2094 1141 postea
2126 1112 2202 1133 con-

1223 1144 1448 1175 summatione.
1475 1144 1615 1179 Quando
1639 1144 1802 1176 restituit?
1821 1142 2033 1184 Respondeo.
2059 1144 2201 1180 Quando

1223 1186 1288 1218 fide
1322 1186 1586 1224 sanctificamur,
1625 1186 1758 1228 quaxnlo
1790 1187 1972 1227 accipimus
2001 1187 2202 1219 consolatio-

1222 1241 1309 1269 nem,
1344 1231 1486 1262 donatur
1516 1230 1659 1270 Spiritus
1689 1235 1845 1268 sanctus,
1875 1230 2049 1270 incipimus
2077 1229 2201 1273 aliquo·

1222 1274 1320 1305 modo
1345 1273 1559 1316 acquiescere
1581 1273 1614 1304 in
1636 1272 1723 1304 Deo.
1768 1272 1836 1304 llll.
1861 1272 2049 1305 Sanciendo
2069 1280 2102 1306 et
2125 1284 2202 1306 con·

1222 1316 1384 1348 firmando
1420 1317 1622 1355 doctrinam,
1657 1316 1733 1358 quia
1757 1316 1836 1348 dicit
1859 1314 1915 1347 illa
1940 1326 2044 1358 opera
2065 1315 2202 1358 placere

1220 1359 1308 1398 Deo,
1331 1358 1395 1392 aiia
1418 1370 1484 1391 non
1507 1358 1652 1400 placere.
1698 1359 1793 1390 Deus
1816 1360 1860 1390 ita
1883 1360 1999 1401 recipit
2022 1370 2129 1402 genus
2141 1360 2201 1392 hu-

1220 1414 1352 1435 manum
1382 1414 1423 1434 ex
1446 1403 1606 1434 immensa
1634 1402 1876 1440 misericordia,
1910 1408 1945 1433 ut
1975 1401 2074 1434 simul
2104 1403 2201 1434 etiam

1220 1445 1364 1478 voluerit
1386 1446 1543 1476 sati-§lieri
1567 1455 1650 1476 suae
1673 1445 1826 1480 iustitiae,
1861 1455 1929 1476 non
1960 1446 2093 1477 remittit
2120 1455 2200 1487 pec-

1220 1495 1295 1520 cata
1318 1499 1359 1520 ex
1382 1487 1514 1520 levitate
1537 1488 1691 1530 quadam,
1716 1488 1793 1528 quia
1817 1498 1915 1519 nemo
1938 1489 2045 1529 potuit
2068 1486 2199 1520 satissa-

1220 1542 1298 1563 cere
1321 1538 1354 1563 et
1377 1530 1597 1563 reconciliare
1620 1532 1700 1562 iram
1720 1530 1794 1568 Dei,
1819 1531 1881 1561 nisi
1904 1529 1999 1562 solus
2019 1529 2104 1562 filius
2123 1530 2200 1562 Dei.

1218 1575 1310 1606 Haec
1333 1586 1388 1606 res
1418 1580 1484 1606 tam
1507 1584 1628 1615 magna
1660 1578 1723 1611 est,
1757 1578 1791 1604 ut
1821 1571 1915 1605 nulla
1940 1580 2093 1606 creatura
2122 1572 2199 1605 illas

1219 1628 1359 1650 caussas
1389 1616 1575 1660 intelligere
1602 1617 1728 1657 possit,
1762 1616 1826 1648 imo
1860 1617 1924 1648 ista
1948 1617 2114 1658 Sapientia
2138 1618 2200 1650 erit

1219 1661 1379 1694 discenda
1401 1666 1519 1703 postea
1542 1660 1574 1691 in
1599 1660 1686 1691 omni
1708 1660 1918 1691 aeternitate.

1303 1704 1400 1736 Nunc
1424 1705 1464 1735 de
1487 1702 1721 1745 applicatione.

1426 1801 1645 1852 Quomodo
1676 1801 1724 1840 fit,
1750 1800 1990 1854 applicatio?

1305 1877 1518 1918 Respondeo.
1541 1876 1632 1914 Fide,
1657 1885 1737 1907 vera
1759 1874 1878 1906 fiducia
1901 1873 1960 1905 filii
1982 1873 2046 1906 Dei
2065 1874 2097 1906 in
2118 1885 2199 1907 vera

1219 1921 1450 1953 conversione.
1474 1918 1559 1951 Tota
1570 1917 1728 1960 impletio,
1752 1927 1836 1959 quae
1848 1915 1938 1948 facta
1951 1922 2002 1948 est
2013 1927 2073 1958 per
2085 1915 2198 1957 filium,

1218 1962 1275 1995 illa
1293 1963 1329 1994 fit
1352 1963 1417 1994 fide
1441 1963 1473 1994 in
1496 1963 1605 1994 nobis.
1650 1961 1818 2000 Iustificati
1836 1959 1899 1999 fide
1919 1970 2028 1999 pacem
2043 1959 2196 1991 habemus.

1221 2007 1362 2048 Oportet
1385 2016 1447 2038 nos
1471 2007 1575 2038 verbo
1599 2003 1848 2046 apprehendere
1870 2002 1955 2034 haec
1978 2003 2150 2040 beneficia,
2164 2011 2198 2036 et

1220 2055 1313 2082 certo
1336 2049 1424 2091 apud
1447 2059 1509 2081 nos
1534 2053 1691 2085 statuere,
1714 2047 1803 2089 quod
1826 2044 1914 2078 filius
1928 2046 1992 2078 Dei
2014 2045 2126 2079 sactus
2146 2053 2199 2078 est

1218 2104 1279 2135 pro
1303 2093 1400 2124 nobis
1412 2097 1596 2134 peccatum,
1618 2091 1652 2122 id
1665 2096 1727 2128 est,
1746 2089 1903 2131 quiddam
1915 2099 2008 2121 reum
2021 2094 2053 2121 et
2065 2089 2199 2122 damna-

1188 2155 1193 2174 .
1218 2142 1297 2174 tum,
1320 2142 1356 2168 ut
1377 2135 1533 2168 fieremus
1563 2134 1684 2166 iustitia
1702 2132 1778 2172 Dei,
1812 2133 1845 2164 id
1869 2138 1935 2171 est,
1958 2139 1994 2164 ut
2016 2142 2079 2164 nos
2102 2143 2198 2174 repu-

1218 2184 1364 2211 taremur
1391 2179 1468 2211 iusti
1497 2183 1634 2220 propter
1656 2177 1784 2218 ipsum,
1815 2175 1946 2208 scilicet
1974 2176 2198 2217 imputatione,

1217 2228 1337 2265 postea
1358 2221 1571 2255 inchoatione
1593 2226 1625 2252 et
1644 2219 1937 2252 consummatione.

1448 2324 1492 2357 ΙΝ
1525 2322 1776 2355 EPIPIIANHS
1809 2321 1955 2355 DOMlN
1957 2321 1977 2352 1.

1434 2391 1709 2435 Evangelium
1731 2390 1935 2423 Matthaei
1958 2390 1989 2421 2.

1387 2451 1490 2494 (cons.
1521 2451 1598 2485 Vol.
1623 2452 1745 2484 xxiv.
1775 2463 1806 2494 p.
1837 2451 1902 2482 219
1929 2453 2018 2493 sqq.)

1302 2522 1386 2555 Dies
1425 2521 1480 2553 hic
1517 2522 1705 2553 nominatur
1743 2502 1929 2560 Epiphania
1971 2518 2198 2570 principaliter

1216 2565 1586 2643 ffiffigtegffilxitgtipsmum
1615 2563 1756 2602 Christi,
1792 2569 1929 2606 propter
1956 2569 2196 2621 apparitipnem
