2374 2985
151 171 192 203 33

151 267 276 307 Estne
307 270 519 320 peccatum
552 262 735 302 victitare
767 261 904 311 nitide,
928 260 1030 300 sicut
1061 260 1125 299 hic

154 344 204 384 de
237 343 362 383 divite
401 341 477 381 isto
510 345 707 380 narratur:
746 341 943 382 Epulabatur
961 341 1126 381 quotidie?

238 433 315 464 Dixi
355 437 468 470 antea,
506 431 538 462 in
578 430 708 461 Graeco
749 437 846 465 esse,
887 426 1124 468 εὖφραιινόμειιυς,

154 477 242 518 quod
271 477 301 506 in
332 485 454 517 genere
483 472 713 514 complectitur
744 471 940 502 suavitatem
963 470 1068 513 vitae,
1092 470 1124 500 id

153 526 221 557 est,
254 529 320 550 non
344 524 468 549 tantum
493 515 629 547 delicias
653 513 834 556 epularum,
858 518 890 544 et
914 513 1126 553 magnificum

152 566 345 603 apparatum
375 560 620 596 conviviorum,
653 558 713 588 sed
741 556 845 588 omnis
876 556 1008 605 generis
1033 553 1126 586 volu-

152 611 280 646 ptates,
314 604 433 645 quibus
467 603 628 633 excitatur
660 599 806 631 hilaritas
837 604 869 629 et
897 598 1046 647 laetata..
1085 597 1127 628 Et

153 648 282 679 additur
305 646 378 678 καθ’
406 645 525 687 &repam
554 645 586 675 id
609 649 682 680 est,
712 642 872 683 quotidie,
902 647 937 672 ut
961 640 1126 682 significe-

153 696 206 722 tur
239 690 376 721 assidua
409 687 639 730 ingurgitatio,
672 686 748 716 item
777 684 941 715 securitas
969 682 1126 720 carnalis,

154 743 240 774 quae
269 738 320 763 est
350 742 504 773 magnum
533 734 720 771 peccatum,
755 732 787 759 et
816 725 1049 758 universaliter
1077 732 1127 756 est

154 776 419 817 impedimentum
446 772 656 815 precationis,
712 770 777 802 Iste
807 770 901 800 (lives
931 779 998 800 nou
1022 769 1127 819 potuit

154 819 310 849 invocare
333 817 458 853 Deum3
489 816 564 857 quia
590 813 755 845 invocatio
779 813 877 844 debet
900 822 978 843 esse
1002 813 1126 843 sobria.

156 860 293 896 Quando
317 859 415 890 homo
438 859 692 898 intemperanter
715 856 806 894 vivit,
824 865 891 886 non
911 861 963 886 est
986 855 1125 886 idoneus

155 904 196 934 ad
219 903 430 943 precandum.
475 901 609 939 Pc'nyaz's
637 903 739 929 venter
767 909 827 928 uon
855 898 959 927 studet
983 897 1126 927 libenter:

155 946 213 976 sed
237 944 337 976 multo
360 945 466 986 magis
489 953 605 975 verum
628 948 691 980 est,
710 952 770 971 non
790 945 860 971 orat
879 941 1016 970 libenter.
1053 940 1127 972 Hie-

154 997 312 1029 ronymus
343 988 401 1019 ait:
434 987 571 1026 Pinffla's
600 989 701 1014 center
730 995 790 1014 non
812 986 916 1024 yiynit
943 994 1060 1013 sensam
1086 987 1127 1013 te-

153 1040 247 1060 nuem·
283 1030 453 1071 Expressa
471 1035 579 1061 autem
599 1028 757 1070 praecipit
776 1027 911 1059 Petrus:
936 1028 1007 1056 sitis
1030 1026 1128 1056 sobrii

155 1073 197 1102 ad
214 1075 437 1112 precationem.

285 1237 393 1287 Quid
425 1236 624 1290 significat
655 1249 804 1276 nomen
836 1234 1000 1276 Lazari?

240 1327 390 1358 Lazarus
414 1326 580 1369 siguificat
603 1327 704 1364 idem,
729 1325 817 1367 quod
841 1326 972 1356 adiutus
997 1336 1016 1356 a
1039 1323 1124 1356 Deo.

152 1370 213 1401 Est
236 1369 417 1401 mutilatum
439 1371 480 1400 ab
504 1369 644 1399 Eleazar.
694 1368 738 1398 El
759 1368 923 1410 significat
945 1368 1070 1403 Deum,
1095 1374 1127 1399 et

152 1412 244 1446 Ezar,
268 1411 434 1444 auxilium.
475 1412 616 1447 Quando
639 1422 704 1443 non
728 1410 881 1443 volumus
905 1409 1026 1452 aliquid
1047 1411 1126 1442 dare

152 1456 362 1496 pauperibuS,
385 1455 576 1486 dimittimus
599 1465 658 1486 eos
680 1454 745 1485 hac
768 1464 863 1491 voce,
884 1454 960 1483 Gott
977 1453 1047 1491 [1le
1063 1454 1126 1492 dir,

155 1498 231 1527 Golt
254 1498 376 1527 berathe
399 1497 483 1532 ‹lit-h,
506 1497 599 1528 Deus
624 1504 656 1528 te
680 1498 778 1528 iuvet.
824 1497 892 1528 Sed
914 1498 1055 1538 pertinet
1077 1502 1125 1528 ta-

152 1551 226 1572 men
255 1541 296 1572 ad
326 1539 584 1572 consolationem
611 1541 827 1578 miserorum,
861 1539 945 1571 haec
972 1541 1046 1581 ipsa
1068 1550 1125 1580 ap-

152 1582 286 1624 pellatio
310 1584 441 1614 Lazari.
487 1583 600 1614 Miseri
622 1582 728 1614 relicti
758 1590 789 1614 et
819 1583 965 1614 destituti
994 1584 1035 1614 ab
1066 1582 1124 1613 ho-

153 1627 310 1664 miuibus,
340 1627 438 1657 habet
468 1632 576 1657 tamen
606 1625 835 1658 auxiliatorem
863 1625 988 1664 Deum,
1020 1632 1056 1658 ut
1078 1627 1124 1656 in-

154 1670 222 1709 quit
245 1668 415 1700 psalmus:
438 1669 537 1698 Pater
560 1673 590 1698 ec
613 1673 709 1699 mater
732 1669 959 1709 dereliquerant
981 1679 1035 1704 mc,
1058 1669 1124 1698 Do-

155 1713 250 1740 :m‘mcs
273 1716 372 1741 antem
394 1714 529 1750 suscepit
552 1722 604 1740 mc.
655 1711 749 1743 Deus
778 1712 852 1743 ideo
883 1712 959 1743 sinit
981 1722 1044 1743 nOS
1069 1713 1124 1743 tle-

156 1754 220 1784 seri
234 1764 253 1784 a
267 1755 393 1784 caussis
418 1755 586 1792 secundis,
602 1760 637 1785 ut
662 1755 884 1795 conspiciatur
906 1755 1010 1795 ipsius
1035 1756 1123 1786 auxi-

155 1794 243 1833 lium,
259 1802 290 1826 et
307 1802 340 1827 ut
359 1806 593 1837 agnoscamus,
607 1798 694 1837 quod
713 1798 784 1836 ipsc
805 1799 901 1828 nobis
919 1804 1052 1837 praesto
1071 1798 1122 1828 sit.

240 1838 306 1869 Iste
330 1838 478 1870 Lazarus
503 1844 553 1869 est
571 1839 678 1879 imago
698 1837 872 1870 Ecclesiae
889 1841 1030 1871 omnium
1048 1846 1125 1870 tem-

153 1892 286 1922 porum,
311 1887 342 1912 et
364 1883 491 1922 piorum
514 1880 719 1924 singulorum
742 1882 774 1912 in
793 1881 954 1913 Ecclesia.
1001 1883 1124 1913 Omnes

153 1934 213 1954 nos
239 1934 352 1955 sumus
382 1923 469 1964 pleni
493 1925 665 1962 sordibus,
700 1930 731 1955 et
755 1925 964 1956 contaminati
986 1925 1125 1956 horribi-

152 1966 244 2003 liter,
268 1968 352 1998 sicut
375 1967 524 1998 Lazarus
548 1966 602 1998 ille
625 1968 811 1998 ulcerosus-
856 1967 898 1998 Et
920 1973 955 1999 ut
978 1967 1125 1999 Lazarus

153 2011 239 2040 iacet
261 2010 302 2040 ad
326 2009 417 2040 sores
441 2010 568 2048 divitis,
599 2010 648 2040 sic
671 2009 825 2041 Ecclesia
847 2011 931 2041 iacet
955 2011 996 2040 ad
1020 2011 1124 2051 pedes

154 2052 340 2092 Principum
372 2059 403 2083 et
432 2052 569 2094 Regum.
621 2053 707 2083 lacet
738 2054 767 2083 in
792 2054 954 2093 imperiiS,
979 2054 1049 2084 sive
1072 2064 1126 2084 ve-

152 2093 227 2132 lint,
263 2096 334 2126 sive
364 2094 481 2126 nolint:
516 2095 559 2126 Et
581 2106 777 2137 quamquam
800 2094 983 2133 fastiditur,
1017 2102 1125 2127 tamen

153 2145 230 2168 sunt
265 2148 385 2175 canes,
419 2139 474 2179 qui
510 2137 638 2180 lingunt
671 2138 848 2176 Lazarum,
882 2140 915 2170 id
949 2145 1016 2177 est,
1050 2146 1126 2170 sunt

154 2180 323 2221 Principes
347 2180 464 2222 aliqui,
491 2187 547 2212 aut
576 2180 629 2212 alii
658 2182 735 2212 boni
759 2182 909 2212 homiues
933 2183 987 2223 qui
1011 2188 1124 2213 utcun—

153 2233 217 2264 que
240 2222 364 2254 leniunt
387 2222 558 2255 Ecclesiae
581 2225 747 2260 miserias3
772 2225 846 2265 quia
864 2224 958 2256 Deus
977 2224 1046 2256 vult
1063 2224 1126 2256 Ec-

155 2264 288 2296 clesiam
312 2266 343 2296 in
367 2266 431 2297 hac
459 2267 526 2297 vita
556 2268 696 2298 servari:
731 2268 804 2298 ideo
836 2268 955 2298 excitat
984 2267 1126 2309 aliquos,

154 2309 208 2348 qui
232 2319 342 2339 curam
366 2308 453 2340 illius
477 2315 602 2348 gerant.
656 2309 795 2351 Semper
823 2317 874 2341 est
897 2310 1016 2351 aliquis
1041 2311 1126 2342 One-

155 2350 323 2390 siphorus:
358 2358 434 2382 sunt
455 2351 554 2393 aliqui
577 2353 666 2391 boni,
694 2354 749 2395 qui
771 2354 919 2384 serviunt
941 2353 1124 2385 Ecclesiae.

154 2392 251 2431 Item,
290 2393 428 2423 Lazarus
461 2397 519 2424 iste
553 2399 702 2435 portatur
739 2396 778 2425 ab
812 2396 930 2435 anyelis
964 2398 996 2425 in
1028 2399 1125 2426 sinum

155 2435 305 2464 Abrahae.
362 2437 410 2468 lta
442 2437 617 2477 laetemur,
651 2449 714 2470 nos
748 2449 826 2470 esse
856 2449 954 2471 curae
984 2439 1125 2482 Angelis

155 2478 251 2508 etiam
275 2480 307 2509 in
329 2486 445 2511 morte.

240 2520 475 2564 Unusquisque
488 2525 715 2556 accommodet
733 2525 797 2556 ista
813 2525 856 2556 ad
868 2535 917 2563 se,
940 2531 972 2556 et
996 2525 1125 2557 discant

154 2563 387 2596 adolescentes
410 2576 527 2598 versus
551 2565 647 2606 illos,
680 2574 715 2599 ut
739 2567 778 2599 de
802 2567 865 2599 hac
888 2567 1026 2610 pulchra
1050 2570 1125 2601 ima-

155 2606 229 2647 gine
253 2617 354 2647 saepe
376 2608 572 2640 admoneant
594 2620 632 2641 se
654 2611 766 2651 ipsos:

307 2666 453 2687 MELANTH.
467 2668 547 2688 OPER.
561 2669 624 2689 VOL.
639 2670 705 2689 XXV.

828 162 1043 196 POSTILLA
1075 161 1476 193 MELANTHONIANA.

1147 1422 1156 1884 f

2117 164 2160 195 34

1265 257 1383 294 Aeyer,
1408 259 1437 284 et
1460 254 1614 284 ulceribus
1635 256 1779 295 squalens
1802 258 1834 285 in
1855 267 1987 296 corpore
2011 261 2088 292 toto,

1309 298 1373 327 Hcc
1395 299 1503 336 iaceo,
1528 301 1557 327 et
1576 302 1707 337 pereant
1731 299 1842 328 tabida
1860 300 1990 329 membra
2010 301 2111 338 fame.-

1265 341 1386 372 Divz'tis
1410 345 1480 370 aute
1499 341 1586 378 fores
1608 342 1706 370 iacuit
1729 352 1784 370 cea
1806 341 1944 372 Lazarus
1968 343 2050 377 olim,

1313 384 1373 414 Cui
1391 383 1543 421 fastidito
1567 394 1652 413 nemo
1671 384 1793 422 serebat
1817 396 1914 423 opem.

1269 426 1311 457 Ut
1334 431 1434 456 tamen
1458 437 1477 455 a
1501 428 1621 456 mmctae‘s
1645 431 1780 466 spretus,
1806 431 1861 457 tna
1884 439 1979 467 cara,
2002 433 2124 470 tuoque,

1308 469 1471 508 Exceptus
1492 472 1609 509 yremlo
1632 470 1773 501 Lazarus
1795 470 1848 499 ille
1866 472 1945 508 fuit:

1265 512 1337 547 Sic,
1363 517 1484 542 aeterne
1507 513 1610 547 Deus,
1635 517 1689 542 tua
1710 524 1755 542 me
1778 513 1938 543 clementia
1961 519 2069 550 servet,

1265 555 1308 585 Et
1331 557 1470 584 miseram
1489 556 1622 585 (lextrae
1640 560 1791 595 procellat
1814 555 1918 586 umbra
1941 561 2021 587 tuae.

1179 613 1377 646 Econtrario
1403 615 1496 646 dives
1519 614 1576 646 ille
1600 621 1652 646 est
1675 616 1784 657 imago
1808 616 1999 657 impiorum,
2023 617 2077 659 qui
2099 617 2158 649 ali·

1180 659 1372 699 quantisper
1410 663 1487 690 sunt
1521 659 1650 696 securI,
1688 668 1750 689 nec
1785 660 1931 690 sentiunt
1966 670 2158 692 communes

1180 709 1356 732 aerumnas
1387 706 1419 732 et
1442 700 1604 742 pericula:
1639 701 1712 732 Etsi
1741 712 1922 743 nunquam,
1955 713 1997 734 ne
2028 704 2159 744 quidem

1179 743 1267 783 apud
1300 742 1526 782 felicissimos,
1549 745 1581 775 in
1605 744 1670 776 hac
1699 745 1768 776 vita
1802 744 1925 777 laetitia
1954 746 2000 777 ita
2028 747 2158 779 sincera

1181 791 1242 823 est,
1263 792 1298 816 ut
1316 797 1382 817 non
1405 787 1604 818 interveniat
1626 786 1750 829 aliquid
1772 787 1952 825 malorum;
1974 794 2010 820 ut
2033 790 2158 828 dicunt,

1178 829 1360 860 Artaxerxi
1383 836 1546 861 mortuam
1570 840 1647 862 esse
1669 841 1825 869 uxorem,
1850 837 1882 862 et
1905 842 1978 863 cum
2003 833 2159 864 immode-

1179 876 1251 902 rate
1274 872 1306 903 id
1329 871 1449 910 ferret,
1471 873 1604 904 misisse
1631 874 1672 905 ad
1696 872 1942 912 Democritum,
1965 881 2006 905 ut
2028 876 2158 907 veniret

1180 915 1222 945 ad
1245 923 1300 953 se,
1329 921 1361 946 et
1390 915 1490 946 vitam
1520 917 1616 947 uxori
1647 917 1852 949 restitueret:
1885 917 2067 958 Respondit
2092 919 2159 950 De-

1180 958 1356 996 mocritus,
1389 957 1457 987 Sibi
1485 969 1563 998 opas
1590 969 1655 988 esse
1678 960 1721 989 ad
1739 959 1798 989 lcoc
1816 961 2042 999 praestandam
2065 963 2160 991 certis

1180 1001 1361 1039 quibusdam
1382 1001 1501 1030 mediis.
1536 1001 1607 1033 Rex
1624 1003 1762 1044 putabat
1781 1001 1871 1035 facili
1894 1004 2028 1045 negotio
2051 1004 2159 1036 media

1180 1042 1236 1074 illa
1258 1044 1398 1075 inveniri
1420 1054 1540 1085 posse,
1568 1055 1609 1076 ac
1631 1046 1727 1077 iussit
1751 1045 1978 1078 Democritum
2011 1047 2159 1079 indicare

1181 1085 1316 1124 saltem,
1346 1087 1423 1128 quid
1453 1089 1647 1129 requireret.
1706 1088 1831 1120 Verum
1858 1088 2071 1121 Democritus
2100 1101 2158 1132 po-

1180 1128 1315 1160 stulavit
1348 1131 1411 1161 sibi
1440 1131 1520 1162 mitti
1549 1131 1718 1172 descripta
1745 1133 1877 1163 nomina
1899 1133 2033 1174 triginta
2056 1132 2159 1164 homi·

1180 1182 1276 1210 num,
1316 1173 1370 1213 qui
1403 1174 1633 1214 pervenissent
1665 1175 1707 1205 ad
1743 1176 2004 1216 octuagesimum
2038 1186 2159 1209 annum

1180 1215 1299 1246 aetatis
1323 1216 1394 1246 sine
1415 1215 1528 1257 aliqua
1551 1217 1693 1248 miseria.

1266 1256 1355 1288 Talis
1391 1264 1443 1289 est
1474 1259 1556 1290 haec
1590 1260 1674 1298 w‘ta,
1706 1266 1742 1291 ut
1770 1260 1868 1291 etiam
1898 1260 1957 1302 qui
1976 1260 2158 1293 felicissimi

1180 1306 1351 1340 putantur,
1378 1306 1486 1334 tamen
1515 1303 1655 1333 subinde
1684 1304 1898 1344 experiantur
1920 1314 1999 1335 suas
2023 1303 2158 1336 calami-

1179 1347 1274 1374 tates.
1331 1343 1398 1374 Sed
1432 1354 1497 1375 non
1526 1346 1790 1377 animadvertunt
1817 1347 1881 1377 ista
1909 1346 2060 1378 homines
2083 1358 2158 1388 pro-

1179 1385 1290 1426 phani.
1337 1385 1414 1417 Ideo
1438 1388 1570 1419 tandem
1593 1389 1762 1419 atrocibus
1782 1390 1897 1430 poenis
1918 1391 2157 1431 opprimuntur,

1179 1434 1212 1459 et
1234 1429 1266 1458 in
1290 1430 1468 1461 securitate
1491 1440 1553 1462 sua
1582 1432 1615 1462 in
1639 1438 1807 1463 aeternum
1831 1439 1969 1473 pereunt
1995 1443 2068 1465 cum
2092 1433 2158 1465 isto

1179 1471 1288 1502 divite.

1264 1514 1329 1545 Iam
1359 1525 1480 1557 magna
1509 1523 1561 1547 est
1585 1517 1764 1558 disputatio
1796 1517 1836 1548 de
1859 1519 1975 1558 poenis
1999 1519 2086 1560 apud
2109 1519 2157 1549 in-

1178 1555 1284 1588 feros:
1318 1558 1395 1588 item
1429 1559 1470 1589 de
1503 1560 1578 1591 sinu
1611 1559 1780 1596 Abrahae,
1840 1560 1998 1592 Homines
2034 1562 2157 1593 curiosi

1178 1599 1280 1631 multa
1303 1607 1482 1642 quaerunt,
1506 1612 1591 1643 quae
1614 1609 1692 1634 sunt
1714 1603 2041 1645 impervestigabilia.
2085 1605 2156 1636 Nos

1178 1643 1279 1674 simus
1305 1645 1451 1675 contenti
1473 1644 1537 1676 hac
1561 1646 1730 1685 doctrina,
1755 1656 1840 1688 quae
1863 1645 1940 1678 alibi
1964 1647 2062 1678 etiam
2085 1649 2158 1679 sine

1177 1685 1291 1728 figuris
1316 1688 1435 1718 tradita
1458 1694 1508 1719 est
1532 1699 1616 1720 voce
1641 1689 1761 1720 divina.

1265 1728 1365 1761 Certo
1395 1736 1579 1762 statuamus
1609 1742 1686 1763 esse
1715 1738 1870 1763 aeternas
1895 1742 2040 1774 poenas,
2070 1740 2102 1764 et
2125 1735 2158 1765 in

1177 1772 1228 1802 his
1256 1772 1386 1804 futuros
1415 1783 1492 1804 esse
1521 1783 1598 1813 θος,
1632 1776 1685 1816 qui
1715 1775 1889 1806 discedunt
1918 1786 1960 1806 ex
1988 1776 2053 1808 hac
2077 1778 2156 1815 vita,

1178 1815 1250 1846 sine
1273 1815 1337 1846 fide
1362 1821 1392 1846 et
1415 1816 1626 1848 invocatione
1649 1817 1721 1848 Filii
1744 1817 1819 1849 Dei.
1865 1819 1921 1849 Sic
1945 1818 2010 1850 fide
2034 1825 2156 1851 statua-

1177 1866 1250 1888 mus
1285 1867 1360 1888 esse
1394 1864 1561 1890 aeternam
1595 1861 1827 1892 beatitudinem
1865 1860 2045 1893 electorum
2080 1868 2158 1903 post

1177 1899 1263 1931 hanc
1286 1901 1405 1938 vitam,
1434 1901 1523 1934 iuxta
1546 1903 1649 1933 dicta:
1683 1903 1790 1933 Hodie
1817 1914 1928 1933 mecum
1951 1907 2014 1934 eris
2036 1906 2069 1934 ιἰι
2092 1905 2157 1935 Ρα-

1178 1943 1297 1972 rmlz‘so.
1345 1943 1518 1985 Significat
1541 1952 1648 1977 autem
1668 1947 1843 1986 paradisus
1866 1952 2005 1985 statum,
2035 1949 2067 1979 in
2090 1959 2156 1990 quo

1179 1992 1229 2016 est
1251 1984 1386 2018 laetitia.
1432 1987 1532 2026 Item,
1565 1988 1664 2018 Beati
1692 1991 1820 2023 mortui,
1854 1992 1907 2030 qai
1929 1993 2102 2021 moriantur
2123 1994 2156 2021 in

1178 2029 1323 2059 Domino.
1369 2029 1404 2061 In
1428 2030 1498 2068 his,
1523 2042 1608 2072 quae
1633 2038 1724 2064 certo
1748 2039 1824 2064 sunt
1847 2034 1984 2072 tradita,
2008 2034 2157 2075 acquies—

1178 2082 1309 2110 camus,
1340 2078 1371 2104 et
1401 2074 1587 2106 omittamus
1616 2076 1831 2116 quaestiones
1861 2078 2030 2115 curiosas,
2054 2077 2156 2118 quali-

1179 2116 1241 2145 bus
1265 2114 1359 2147 multi
1389 2115 1614 2157 delectantur,
1644 2123 1770 2150 tantum
1793 2120 1835 2151 ad
1858 2120 2036 2161 perniciem
2060 2130 2155 2152 suam

1178 2163 1210 2188 et
1233 2167 1448 2190 communem.

1266 2209 1405 2244 Quidam
1438 2211 1587 2244 mittebat
1620 2213 1698 2244 mihi
1732 2212 1868 2252 librum,
1902 2224 1999 2255 quem
2023 2213 2156 2246 volebat

1178 2252 1288 2283 edere.
1338 2253 1374 2284 In
1398 2264 1438 2285 eo
1463 2255 1608 2296 disputat
1631 2257 1759 2287 animas
1783 2257 1994 2288 discedentes
2017 2267 2059 2289 ex
2083 2268 2155 2289 cor-

1178 2295 1332 2336 poribus,
1366 2307 1473 2339 neque
1503 2305 1651 2330 mortuas
1680 2309 1773 2337 esse,
1804 2310 1910 2341 neque
1938 2301 2070 2339 vivere,
2094 2300 2155 2331 sed

1178 2348 1253 2370 esse
1276 2340 1403 2371 tertium
1427 2341 1592 2382 quiddam.
1637 2341 1727 2373 Talis
1747 2348 1797 2373 est
1816 2343 1944 2374 vanitas
1963 2342 2059 2375 huius
2083 2353 2155 2374 sae-

1178 2380 1260 2420 culi,
1289 2389 1321 2413 et
1349 2382 1528 2425 petulantia
1556 2385 1588 2415 in
1612 2386 1765 2417 absurdis
1790 2386 1999 2426 opinionibus
2022 2387 2155 2428 excogi-

1177 2425 1301 2464 tandis,
1332 2436 1405 2457 cum
1436 2437 1500 2468 qua
1527 2426 1722 2469 plerumque
1745 2429 1920 2460 coniuncta
1943 2436 1993 2460 est
2016 2430 2155 2461 audacia

1178 2468 1378 2509 depravandi
1401 2472 1582 2502 sententias
1606 2472 1647 2502 ab
1671 2470 1746 2502 aliis
1769 2478 1861 2503 recte
1883 2473 2034 2504 traditas

1263 2527 1447 2570 Utrumque
1477 2530 1590 2562 vitium
1618 2536 1750 2563 notatur
1779 2530 1835 2562 illo
1859 2531 1948 2564 dicto
1973 2531 2153 2573 Euripidis:

1177 2570 1347 2607 Ἀκόλαστος
1375 2574 1512 2611 γλῶσσα,
1546 2575 1684 2613 αἰσχίστη
1711 2575 1811 2610 νόσοςε
1842 2575 1874 2606 id
1902 2581 1970 2613 est,
2003 2575 2154 2605 Petulans

1178 2613 1285 2654 linqua
1308 2617 1504 2654 turpissimus
1526 2617 1648 2646 morbus
1670 2621 1727 2646 est:
1752 2616 1922 2656 videlicet,
1952 2619 1986 2650 iu
2008 2618 2152 2650 ludendo

1984 2679 1999 2702 3
