2374 2985
76 216 137 247 169

759 211 974 243 POSTILLA
997 210 1399 242 MELANTHONIANA.

2025 211 2085 242 170

75 317 209 340 externa
233 307 423 349 disciplina:
447 313 575 348 postea,
600 307 674 348 quia
695 304 870 346 disciplina
894 311 945 335 est
972 316 1050 346 qua·
1073 309 1077 351 1
1100 316 1161 347 per
1184 306 1317 343 eadem,
1335 311 1369 336 et
1390 304 1465 336 Deo
1489 305 1605 342 dante,
1633 305 1780 336 dicemus
1804 307 1918 336 cadem
1943 307 1973 336 in
1998 308 2085 337 (1111111

75 352 248 393 liscunquc
282 351 420 381 frenatio
445 356 653 380 externorum
677 355 849 390 gestuum,
884 349 1050 379 docebant

74 396 238 427 homiuem
262 393 465 425 naturalibus
489 394 614 424 viribus
638 402 739 432 posse
764 389 962 422 satisfacere
986 391 1050 432 legi

75 439 147 470 Dei.
194 438 370 469 Praeterea
404 437 587 473 addebant,
620 434 706 465 hanc
740 433 945 475 disciplinam
974 445 1050 465 esse

77 492 142 513 rem
166 479 252 511 illam
277 491 340 521 qua
359 485 544 510 mercantur
563 478 711 509 homines
729 478 956 508 iemissionem
975 488 1051 518 pec-

75 531 241 559 catorum,
277 530 308 553 et.
342 524 439 553 vitam
474 529 662 558 aeternam,
685 527 715 552 et
748 531 834 562 quae
864 521 907 551 sit
929 521 1051 551 iustitia

75 577 186 598 coram
221 566 306 597 Deo.
355 566 500 597 Prorsus
535 572 570 596 ut
603 563 753 595 fecerunt
786 562 941 594 Monaehi
976 569 1051 594 ante

75 612 158 641 haec
181 616 345 650 tempora,
364 610 451 650 qnod
486 607 638 639 videlicet
671 606 736 648 legi
765 605 973 637 satisfaciant
996 617 1049 637 ex-

75 659 168 684 terna
196 663 315 693 opera,
358 658 388 682 et
424 653 511 693 quod
546 651 644 682 homo
679 650 786 691 possit
821 650 891 681 suis
928 650 1051 681 viribus

75 703 246 737 praestare
269 693 391 736 legem,
425 701 457 725 et
479 695 566 736 quod
590 693 673 724 haec
697 694 888 723 observatio
911 692 996 734 legis
1019 694 1051 723 in

76 746 214 770 externa
248 737 416 778 disciplina
446 737 546 769 faciat
574 746 634 767 nos
665 737 790 773 1115105,
826 742 858 767 81
888 734 1050 767 haeredes

78 783 160 812 vitae
184 787 349 812 aeternae.

162 825 234 855 Fuit
256 834 372 855 revera
395 824 508 854 eadem
531 822 720 864 imaginatio
740 821 995 853 Pharisaeorum
1019 828 1051 853 et

76 867 315 898 Monachorum
350 867 391 897 de
413 865 488 908 lege
511 871 542 897 et
560 865 701 903 iustitia,
735 866 810 896 item
835 866 875 896 dc
899 872 1048 906 peccato.

78 911 222 952 Utrique,
245 915 277 940 et
299 908 468 940 Pharisaei
491 915 522 939 et
546 907 719 946 Monaclii,
753 909 904 940 dixerunt
928 909 1051 949 cupidi-

77 959 159 984 tates
181 962 247 983 non
271 961 347 983 esse
368 958 525 992 peccata,
558 952 634 992 quia
657 952 723 983 sint
743 950 924 983 naturales.
971 952 1048 983 Ideo

75 994 223 1026 Christus
249 995 279 1025 in
315 995 378 1025 hac
413 995 573 1026 concione
596 1000 736 1026 revocat
757 995 908 1026 homines
932 995 974 1026 ad
997 1005 1049 1026 ve-

73 1048 142 1069 rum
167 1037 249 1079 legis
278 1036 498 1076 intellectum,
531 1043 564 1068 et
591 1037 681 1069 clare
703 1037 847 1080 explicat.
871 1048 929 1076 ea,
965 1048 1050 1079 quae

72 1079 125 1111 lex
148 1081 292 1121 requirit.
339 1081 506 1122 Ostendit,
542 1082 629 1121 quod
653 1080 708 1112 lex
731 1092 797 1112 non
821 1080 900 1112 velit
924 1087 1048 1112 tantum

71 1132 200 1161 manuS,
222 1125 281 1154 sed
306 1124 401 1154 etiam
426 1135 485 1155 cor
508 1124 666 1155 cohiberi.

158 1166 240 1197 Sunt
263 1173 371 1197 autem
395 1166 503 1204 multi,
528 1168 600 1208 qui,
624 1177 697 1198 cum
720 1177 761 1197 ex
785 1165 968 1208 Evangelio
992 1177 1048 1198 au-

71 1209 163 1241 diunt
191 1208 313 1251 aliquid
347 1210 410 1241 dici
435 1210 475 1241 de
498 1209 693 1241 liberatione
716 1220 736 1240 a
760 1209 854 1252 lege,
889 1216 921 1241 et
944 1211 1049 1241 taxari

72 1252 244 1293 opiniones
267 1252 494 1290 pharisaicas,
527 1263 605 1283 mox
639 1253 829 1293 concipiunt
861 1254 1048 1284 contrarias

70 1295 341 1335 imaginationes,
365 1301 477 1336 putant
503 1306 641 1337 prorsus
664 1295 735 1326 tolli
758 1294 866 1337 legem
890 1302 921 1327 et
945 1295 1049 1327 laxari

72 1337 203 1369 vincula
226 1337 431 1379 disciplinae,
454 1340 540 1370 sicut.
562 1338 597 1369 fit
619 1339 705 1380 apud
723 1346 857 1370 nostros
882 1339 1049 1379 homines3

69 1387 244 1422 postquam
268 1382 370 1413 taxati
388 1388 464 1412 sunt
487 1392 620 1412 errores
644 1381 898 1420 monachorum,
928 1382 1049 1424 vulgus

68 1423 217 1466 indulget
251 1425 329 1462 sibi,
364 1430 396 1455 et
424 1424 561 1466 negligit.
585 1423 803 1466 disciplinam.
852 1424 926 1457 Hoc
951 1427 1048 1457 etiam

70 1466 190 1498 refutat
209 1466 361 1498 Christus
385 1469 416 1498 in
440 1467 503 1499 hac
527 1469 701 1506 concione,
723 1469 917 1509 praesertim
936 1469 968 1500 in
990 1467 1048 1500 illo

70 1510 174 1541 dicto:
195 1519 258 1541 non
279 1512 353 1541 vemet·
372 1512 496 1542 soluere
517 1512 625 1552 quem.
662 1511 814 1543 Sciamus
838 1512 938 1554 igitur
961 1512 1049 1543 hanc

71 1554 262 1585 concionem
285 1554 448 1594 pertinere
470 1555 511 1585 ad
535 1555 717 1586 doctrinam
740 1553 836 1596 legis.
882 1555 960 1587 ldeo
978 1553 1047 1587 vul-

71 1597 161 1637 garia
186 1595 239 1627 illa
263 1598 443 1638 repetenda
461 1604 549 1636 sunt,
573 1608 658 1639 quae
680 1598 821 1629 subinde
840 1598 1047 1631 inculcamus

71 1639 112 1670 de
134 1638 218 1679 lege.

157 1683 306 1723 Hippias,
328 1689 363 1713 ut
379 1690 430 1714 est
447 1684 534 1724 apud
556 1682 818 1725 Xenophontem,
841 1685 931 1717 venit
946 1684 1047 1716 Athe-

71 1733 131 1754 nas
166 1725 207 1755 ad
241 1726 438 1756 audiendum
476 1728 654 1758 Socratem.
709 1727 928 1770 Interrogavit
961 1738 1048 1765 eum,

71 1767 148 1808 quid
178 1767 334 1798 doceret?
366 1767 550 1808 Respondit
579 1771 751 1808 Socrates,
789 1770 827 1802 τά
851 1770 887 1801 αὖ
915 1770 951 1801 τά
978 1773 1049 1813 περὶ

70 1810 129 1840 τῶν
147 1809 257 1841 αὐτῶνι
282 1811 398 1840 Eadem
420 1811 459 1839 dc
481 1811 606 1842 iisdem:
633 1811 679 1841 Tu
698 1816 806 1847 autem,
829 1815 903 1853 quia
921 1814 1050 1843 excellis

54 1854 210 1891 *inyem'o‚
247 1854 398 1890 fortassis
431 1864 548 1893 semper
580 1856 652 1883 novi
685 1855 807 1894 aliquid
841 1857 933 1885 dicis.
987 1856 1048 1887 Est

68 1894 207 1936 pulchra
230 1901 263 1926 et
284 1895 385 1937 longa
408 1895 465 1928 illa
487 1897 644 1935 narratio,
668 1908 752 1938 quae
766 1904 846 1930 nota
859 1900 959 1929 debet
971 1909 1049 1930 esse

69 1938 282 1969 discentibus.
333 1938 426 1970 Multi
466 1946 542 1970 sunt
575 1939 660 1971 tales
694 1940 851 1982 Hippiae,
892 1942 948 1983 qui
981 1952 1048 1973 non

69 1979 184 2013 volunt
212 1982 327 2013 eadem
349 1983 465 2013 eodem
489 1983 588 2013 modo
611 1984 733 2014 dicere.
778 1984 814 2015 111
838 1984 1047 2026 reprehendit

69 2034 110 2055 ea
130 2024 287 2062 narratio,
311 2035 396 2066 quae
419 2031 525 2056 scatet
549 2027 673 2063 ironiis,
695 2027 782 2058 sicut
799 2028 959 2059 Socrates
978 2027 1048 2059 fere
1074 2063 1075 2069 ἵ

69 2066 130 2097 fuit
153 2067 311 2099 1101118115.
356 2067 567 2110 Thucydides
590 2070 708 2111 inquit:
733 2070 858 2101 Natura
882 2071 1047 2102 hominum

69 2115 122 2141 est
145 2108 289 2151 ἁψίκορος
322 2114 372 2141 καὶ
404 2112 587 2152 φιλόκαινος,
616 2112 751 2153 fastidit
784 2115 984 2154 praesentia,
1020 2118 1077 2148 eti

69 2154 193 2193 appetit
215 2162 308 2184 nova.
353 2153 395 2185 Et
416 2154 500 2186 haec
522 2161 575 2186 est
597 2157 702 2196 pestis
728 2167 767 2188 ac
798 2158 961 2198 pernicies
985 2157 1067 2189 Ec·-

70 2195 204 2234 clesiae,
232 2197 321 2237 quod
354 2196 475 2239 vulgus
509 2199 605 2229 etiam
628 2200 660 2230 in
684 2200 849 2234 doctrina,
884 2211 971 2242 quae
996 2206 1049 2232 est

68 2237 241 2270 Ecclesiae
263 2241 413 2279 propria,
436 2247 523 2272 amat
546 2242 741 2280 novitatem,
776 2244 862 2274 sicut
887 2249 977 2274 recte
1000 2244 1047 2275 in-

70 2281 200 2313 dicabat
221 2280 264 2312 D.
289 2281 509 2324 Hieronymus
532 2284 725 2324 Schurfius,
759 2286 826 2327 qui,
849 2292 883 2317 ut
905 2292 974 2317 erat
998 2287 1047 2318 vir

70 2324 223 2365 sapienS,
252 2325 362 2356 dicere
385 2325 532 2365 solebat,
564 2328 752 2360 existimare
771 2338 808 2360 se
830 2328 919 2360 illam
942 2328 1046 2361 fuisse

71 2376 236 2404 caussam,
259 2373 314 2398 aut
337 2375 428 2399 certe
451 2371 673 2407 occasionem,
695 2382 799 2413 quare
817 2373 967 2403 doctrina
983 2373 1046 2403 Ec-

70 2406 202 2449 clesiae,
224 2410 361 2449 primum
384 2418 539 2453 corrupta
561 2414 618 2452 sit5
643 2415 719 2456 quia
743 2416 903 2447 docentes
921 2415 1045 2447 habue-

70 2451 134 2482 rint
148 2452 289 2483 studium
305 2456 392 2485 nova
405 2455 556 2494 docendi,
579 2462 611 2488 et
627 2456 770 2499 populus
789 2457 938 2490 similiter
955 2458 1045 2490 fasti-

70 2495 164 2525 diens
187 2501 359 2534 consueta,
382 2496 522 2529 voluerit
544 2500 658 2531 audire
679 2500 803 2543 aliquid
825 2502 910 2533 novi.

155 2536 229 2568 Hoc
257 2539 399 2571 studium
434 2541 586 2573 novitatis
605 2553 737 2584 semper
765 2545 888 2576 invexit
911 2554 1044 2579 errores

68 2580 101 2631 111
123 2578 327 2631 Ecclesiam3
358 2583 449 2621 ideo,
483 2590 518 2616 ut
539 2585 699 2628 exemplo,
714 2593 830 2619 nostro
853 2598 1044 2620 moneamus

67 2632 101 2654 111
122 2623 358 2666 principalibus
380 2627 526 2658 materiis
548 2629 686 2660 eandem
709 2629 848 2662 formam
873 2631 1044 2663 doctrinae

68 2670 100 2696 et
128 2665 356 2707 explicationis
390 2670 593 2703 retinendam
627 2682 721 2712 esse,
756 2673 894 2706 dicimus
928 2675 1043 2707 eadem

1101 349 1305 380 aeternitate.
1351 347 1434 379 Nam
1459 358 1544 389 quae
1568 359 1647 379 vera
1683 354 1777 385 sunt,
1811 355 1973 390 perpetuo
2008 357 2085 380 sunt

1103 393 1228 423 eadem.

1190 435 1298 476 Atque
1322 434 1444 465 utinam
1474 444 1649 475 possemus
1673 434 1809 471 eadem,
1845 445 1929 476 quae
1954 446 2031 466 vera
2053 442 2084 466 et

1102 476 1192 509 utilia
1226 484 1321 515 sunt,
1357 487 1422 508 non
1446 483 1571 508 tantum
1594 478 1710 508 iisdem
1734 478 1865 514 verbis,
1900 479 1960 509 sed
1985 479 2083 510 etiam

1102 521 1218 551 iisdem
1247 519 1386 562 syllabis
1414 526 1447 551 et
1469 519 1573 551 literis
1597 520 1725 551 efferre.
1773 520 1883 552 Credo
1916 520 2083 553 Christum

1103 574 1181 595 suas
1204 574 1335 605 quoque
1354 565 1533 595 conciones
1554 563 1682 606 legales
1700 571 1732 594 81
1745 563 1967 606 Evangelicas
1982 575 2084 606 saepe

1102 607 1219 638 iisdem
1242 607 1352 638 verbis
1376 607 1562 648 repetiisse,
1587 608 1672 638 sicut
1685 613 1822 648 apparet
1845 618 1885 638 ex
1907 606 2084 640 collatione

1103 649 1400 691 Evangelistarum.
1431 650 1515 681 Nam
1539 650 1628 691 quod
1647 649 1836 682 Matthaeus
1860 651 1975 682 scribit
1993 650 2080 683 hanc

1104 694 1295 725 concionem
1314 692 1458 724 habitam
1488 704 1565 724 esse
1588 694 1620 724 in
1644 699 1771 731 monte,
1808 703 1880 724 eam
1899 693 2010 725 Lucas
2034 704 2083 725 re-

1102 737 1181 777 petit
1205 746 1325 778 magna
1347 746 1387 767 ex
1411 742 1522 777 parte,
1545 736 1678 768 Christo
1698 737 1918 768 concionante
1941 737 1973 768 in
1997 747 2083 768 cam-

1102 781 1206 820 pestri
1239 778 1336 816 loco,
1369 790 1429 811 seu
1456 779 1600 821 planitie.
1645 780 1770 811 Eadem
1802 780 1900 821 igitur
1935 780 2082 812 dicamus

1103 829 1135 854 et
1158 834 1220 854 nos
1242 824 1274 854 in
1304 822 1476 861 Ecclesia,
1512 833 1597 864 quae
1633 828 1709 854 sunt
1745 823 1862 854 tradita
1896 833 1980 854 voce
2010 822 2082 855 Dei.

1103 866 1178 897 Non
1212 876 1391 907 possumus
1421 867 1506 897 enim
1540 865 1711 897 meliorum
1745 866 1869 898 habere
1892 866 2084 905 Ductorem,

1102 920 1200 951 quam
1236 908 1350 940 rilium
1384 908 1446 941 Dei
1477 910 1601 941 aeterni
1631 910 1756 947 Patris,
1793 909 1846 951 qui
1866 915 1917 940 est
1940 909 2082 951 optimus

1102 958 1223 983 orator.

1296 1102 1411 1151 Quae
1443 1108 1505 1142 est
1536 1102 1717 1142 definitio
1748 1102 1872 1155 legis?

1187 1201 1272 1238 Lex,
1309 1212 1393 1242 quae
1416 1202 1603 1232 nominatur
1631 1200 1784 1239 moralis,
1821 1207 1871 1232 est
1894 1207 2029 1233 aeterna
2052 1209 2084 1233 et

1100 1245 1232 1276 immota
1255 1246 1417 1285 sapientia
1440 1250 1474 1276 et
1491 1243 1609 1286 regula
1631 1244 1776 1275 iustitiae
1798 1245 1829 1275 in
1849 1244 1934 1283 Deo,
1959 1245 2084 1277 discer-

1101 1297 1184 1318 nens
1205 1294 1297 1319 recta
1309 1294 1340 1319 et
1353 1298 1419 1319 non
1443 1293 1544 1326 recta,
1569 1294 1600 1318 et
1618 1287 1820 1319 horribiliter
1839 1289 1989 1319 irascens
2008 1299 2083 1319 con-

1101 1331 1298 1369 tumacibus,
1333 1341 1394 1362 seu
1418 1331 1615 1362 denuntians
1638 1330 1837 1361 horrendam
1861 1331 1942 1362 iram
1966 1332 2083 1363 adver-

1101 1384 1161 1405 sus
1185 1375 1437 1412 contumaciam,
1459 1380 1698 1415 repugnantem
1721 1373 1798 1405 huic
1822 1375 1928 1405 ordini
1952 1375 1982 1405 in
1996 1374 2082 1412 Deo,

1101 1423 1133 1448 et
1156 1415 1321 1458 patefacta
1344 1423 1396 1448 est
1418 1416 1604 1448 hominibus
1628 1418 1661 1448 in
1685 1418 1870 1455 creatione,
1905 1423 1937 1448 et
1964 1424 2082 1459 postea

1101 1470 1203 1502 saepe
1224 1461 1363 1501 repetita
1386 1466 1418 1491 et
1440 1460 1610 1492 declarata
1633 1471 1717 1493 voce
1733 1461 1854 1499 divina,
1876 1467 1911 1492 ut
1925 1462 2082 1500 sciamus,

1100 1505 1189 1545 quod
1213 1504 1255 1535 sit
1278 1503 1384 1542 Deus,
1408 1510 1440 1535 et
1462 1502 1568 1546 qualis
1592 1504 1645 1542 sit,
1669 1503 1824 1545 obligans
1852 1514 1966 1535 omnes
1991 1515 2082 1536 crea-

1099 1553 1192 1578 turas
1216 1546 1414 1584 rationales,
1437 1552 1469 1578 et
1491 1547 1685 1589 postulans,
1720 1553 1756 1578 ut
1777 1557 1892 1578 omnes
1917 1548 1982 1578 sint
2005 1557 2083 1579 con-

1098 1589 1222 1622 formes
1245 1589 1340 1629 Deo,
1362 1590 1425 1621 nisi
1448 1590 1504 1622 fiat
1527 1590 1679 1622 remissio
1703 1596 1734 1622 et
1758 1589 1984 1622 reconciliatio
2006 1601 2082 1632 pro-

1098 1640 1172 1675 pter
1194 1632 1310 1665 Filium
1331 1633 1559 1666 Mediatorem.

1327 1841 1435 1891 Quid
1468 1849 1528 1882 est
1560 1841 1855 1896 Evangelium‘?

1184 1940 1246 1972 Est
1269 1942 1387 1973 concio
1409 1941 1632 1983 poenitentiae
1655 1947 1688 1973 et
1715 1942 1947 1983 promissionis
1965 1943 2006 1974 de
2028 1953 2078 1975 re-

1100 1984 1330 2016 conciliatione
1358 1985 1517 2026 gratuita‚
1550 1995 1647 2026 quam
1683 1995 1750 2016 non
1772 1986 1864 2016 novit
1886 1986 1970 2017 ratio
1993 1992 2082 2017 natu·

1098 2026 1227 2065 raliter,
1262 2028 1322 2059 sed
1356 2038 1441 2069 quae
1471 2026 1618 2059 revelata
1646 2029 1894 2067 851111ν11111115,
1928 2028 2082 2061 videlicet

1099 2072 1187 2112 quod
1216 2072 1391 2113 agentibus
1420 2071 1651 2112 poenitentiam
1676 2077 1709 2102 et
1733 2072 1946 2103 credentibus
1977 2073 2081 2104 remit-

1098 2119 1210 2145 tantur
1242 2115 1339 2145 nobis
1374 2120 1532 2155 peccata,
1566 2115 1727 2146 donemur
1759 2115 1883 2146 iustitia
1911 2115 2082 2157 imputata,

1099 2156 1277 2188 liberemur
1298 2169 1316 2188 a
1342 2164 1446 2189 morte
1468 2163 1616 2196 aeterna,
1641 2164 1672 2189 et
1690 2158 1808 2189 fiamus
1826 2159 1973 2190 membra
1987 2157 2081 2190 Chri-

1098 2201 1152 2238 sti,
1175 2206 1208 2232 et
1230 2199 1352 2242 templa
1375 2201 1518 2242 Spiritus
1542 2200 1651 2232 sancti
1674 2207 1707 2232 et
1726 2201 1888 2232 haeredes
1914 2201 2003 2232 vitae
2026 2212 2080 2233 ae-

1098 2249 1224 2282 ternae,
1246 2254 1314 2275 non
1336 2250 1473 2286 propter
1496 2243 1565 2275 ulla
1587 2249 1703 2275 nostra
1724 2245 1844 2276 merita
1864 2250 1921 2276 aut
1941 2245 2080 2287 dignita-

1098 2291 1163 2318 tem
1180 2293 1341 2325 nostram,
1366 2287 1426 2318 sed
1448 2297 1509 2328 per
1530 2298 1573 2318 ac
1595 2292 1731 2329 propter
1750 2286 1868 2318 Filium
1890 2286 1965 2318 Dei.

1182 2330 1253 2361 Hae
1275 2330 1482 2362 definitiones
1505 2331 1626 2362 debent
1644 2329 1840 2371 praelucere
1863 2330 1895 2361 in
1924 2331 2080 2362 universa

1096 2373 1247 2404 doctrina
1279 2372 1469 2412 Ecclesiae,
1504 2380 1537 2405 et
1570 2374 1701 2415 quidem
1731 2372 1867 2405 collatio
1902 2379 2078 2415 utrumque

1096 2426 1202 2458 genus
1225 2417 1396 2448 doctrinae
1418 2417 1526 2449 reddit
1543 2415 1718 2449 illustrius.
1765 2417 1820 2447 Sic
1848 2422 2078 2459 argumentor:

1182 2502 1331 2535 Christus
1353 2514 1417 2535 non
1439 2507 1488 2535 est
1509 2504 1695 2545 legislator.-

1180 2545 1269 2587 Eryo
1289 2556 1354 2578 non
1375 2547 1468 2578 debet
1487 2547 1686 2587 praedicare
1707 2546 1815 2587 legem.

1178 2631 1391 2674 Respondeo.
1423 2631 1525 2664 Aliud
1548 2638 1599 2664 851
1622 2630 1711 2663 ferre
1733 2629 1860 2673 legem,
1885 2630 1975 2662 aliud
1998 2640 2077 2663 con·

1093 2675 1220 2707 cionari
1243 2676 1285 2707 de
1307 2675 1395 2719 lege.
1442 2675 1598 2708 Christus
1620 2676 1652 2706 in
1677 2684 1778 2707 carne
1801 2680 1986 2716 assumpta,
2010 2684 2076 2706 non
