2343 2970
193 168 257 200 615

193 261 320 305 pullum
345 264 386 295 ab
411 261 476 294 alio
500 262 599 302 laedi,
614 273 696 293 werin
720 273 753 293 er
776 264 882 295 sielzet,
906 264 985 296 dass
1008 265 1065 294 der
1083 267 1176 305 iuuye

192 306 272 337 Esel
290 307 478 346 yet-eldayen
504 307 598 341 wz'rcl,
631 306 749 338 trasilit
776 317 836 348 per
859 308 986 349 ignem,
1021 314 1054 340 ut
1079 319 1176 350 opem

192 347 279 381 ferat
302 349 405 392 pullo,
430 351 489 379 dus
513 350 578 380 tlmt
602 350 658 379 der
676 350 764 388 faule
789 351 894 390 lolpel.

193 393 313 424 videtis
337 399 460 425 matres
484 403 633 435 pugnare
655 404 715 434 pro
746 394 834 425 natis
862 395 1047 426 secundum
1079 402 1174 427 natu·

192 446 275 474 ram,
299 437 431 478 quando
456 444 608 467 creatura
630 447 698 467 non
721 442 772 468 est
793 444 995 479 monstrosa,
1018 438 1105 469 sicut
1117 439 1172 470 ha-

192 480 278 511 betis
302 478 436 520 pulcras
460 478 618 510 historias
642 486 672 511 et
696 479 857 521 exempla.
893 479 1051 512 Salomon
1074 482 1173 513 sumit

192 523 271 555 hinc
302 523 543 562 coniecturam,
571 523 679 554 utrius
707 522 853 555 mulieris
883 525 927 555 sit
961 524 1067 561 filins3
1097 526 1174 566 quia

192 565 299 598 altera
322 563 446 597 mavult
464 566 613 597 amittere
637 577 792 608 puerum,
826 577 924 608 quam
957 569 1173 606 committere,

193 615 226 641 ut
253 609 435 640 scindatur.
460 608 544 640 Sunt
567 608 669 640 multa
693 609 856 651 exempla,
880 611 969 651 quod
993 618 1115 642 matres
1136 621 1173 642 se

193 652 387 683 obiecerunt
422 653 530 690 morti,
565 663 626 692 pro
660 652 785 684 liberis.
830 653 902 683 Das
936 653 1016 683 lceist
1049 664 1174 691 amara,

194 695 271 725 oder
295 693 403 731 sortis,
427 701 462 726 ut
485 705 575 727 mors
599 695 742 728 dilectio.

280 737 315 768 ln
334 737 509 779 Det-alogo
532 749 600 769 non
623 746 731 780 potest
767 739 922 778 iudicari,
958 746 1083 780 quanta
1118 751 1172 772 res

193 781 236 812 sit
261 780 410 820 dilectio,
443 781 506 812 nisi
530 783 733 823 experientia
758 783 916 815 discatur.
962 784 1033 814 Nos
1057 790 1174 816 utcun-

193 835 256 866 que
280 825 438 856 sentimus
462 825 623 864 timorem,
646 836 815 866 pavorem,
840 832 872 857 et
894 827 926 858 in
950 837 1075 868 pavore
1096 837 1174 858 con-

193 866 411 906 solationem,
441 878 506 909 qua
530 879 602 900 cum
628 868 727 900 homo
751 869 907 909 erigitur,
939 871 1039 900 sentit
1061 871 1093 901 in
1118 869 1174 902 illa

193 909 427 942 consolatione
457 913 554 942 etiam
583 922 739 943 amorem.
791 912 859 944 Sed
891 923 932 944 ex
961 923 1065 954 parva
1088 915 1173 945 scin·

192 953 263 986 tilla
293 964 359 984 non
388 955 431 985 ita
454 955 595 985 sentitur
628 956 814 987 incendium
847 957 970 987 amoris
1007 957 1038 987 in
1073 958 1174 988 corde

190 1007 271 1039 erga
294 996 419 1033 Deum3
440 998 528 1029 sicut
552 997 671 1040 aliquis
691 1000 791 1030 sentit
815 1005 943 1030 aestum
957 1000 1080 1031 amoris
1094 1010 1174 1041 erga

188 1039 345 1082 puellam.
391 1040 546 1072 Debebat
579 1043 710 1083 quidem
741 1043 856 1073 sentiri
879 1041 945 1074 tale
975 1044 1174 1081 incendium,

190 1084 250 1115 sed
281 1089 399 1115 natura
434 1094 499 1115 non
533 1091 585 1116 est
618 1084 706 1116 talis.
754 1085 909 1117 Debebat
943 1093 1062 1117 natura
1097 1096 1174 1118 esse

191 1137 356 1158 conversa
385 1128 427 1158 ad
457 1126 576 1165 Deum,
611 1133 643 1159 et
664 1139 798 1160 manere
822 1128 855 1160 in
889 1130 1107 1168 rectitudine,
1140 1130 1173 1160 in

190 1181 255 1211 qua
290 1168 351 1200 suit
376 1171 524 1209 condita,
553 1171 613 1202 sed
642 1181 859 1213 posteaquam
882 1179 1001 1203 natura
1032 1182 1097 1203 non
1122 1178 1175 1204 est

188 1212 277 1252 talis,
300 1212 354 1244 lex
377 1214 486 1255 arguit
520 1220 551 1245 et
574 1221 712 1247 accusat
735 1225 796 1246 nos
804 1238 815 1253 ‚
838 1221 870 1247 et
901 1221 1058 1257 operatur
1082 1216 1174 1253 iram,

190 1263 221 1287 et
247 1257 380 1288 damnat
403 1268 476 1288 nos.

189 1397 262 1438 De
303 1397 639 1438 similitudine
680 1399 933 1439 secundae
965 1399 1173 1440 tabulae

385 1466 644 1521 Decalogi,
677 1481 781 1508 cum
814 1468 984 1522 prima.

279 1558 403 1589 Postea
437 1558 542 1599 Inquit
572 1557 742 1589 Christus:
776 1559 951 1588 Secundum
985 1558 1172 1593 mandatum,

192 1601 313 1641 (lile'yas
333 1603 521 1640 prvafmmn,
545 1604 590 1631 est
613 1602 714 1631 simile
730 1604 846 1641 primo.
882 1603 934 1632 Du
954 1604 996 1632 ist
1010 1602 1172 1631 zeulennab

191 1647 239 1674 ein
262 1655 373 1684 yrosse
402 1645 564 1685 sapientia
588 1645 621 1676 in
648 1644 713 1676 hoc
744 1644 869 1676 ordine.
915 1645 1059 1677 Primum
1084 1656 1173 1676 man-

191 1689 301 1720 datum
325 1693 356 1719 et
379 1688 555 1719 maximum
575 1695 626 1719 est
639 1689 679 1719 de
693 1687 869 1720 dilectione
881 1688 959 1719 Dei:
984 1689 1060 1729 quia
1072 1687 1172 1719 homo

191 1738 259 1763 tum
283 1737 333 1762 est.
357 1738 480 1768 rectuS,
515 1731 648 1772 quando
683 1737 735 1762 est
769 1730 950 1763 conformis
984 1731 1077 1770 Deo,
1113 1741 1173 1762 seu

192 1775 324 1815 quando
349 1780 399 1806 est
424 1772 599 1814 copulatus
623 1774 665 1805 ad
688 1773 807 1813 Deum,
831 1782 998 1816 tamquam
1019 1775 1061 1805 ad
1082 1775 1172 1806 Prin-

193 1818 321 1858 cipium.
367 1816 515 1848 Effectus
538 1818 636 1849 debet
660 1827 738 1849 esse
766 1824 971 1861 aggregatus
1006 1818 1048 1849 ad
1077 1827 1171 1849 suam

194 1870 363 1893 caussam:
387 1859 526 1901 Effigies
551 1860 648 1892 debet
671 1871 748 1892 esse
773 1867 957 1903 aggregata
980 1862 1021 1892 ad
1045 1860 1171 1892 Arche-

193 1910 318 1944 typum,
344 1903 470 1934 finitum
494 1904 535 1934 ad
564 1904 740 1944 infinitum,
770 1906 842 1936 sire
866 1906 907 1935 ad
931 1913 1092 1935 summum
1118 1905 1172 1934 bo-

193 1958 281 1978 num.
327 1945 404 1977 ldeo
428 1945 494 1976 hoc
529 1954 580 1978 est
613 1948 752 1988 primum
782 1948 982 1979 mandatum.
1030 1947 1170 1982 Quando

194 1996 303 2021 autem
334 2000 448 2020 sumus
479 1991 653 2032 aggregati
676 1992 718 2021 ad
741 1989 864 2022 Deum:
900 1991 1061 2021 debemus
1096 2000 1173 2021 esse

194 2033 368 2075 aggregati
392 2033 434 2063 ad
458 2032 653 2063 simillimam
678 2040 846 2072 naturam,
878 2033 1031 2065 videlicet
1057 2034 1098 2064 ad
1122 2044 1172 2063 ra-

196 2075 349 2106 tionalem
372 2082 534 2110 naturam,
558 2077 601 2107 ad
623 2075 773 2107 homines
797 2085 826 2108 et
847 2076 999 2118 angelos.
1047 2078 1172 2108 Omnes

194 2126 303 2150 :tutem
326 2119 485 2149 debemus
509 2130 608 2150 unum
633 2130 710 2150 esse
735 2131 808 2151 cum
832 2120 923 2151 Deo:
943 2121 1082 2151 sednon
1096 2129 1173 2161 pos-

194 2172 308 2193 >umus
328 2172 405 2192 esse
430 2173 539 2199 unum,
562 2163 624 2193 nisi
643 2163 840 2194 reducamur
862 2164 904 2194 ad
928 2165 1065 2203 primum
1084 2173 1174 2194 man-

195 2207 315 2236 «latum.
369 2204 559 2236 Secundum
596 2206 801 2236 mandatum:
836 2206 966 2245 Diliyas
996 2208 1174 2245 prassinum

196 2257 276 2277 zum
301 2249 382 2278 sivae
407 2252 435 2277 le
454 2250 572 2287 ipsum.-
595 2249 703 2279 sancit
726 2249 956 2290 aequilitatem,
1001 2250 1093 2283 Quor!
1117 2249 1175 2278 tibi

224 2302 252 2319 m
279 2293 324 2320 cis
347 2293 431 2330 sit-ri,
467 2291 559 2320 alteri
587 2301 623 2320 ne
653 2292 778 2329 fec-eris.
825 2291 884 2323 llla
913 2293 1099 2334 aequalitas
1124 2299 1175 2322 est

195 2333 365 2365 derlarata
390 2335 421 2365 in
444 2333 549 2375 Lege,
574 2344 633 2374 per
647 2341 841 2375 praet-epta:
864 2336 937 2365 Non
951 2336 1089 2370 occ-isles,
1102 2335 1175 2365 Non

195 2377 411 2411 moeclmbrris,
434 2377 505 2407 Non
526 2378 644 2414 furtum
658 2378 771 2415 socies,
796 2385 858 2409 etc.

281 2420 346 2451 lam
371 2421 419 2451 sic
445 2421 581 2452 obiicio:

326 2481 476 2511 (Vn-istus
497 2484 705 2521 praeceptum
728 2480 768 2510 de
797 2481 966 2513 dilectione
993 2482 1056 2512 Dct‘
1077 2483 1175 2513 nomi-

372 2528 425 2554 Jm!
444 2527 583 2563 primum
607 2528 634 2554 el
659 2525 847 2554 vomituum.-

326 2566 412 2603 Errso
437 2568 571 2598 alterum
596 2568 635 2597 τίν
658 2568 825 2597 dilectione
845 2567 1008 2606 prosimi,
1038 2577 1101 2598 που
1130 2571 1177 2598 est

373 2611 492 2646 simne,-
515 2611 592 2651 quia
614 2620 677 2641 non
700 2615 772 2641 sun!
797 2610 861 2641 «luo
885 2611 1039 2641 maxima.

827 169 938 201 PHIL.
962 169 1068 202 MEL.
1098 169 1286 203 SCRIPTA
1309 170 1575 204 EXEGETICA.

941 350 1048 383 Multo
1067 353 1174 394 magis
1199 344 1204 360 ’

2140 176 2206 208 616

1314 265 1524 308 Respondeo.
1550 266 1687 299 Etiamsi
1711 274 1786 299 sunt
1810 269 1946 310 gradus⁹
1966 275 2074 302 tamen
2097 277 2206 303 manet

1227 307 1407 341 similitudo
1430 311 1598 342 secundae
1622 310 1755 342 tabulae
1780 322 1852 343 cum
1876 314 1989 354 prima.

1314 352 1352 383 In
1373 354 1487 394 quibus
1508 354 1625 385 rebus?
1669 354 1730 385 Est
1760 364 1870 387 sermo
1905 357 2014 397 magni
2038 357 2205 388 momenti.

1226 393 1371 427 Primum
1395 402 1505 428 manet
1533 396 1710 428 similitudo
1735 399 1767 428 in
1790 408 1847 437 eo,
1875 400 1962 440 quod
1986 400 2135 431 secunda
2158 405 2205 431 ta-

1226 438 1306 471 bula
1329 446 1379 471 est
1399 450 1484 481 pars
1505 441 1700 481 sapit-miae,
1723 447 1756 472 et
1778 442 1921 473 iustitiae
1945 443 1975 474 in
1995 441 2068 473 Deo
2093 443 2206 474 immo-

1226 489 1279 514 tae
1302 487 1335 514 et
1358 490 1526 515 aeternae.
1560 484 1651 515 Sicut
1676 483 1760 515 haec
1783 491 1833 516 est
1857 486 2018 526 sapientia
2042 485 2120 517 Dei:
2143 485 2205 517 Di-

1227 526 1311 567 Hyas
1334 528 1432 557 Deum
1456 531 1541 558 tuum
1563 538 1603 558 ex
1626 531 1693 558 toto
1716 528 1830 559 corde.-
1853 529 1902 559 sic
1921 528 1978 559 illa
2001 535 2053 560 est
2074 529 2206 570 sapien-

1226 570 1271 600 tia
1293 568 1369 607 Dei,
1392 570 1469 601 Non
1491 571 1724 611 mom-Imberis,
1754 582 1821 601 non
1852 571 1894 601 sit
1925 571 2077 603 confusio
2101 571 2205 604 libidi-

1227 621 1316 650 num,
1340 623 1407 644 non
1431 615 1496 644 sint
1519 614 1731 654 promiscuae
1755 614 1888 652 caedes,
1909 624 1972 645 etc.

1314 655 1468 687 Secunda
1492 656 1682 695 similitudo,
1712 663 1763 688 est
1786 658 1818 688 in
1838 658 2066 698 pcrprtm'tote.
2111 657 2206 690 Utra-

1228 708 1293 739 que
1313 700 1495 739 sapientiae
1514 699 1578 731 Dei
1597 706 1646 731 est
1661 699 1882 731 immutabilis.
1926 699 2021 732 Deus
2041 711 2205 742 nunquam

1227 740 1298 773 vult
1321 752 1426 783 vagas
1450 741 1621 774 libidines:
1645 743 1729 774 'l’ota
1752 743 1822 774 Lex
1847 751 1897 775 est
1920 751 2056 775 aeterna
2078 754 2206 783 norma,

1227 794 1294 817 non
1317 784 1429 817 tabula
1451 787 1599 826 pendens
1624 787 1655 817 in
1680 787 1872 827 parietibus,
1892 793 1927 818 ut
1940 788 2049 828 possit
2065 786 2206 818 aboleri.

1315 827 1440 867 Tertio,
1464 836 1516 860 est
1539 828 1718 860 similitudo
1743 830 1957 870 oblzyatz'om‘s.
2002 829 2097 861 Deus
2126 830 2207 862 iudi—

1228 876 1281 901 cat
1304 877 1336 901 et
1361 873 1452 912 punit
1474 871 1636 904 violantes
1657 873 1861 905 mandatum:
1884 873 1960 904 Non
1973 874 2111 911 occides,
2130 872 2207 904 Non

1227 913 1445 946 moechaberis
1474 916 1558 946 sicut
1582 916 1674 956 punit
1697 914 1862 947 violantes
1884 917 2021 957 primam
2044 915 2207 951 tabulam3

1228 967 1424 999 quamquam
1454 968 1550 989 nemo
1575 965 1685 1000 potest
1708 957 1819 990 facere
1842 969 1944 999 opera
1969 960 2137 990 secundae
2160 964 2206 990 ta-

1229 998 1337 1031 bulae,
1358 1002 1419 1032 nisi
1444 1001 1566 1032 habeat
1590 1002 1810 1033 obedientiam
1828 1002 2016 1033 inchoatam
2037 1003 2079 1034 im
2102 1003 2208 1042 prima

1228 1042 1350 1074 tabula.
1396 1044 1488 1075 Haec
1519 1051 1628 1076 autem
1659 1045 1768 1076 omnia
1793 1045 1870 1075 dicit
1893 1045 2047 1076 Christus
2070 1044 2134 1076 κατ’
2156 1043 2206 1075 ἀν-

1227 1090 1345 1117 τίθεσιν
1374 1094 1490 1119 contra
1525 1087 1748 1124 ceremonias3
1778 1088 1853 1128 quia
1878 1094 1968 1119 taxat
1991 1087 2080 1120 illum
2114 1097 2204 1119 erro-

1227 1140 1314 1167 rem,
1340 1140 1404 1170 quo
1429 1130 1599 1162 Pharisaei
1622 1131 1781 1171 putabant
1803 1132 2011 1162 ceremonias
2035 1140 2113 1162 esse
2135 1129 2206 1172 plu-

1227 1172 1273 1203 ris
1298 1182 1395 1213 qnam
1419 1179 1554 1205 caetera
1579 1185 1681 1214 opera
1709 1172 1805 1215 legis.
1852 1174 1918 1205 Sed
1949 1184 2012 1215 ego
2037 1174 2129 1212 dico,
2158 1173 2206 1206 in-

1228 1216 1296 1256 quit
1310 1216 1476 1255 Christus,
1501 1226 1603 1257 opera
1627 1216 1712 1258 legis
1736 1227 1812 1248 esse
1824 1216 1930 1257 pluris
1943 1216 2096 1249 facienda
2109 1226 2207 1258 quam

1227 1260 1445 1291 ceremonias.
1492 1259 1633 1290 Moralia
1663 1266 1738 1291 sunt
1767 1259 1982 1291 anteferenda
2005 1260 2206 1291 ceremonia-

1227 1301 1323 1333 libus.
1371 1302 1405 1333 ld
1430 1304 1547 1344 probat
1570 1313 1630 1344 per
1653 1302 1739 1334 hanc
1763 1302 1928 1345 regulam:
1956 1303 2137 1334 Set—audura
2159 1306 2208 1334 est

1227 1346 1328 1376 simile
1348 1347 1464 1386 primo.
1500 1345 1717 1377 Ceremoniae
1745 1357 1811 1377 non
1841 1355 1917 1377 sunt
1946 1348 2017 1387 ipsa
2045 1346 2207 1387 sapientia

1226 1389 1258 1419 in
1273 1388 1363 1419 Deo:
1387 1390 1438 1420 als
1460 1389 1572 1420 oclzsmz
1585 1389 1780 1426 srhlacltten,
1800 1389 1906 1420 Κείων·
1919 1389 2057 1429 opsl'crn.
2087 1390 2117 1419 ⁵2.
2130 1389 2206 1420 Non

1227 1437 1277 1462 est
1301 1438 1497 1472 perpetuum
1521 1433 1687 1473 quiddam,
1712 1433 1755 1463 ist
1777 1433 1989 1473 e1·11‹›r‹{uunq
2003 1432 2135 1471 ‹mffez'n
2148 1432 2208 1463 :eie

1224 1474 1378 1515 yt‘vmclzt.
1425 1474 1456 1506 3.
1487 1475 1562 1506 Non
1602 1480 1652 1505 est
1691 1474 1869 1506 similitudo
1901 1474 2125 1516 obligationis.
2170 1474 2205 1505 ln

1228 1527 1309 1549 casu
1332 1518 1544 1549 necessitatis
1568 1524 1706 1558 possunt
1731 1519 1851 1554 omitti5
1881 1519 2009 1549 Indaeis
2040 1519 2072 1549 in
2095 1518 2205 1558 Baby-

1226 1559 1305 1591 lone
1328 1571 1393 1591 non
1418 1560 1509 1592 licuit
1532 1560 1735 1599 sacrificare,
1760 1562 1845 1591 sicut
1874 1562 1971 1592 etiam
1995 1571 2061 1591 non
2081 1559 2207 1591 sacrifi·

1228 1610 1345 1634 cai-unt
1369 1604 1400 1634 in
1425 1602 1480 1635 illa
1502 1603 1605 1641 locis,
1638 1604 1893 1635 circumsionem
1918 1609 2111 1641 servarunt,
2146 1602 2207 1634 sed

1228 1653 1335 1677 tamen
1349 1656 1523 1688 eaquoque
1541 1653 1672 1687 poterat
1684 1648 1799 1684 omitti,
1812 1648 1944 1688 quando
1957 1657 2023 1678 non
2036 1653 2107 1678 erat
2119 1656 2207 1678 com-

1226 1690 1370 1727 modum,
1383 1697 1417 1720 ut
1441 1691 1473 1720 in
1487 1691 1632 1721 deserto.
1680 1689 1848 1731 Obligatio
1867 1689 1969 1721 multo
1989 1690 2094 1721 maior
2105 1694 2157 1721 est
2172 1690 2206 1720 in

1225 1732 1421 1764 moralibus.
1466 1733 1543 1764 Nun
1567 1734 1608 1764 ist
1631 1733 1713 1764 noch
1736 1735 1785 1764 ein
1808 1733 1877 1765 [clar
1900 1734 2068 1764 duramen.

1355 1793 1535 1824 Samonium
1558 1797 1606 1824 est
1628 1794 1731 1824 simile,
1751 1794 1880 1834 primo:

1356 1835 1445 1877 Ειῃυ
1464 1846 1567 1876 opera
1589 1837 1749 1868 secundae
1768 1837 1897 1868 tabulae
1919 1840 1992 1867 sunt
2015 1837 2118 1867 cultus
2132 1834 2203 1866 Dei.

1312 1903 1407 1936 Deus
1437 1905 1560 1936 iudicat
1589 1916 1627 1936 se
1658 1903 1722 1936 coli
1750 1902 1823 1936 istis
1848 1905 2015 1946 operibus.
2063 1903 2204 1939 Quando

1225 1954 1329 1979 mater
1353 1948 1527 1989 diligenter
1550 1955 1645 1980 curat
1669 1947 1837 1985 infantem,
1861 1948 1922 1978 scit
1946 1947 2037 1978 illum
2055 1945 2211 1990 laborem

1226 2001 1304 2023 esse
1332 1990 1455 2022 cultum
1479 1990 1560 2029 Dei,
1589 1993 1617 2022 si
1649 1997 1699 2022 est
1727 1991 1758 2021 in
1784 1991 1857 2022 tide.
1904 1990 2043 2025 Quando
2074 1996 2108 2020 tu
2135 1988 2205 2020 dili-

1228 2040 1344 2076 genter
1368 2035 1579 2074 obtemperas
1602 2035 1667 2065 tuis
1680 2034 1883 2074 parentibus,
1908 2034 2040 2074 qttando
2054 2032 2206 2064 modeste

1227 2078 1318 2119 regis
1342 2088 1463 2113 morer-¹,
1489 2083 1523 2107 ut
1546 2088 1611 2107 non
1631 2078 1678 2107 sis
1699 2086 1818 2107 caussa
1832 2076 2007 2114 homicidii,
2029 2085 2096 2106 non
2109 2076 2206 2106 obse-

1227 2121 1340 2162 quaris
1362 2120 1523 2150 incendiis
1554 2119 1740 2156 libidinum,
1771 2120 1903 2160 quando
1935 2118 1992 2150 illa
2020 2128 2124 2159 opera
2153 2127 2204 2149 se-

1229 2164 1356 2194 cundae
1380 2161 1512 2194 tabulae
1537 2161 1620 2192 sacis
1645 2164 1676 2193 in
1706 2162 1788 2199 tide,
1819 2169 1898 2193 tunc
1927 2164 2024 2193 etiam
2053 2166 2206 2202 praestas

1230 2205 1351 2238 cultum
1387 2205 1472 2237 Deo.
1528 2205 1625 2236 Niclzl
1666 2207 1724 2236 trit*
1758 2215 1873 2237 uasere
1902 2205 2059 2245 Popisten
2092 2213 2203 2245 sayen,

1228 2250 1337 2280 illesse
1360 2250 1444 2280 lesen
1466 2249 1532 2279 mut
1555 2249 1766 2289 ‹loy-ylm'chrn.
1807 2248 1885 2279 Dixi
1920 2249 2016 2279 vobis
2051 2245 2133 2278 alias
2164 2246 2205 2277 de

1228 2292 1366 2324 stulti'ia
1389 2292 1519 2333 insigni.
1566 2291 1651 2322 Noti
1676 2292 1852 2329 quendam,
1871 2292 1924 2332 qui
1950 2302 2024 2322 cum
2038 2295 2127 2321 esset
2150 2299 2206 2330 pa·

1229 2336 1293 2367 lam
1326 2334 1499 2377 negligens
1530 2335 1562 2365 in
1597 2336 1744 2365 moribus
1768 2335 1936 2375 regendiS,
1966 2341 2074 2364 tamen
2098 2333 2129 2363 in
2153 2332 2205 2363 die

1227 2379 1393 2420 passionis
1424 2377 1561 2415 Christi,
1595 2389 1646 2408 am
1677 2377 1886 2417 Ix'arsrt’iltrq,
1922 2377 2053 2408 bibebat
2083 2382 2205 2407 tantum

1229 2422 1422 2453 cerevisiam
1446 2421 1713 2462 absyntlziacan½
1732 2428 1762 2451 et
1786 2421 1902 2451 bibens
1927 2420 2123 2451 ostendebat
2152 2428 2205 2459 ge-

1229 2472 1334 2501 stum,
1363 2464 1456 2505 quasi
1489 2463 1587 2494 xahle
1615 2464 1826 2494 abhorreret:
1856 2462 2000 2494 Volebat
2031 2462 2207 2492 ostendere

1229 2518 1266 2539 se
1291 2506 1412 2548 aliquid
1446 2507 1553 2547 magni
1579 2508 1645 2546 pati
1671 2514 1804 2548 propter
1827 2506 2016 2537 memoriam
2040 2504 2206 2546 passionis

1230 2550 1365 2588 Christi,
1390 2556 1419 2580 et
1443 2549 1589 2580 habebat
1614 2550 1891 2591 imaginationem,
1908 2549 1994 2589 quod
2010 2549 2118 2579 onmia
2130 2556 2205 2587 peo-

1232 2601 1306 2625 cata
1326 2604 1384 2624 sua
1409 2591 1602 2623 deletis-set:
1628 2592 1848 2623 Mat-tationes
1872 2592 2032 2633 pecudum
2047 2589 2125 2621 nihil
2140 2599 2206 2620 ma-

1231 2637 1281 2678 gis
1305 2635 1468 2668 faciebant
1493 2636 1534 2667 ad
1553 2636 1779 2667 remissionem
1796 2642 2023 2676 peccatorum:
2047 2634 2107 2665 Als
2119 2641 2206 2663 werlu
