2343 2970
167 204 230 239 981

169 300 281 332 obtem
306 297 409 329 erabo
432 295 599 328 vocationi
622 305 726 334 meae,
753 300 784 327 et
802 294 875 327 Deo
908 296 1144 328 connnendabo

169 341 281 384 pericu
297 351 328 372 a.

255 382 403 413 Secunda
425 383 558 412 tentatio
593 387 668 419 est,
703 381 794 423 quod
817 380 1031 423 Evangelista
1055 382 1145 420 dicit,

170 437 246 460 eum
280 426 356 459 duci
389 426 432 457 ad
464 423 644 467 pinnacula
680 423 803 466 templi.
850 424 958 456 Crrdo
993 426 1037 456 ita
1059 435 1146 463 esse,

168 466 348 503 Diabolum
371 469 400 500 ei
422 468 601 500 immisisse
623 476 720 498 acres
747 465 899 498 stimulos
913 490 922 506 ,
956 479 1022 499 non
1057 469 1145 510 quod

171 523 247 546 eum
269 512 449 555 gestaverit
471 512 504 542 in
538 509 748 553 pinnaculum
784 509 917 551 templi,
951 518 986 542 ut
1016 512 1147 552 qnidam

170 556 371 589 existimant.
417 553 485 586 Sed
508 554 574 585 ho«=
598 552 816 595 significatu->n
842 563 903 585 esz.
929 555 1060 594 quando
1085 554 1146 584 Ee*-

171 598 276 631 clesia
296 596 440 629 eluctata
463 601 515 629 est
538 607 575 628 ex
602 596 775 638 periculis,
803 600 869 628 tum
895 597 1147 638 praecipuorum

170 642 344 675 doctorum
367 646 551 683 sequuntur
572 641 658 671 inter
679 649 717 670 so
740 641 929 671 certamina.

257 684 350 714 Stare
367 685 398 713 in
414 682 585 724 pinnaculo
605 687 657 714 cst
680 692 755 714 esse
779 682 811 714 in
835 681 912 714 loco
936 682 1091 721 excelso,
1115 688 1148 714 et

172 727 299 760 habere
322 728 594 769 gubernationem
612 735 732 757 rerum.
778 725 1017 757 samosatenus
1030 732 1096 757 stat
1114 726 1147 757 in

171 770 351 814 pinnaculo
374 769 487 811 templi
508 770 676 801 admirans
698 778 760 800 sua
783 769 950 811 dogmata,
973 770 1084 810 incipit
1109 779 1146 800 se

171 815 315 847 deiicere
338 814 380 845 de
402 811 536 854 templo.
586 811 633 844 lta
663 812 829 843 excruciat
864 813 961 844 etiam
985 810 1146 843 Diabolus·

173 856 353 895 Christum,
375 862 410 888 ut
433 866 472 887 se
493 855 632 887 deiiciat.
678 854 744 886 Sed
768 854 922 886 Christus
952 865 1069 886 rursus
1097 865 1147 886 re-

174 901 275 933 currit
296 900 340 932 ad
363 898 528 942 clypeum,
551 897 680 930 scilicet
700 898 835 930 verbum
858 897 945 936 Dei,
979 908 1053 929 cum
1087 898 1146 929 ait:

172 944 245 975 Non
265 943 397 973 tentabis
419 942 584 972 Dominum
601 941 699 971 Deum
723 944 815 972 tuum.
862 941 969 977 Quam
988 939 1148 972 mirabilis

173 987 259 1019 haec
281 992 334 1018 est
357 985 548 1026 responsio!
563 983 726 1016 Diabolus
749 984 840 1015 iubet
853 985 1008 1026 quiddam
1025 983 1149 1022 facere,

171 1030 261 1071 quod
284 1028 468 1072 gloriosum
490 1027 607 1060 fuisset
631 1026 844 1068 populmsed
867 1037 933 1058 non
952 1027 1012 1059 suit
1034 1036 1148 1058 neces-

171 1073 306 1104 sarium.
351 1071 429 1103 Ideo
453 1072 589 1112 opponit
612 1070 690 1100 hoc:
723 1069 796 1100 Non
825 1070 957 1101 tentabis
984 1069 1149 1100 Dominum

172 1115 274 1147 Deum
297 1118 388 1144 tuum.

263 1157 393 1186 Tentare
417 1156 514 1185 Deum
546 1161 596 1186 est
630 1155 750 1186 fiducia
783 1156 936 1197 propriae
970 1155 1149 1195 sapientiae

172 1199 224 1232 vel
249 1200 365 1232 virium
390 1199 564 1231 discedere
588 1199 629 1229 ab
654 1198 861 1230 ordinatione
886 1199 948 1230 Dei
972 1198 1025 1231 vel
1049 1209 1149 1230 woca-

172 1244 272 1281 tione,
292 1248 325 1273 et
348 1243 520 1283 suscipere
542 1251 608 1272 rem
634 1250 698 1271 non
720 1242 952 1272 necessat-iam.
988 1242 1060 1273 Iloc
1082 1239 1148 1273 late

851 199 1065 233 POSTlLLA
1095 200 1495 234 MELANTHONIANA.

194 1291 273 1323 atet,
297 1291 330 1316 et
353 1283 585 1316 universaliter
609 1286 639 1314 ῐη
656 1282 808 1315 Ecclesia
821 1290 851 1315 et
878 1285 908 1315 En
932 1286 1058 1326 privata
1082 1284 1149 1315 vita
1174 1278 1176 1291 ⁴

197 1329 323 1360 omines
345 1328 391 1359 ita
413 1332 565 1369 peccant,
599 1332 633 1358 ut
656 1326 811 1358 Monachi
846 1326 965 1359 fiducia
993 1327 1148 1369 propriae

172 1372 354 1413 sapientiae
378 1371 548 1402 instituunt
573 1369 693 1407 cultus,
717 1379 802 1411 quos
830 1376 947 1411 putant
976 1380 1052 1402 esse
1075 1380 1147 1410 pre-

172 1416 215 1445 tia
239 1414 442 1445 remissionis
476 1418 707 1453 peccatorum,
741 1412 825 1445 haec
861 1418 978 1444 contra
1012 1414 1147 1445 verbum

170 1456 232 1487 Dei
257 1456 497 1497 excogitantur.
548 1455 639 1493 ltem,
674 1455 862 1497 coniugium
898 1462 949 1486 est
984 1455 1146 1487 ordinatio

170 1499 292 1537 divina,
326 1509 411 1540 quae
444 1498 637 1529 servissime
670 1496 823 1538 prohibet
856 1508 962 1540 vagas
985 1497 1146 1529 libidines.

170 1540 234 1574 Hic
256 1540 431 1583 pontifices
456 1540 575 1572 fiducia
598 1550 678 1571 suae
707 1540 888 1580 sapientiae
922 1541 1069 1572 condunt
1101 1540 1147 1572 le-

172 1594 245 1627 ges,
270 1585 390 1626 quibus
414 1583 590 1625 prohibent
612 1583 806 1623 coniugium.

171 1626 280 1668 empla
304 1627 336 1658 in
360 1627 512 1658 omnibus
537 1624 735 1666 corruptelis
756 1626 937 1656 donn-gnae.

853 1582 978 1615 Similia
1002 1589 1075 1614 sunt
1092 1593 1147 1614 ex·
1173 1604 1175 1608 ,

2116 204 2182 238 9⁸2

1198 296 1449 337 persuasionem
1477 305 1632 337 oportere
1662 294 1732 326 fieri
1767 294 1978 336 oblationem,
2012 307 2102 340 quae
2137 299 2182 330 sit

1198 339 1391 370 necessaria
1415 339 1473 370 toti
1498 339 1612 381 generi
1640 337 1794 369 humano.
1839 337 1971 371 Deinde
2004 340 2178 374 horribilis

1199 380 1397 413 contumelia
1420 388 1471 413 est
1494 381 1660 413 invocatio
1684 386 1888 419 sanctorum,
1910 388 2009 423 atque
2029 383 2116 416 haec
2134 384 2179 416 si-

1199 424 1406 466 gnificantur,
1431 436 1503 457 cum
1527 425 1659 457 dicitur:
1693 424 1730 453 Si
1753 424 1924 463 procidens
1947 425 2098 455 adorabis
2120 437 2178 466 me,

1198 468 1230 498 id
1255 474 1318 506 est,
1342 468 1372 498 si
1395 469 1520 500 tribues
1543 467 1704 499 honorem
1727 466 1800 498 Deo
1834 468 2003 509 proprium
2031 468 2087 500 alii
2111 470 2178 502 cui-

1199 520 1329 552 cunque
1352 511 1410 542 rei.
1454 510 1554 542 Turci
1577 510 1818 543 constituerunt
1842 520 1960 542 numen
1995 511 2174 553 quoddam,

1200 554 1252 585 cui
1277 553 1471 585 addiderunt
1494 563 1574 585 suos
1599 552 1721 591 cultus,
1745 559 1778 584 et
1812 553 1844 584 id
1877 558 1996 594 postea
2029 554 2176 586 nomina-

1199 602 1276 628 rnnt
1302 595 1418 635 Deum,
1443 595 1526 629 haec
1549 601 1600 628 cst
1624 594 1822 627 idololatria.

1286 638 1448 671 Diabolus
1473 639 1637 677 mentitur,
1661 648 1734 671 cum
1758 639 1819 670 ait:
1842 638 1932 668 Haec
1955 649 2022 670 mea
2044 642 2123 674 eunt,
2147 642 2177 670 e!

1200 683 1250 712 cui
1272 681 1342 712 volo
1366 682 1463 718 ‹lab03
1487 681 1572 714 haec
1595 682 1681 713 enim
1703 691 1770 712 non
1792 687 1869 714 sunt
1891 681 2039 714 Diaboli.
2084 681 2177 714 Chri·

1199 730 1271 756 stus
1295 731 1403 757 autem
1425 735 1493 757 non
1516 726 1670 766 disputat,
1693 725 1754 756 sed
1779 724 1908 756 dimittit
1931 735 2017 764 eum,
2037 730 2071 757 et
2086 725 2176 757 venit

1199 768 1241 799 ad
1264 767 1402 809 primum
1425 774 1652 810 praeceptum:
1685 767 1848 797 Dominum
1886 767 1981 798 Deum
2015 768 2176 806 adorabis,

1172 850 1174 856 ⁴
1199 814 1229 840 et
1251 811 1300 840 illi
1321 811 1382 841 soli
1403 812 1526 846 servies,
1549 811 1638 853 quod
1661 810 1827 852 designat,
1849 810 1926 842 Non
1940 811 2177 843 discedendum

1200 860 1251 885 est
1275 854 1315 886 de
1338 855 1442 895 primo
1465 859 1666 896 praecepto,
1700 853 1797 885 etiam
1831 864 1897 886 non
1920 860 2059 896 propter
2092 854 2176 895 peri-

1174 907 1176 909 *
1201 896 1287 936 cula,
1309 896 1416 929 famen
1440 904 1472 929 et
1494 896 1578 929 alias
1600 897 1809 928 tentationes,

1287 940 1398 975 Quare
1432 941 1523 972 dicit:
1547 939 1712 969 Dominum
1724 939 1823 969 Deum
1836 939 1940 970 tuum?
1961 938 2176 982 Respondeo.

1200 982 1244 1014 Ut
1262 981 1424 1025 intelligat
1447 994 1562 1015 verum
1586 982 1693 1014 Deum
1723 983 1894 1024 segregari
1927 981 1994 1014 hoc
2027 980 2174 1024 appella-

1173 1030 1176 1040 “
1201 1027 1288 1057 tione
1310 1027 1352 1057 ab
1376 1026 1528 1058 omnibus
1551 1025 1788 1057 commenticiis
1811 1026 2008 1057 numinibus.
2034 1024 2176 1060 Quando

1201 1069 1286 1100 enim
1309 1069 1341 1100 in
1365 1068 1536 1111 Scriptura
1559 1068 1628 1098 Deo
1652 1069 1798 1100 additur:
1822 1067 1974 1097 Dominus
1985 1067 2038 1099 vel
2051 1067 2175 1102 lellova,

1200 1112 1255 1143 hic
1278 1112 1429 1142 Dominus
1463 1122 1582 1144 nomen
1616 1112 1784 1153 proprium
1814 1116 1873 1142 est.
1917 1111 2023 1146 Ficum,
2048 1110 2176 1142 scilicet

1202 1155 1317 1196 quise
1336 1154 1491 1197 patefecit
1513 1153 1696 1186 manifestis
1726 1153 1919 1185 testimoniis
1954 1155 1987 1184 in
2020 1152 2086 1184 hoc
2120 1163 2176 1195 po-

1200 1197 1289 1239 pulo,
1314 1204 1344 1229 et
1367 1198 1491 1229 addidit
1514 1197 1701 1229 testimonia
1720 1198 1832 1229 verbo.
1879 1196 1977 1227 Turci
2001 1207 2065 1227 non
2086 1196 2175 1227 invo-

1201 1248 1277 1272 cant
1300 1251 1413 1272 verum
1435 1240 1555 1278 Deum,
1580 1245 1654 1281 quia
1678 1240 1832 1271 invocant
1854 1238 1995 1280 aliquid,
2019 1239 2107 1281 quod
2131 1239 2176 1270 di-

1202 1290 1279 1315 cunt
1302 1295 1368 1315 non
1392 1294 1469 1315 esse
1498 1289 1623 1324 patrem
1648 1282 1778 1314 Domini
1813 1284 1919 1314 nostri
1942 1282 2017 1313 Iesu
2041 1280 2174 1313 Christi.

1200 1325 1344 1369 Fingunt
1377 1337 1458 1368 ergo
1492 1325 1625 1367 aliquid,
1648 1326 1736 1367 quod
1771 1335 1837 1357 non
1860 1331 1911 1357 est
1933 1325 2038 1356 Deus.
2083 1323 2173 1362 Ideo,

1202 1370 1332 1412 quando
1358 1370 1472 1407 oratis,
1496 1369 1623 1401 debetis
1649 1369 1809 1411 cogitare,
1834 1378 1931 1410 quem
1952 1367 2059 1399 Deum
2082 1367 2176 1399 invo-

1201 1413 1295 1444 cetis,

1285 1455 1329 1485 Et
1351 1455 1401 1485 illi
1422 1455 1484 1485 soli
1501 1456 1623 1492 servies,
1636 1453 1668 1485 id
1680 1460 1743 1491 est,
1756 1452 1845 1485 illurn
1858 1454 1955 1485 etiam
1967 1452 2074 1484 solum
2087 1454 2176 1484 tinne-

1201 1498 1252 1528 bis
1265 1504 1329 1530 etc.
1349 1498 1494 1528 Adorare
1506 1504 1557 1530 est
1576 1497 1719 1529 tribuere
1742 1495 1839 1527 alicui
1861 1497 1909 1527 rei
1932 1507 1983 1534 ea,
1997 1505 2083 1537 quae
2101 1501 2177 1526 sunt

1200 1540 1263 1571 Dei
1282 1542 1428 1582 propria,
1447 1540 1531 1573 haec
1554 1545 1605 1571 est
1628 1539 1873 1580 omnipotentia,
1898 1537 1985 1570 velle
2009 1538 2176 1576 exaudire,

1201 1582 1289 1615 velle
1312 1585 1425 1616 iuvare
1449 1591 1510 1615 etc.
1558 1583 1665 1612 Cultus
1688 1588 1738 1613 est
1751 1592 1836 1622 opus
1850 1582 2038 1613 mandatum
2057 1579 2177 1618 aDeo,

983 1626 1147 1667 Quicquid
1200 1625 1322 1658 {actum
1346 1629 1376 1657 in
1400 1627 1476 1665 fide,
1500 1628 1591 1657 cuins
1616 1626 1690 1656 finis
1714 1623 1769 1656 vel
1792 1625 1954 1655 medianis
1986 1622 2040 1655 vel
2068 1624 2176 1655 imme-

170 1671 281 1712 agitur
314 1676 369 1702 aut
400 1669 608 1702 constituitur
642 1674 758 1700 contra
786 1669 972 1700 mandatum
997 1668 1072 1707 Dei,
1097 1674 1148 1700 est
1171 1679 1176 1713 Ι
1201 1669 1309 1700 diatus
1336 1675 1399 1707 est,
1422 1675 1457 1700 ut
1476 1680 1534 1710 per
1557 1669 1589 1699 id
1613 1668 1705 1700 Deus
1732 1667 1858 1698 honore
1887 1666 2063 1698 afficiatur.
2110 1666 2176 1697 Ob-

169 1713 319 1746 tentatio.

263 1755 368 1785 Tertia
403 1757 536 1784 tentatio
572 1760 622 1786 cst
656 1754 846 1784 «mustitano
878 1754 981 1795 regni,
1015 1754 1146 1793 quando

171 1797 325 1831 Ecclesia
343 1799 481 1830 vertitur
503 1799 535 1829 in
558 1807 695 1839 regnum
720 1795 772 1828 vel
806 1798 838 1827 in
863 1797 986 1828 cultum
1010 1795 1147 1827 idolola*

171 1842 301 1879 tricum,
326 1842 398 1883 quia
424 1839 479 1871 illa
503 1841 613 1881 pvffora
648 1840 712 1870 duo
747 1840 899 1870 videntur
927 1840 1144 1879 privatorum:

170 1883 360 1917 idololatria
382 1890 492 1915 autem
522 1889 574 1914 est
607 1882 817 1914 universalis.
870 1881 1034 1913 Diabolus
1058 1882 1146 1912 ducit

170 1937 246 1960 eum
268 1928 302 1959 in
324 1932 468 1958 montem
493 1927 673 1957 ostendens
698 1925 727 1956 ei
747 1927 854 1956 omnia
874 1935 986 1966 regna,
1016 1925 1145 1956 dicens:

171 1971 260 2000 Haec
279 1972 380 2000 omnia
403 1970 486 1999 dabo
510 1969 577 1999 tihi.
624 1968 713 2000 Haec
738 1969 873 2000 tentatio
898 1974 948 2000 est
972 1965 1146 1999 manifesta

170 2012 368 2048 idololatria,
402 2018 437 2044 ut
465 2011 777 2044 Nabuchodonosor
812 2011 980 2043 constituit
1013 2008 1147 2041 idolola-

170 2057 278 2094 triam,
303 2055 373 2095 vult
395 2054 506 2087 facere
530 2065 627 2086 unum
652 2053 785 2092 cultum,
805 2058 968 2086 convertlt
991 2052 1146 2093 templum

171 2098 235 2131 Dei
259 2100 290 2130 in
315 2097 470 2140 templum
492 2096 629 2130 Bacchi.
674 2097 722 2128 lta
751 2098 784 2128 in
807 2097 960 2128 Ecclesia
989 2095 1147 2138 postremi

171 2143 341 2184 temporis«,
367 2148 417 2173 est
441 2142 653 2172 constitutum
677 2151 814 2183 regnum
843 2139 990 2172 horribili
1010 2137 1147 2170 idolola-

171 2186 245 2221 tria,
278 2185 306 2216 1.
341 2185 382 2216 de
415 2185 528 2222 missa,
562 2185 594 2215 2.
629 2184 670 2214 de
703 2184 912 2215 invocatione
947 2188 1146 2215 sanctorum,

172 2229 203 2261 3.
226 2228 282 2261 illa
307 2228 428 2268 opinio,
452 2227 540 2269 quod
562 2226 710 2258 homines
734 2227 804 2258 suis
823 2228 978 2268 operibus
1003 2235 1147 2257 merean-

174 2278 225 2303 tur
249 2271 474 2303 remissionem
497 2276 721 2312 peccatorum.
767 2269 858 2301 Haec
881 2270 942 2301 tria
972 2275 1048 2300 sunt
1082 2278 1147 2298 ma-

184 2314 293 2347 ¹iseste
311 2312 532 2351 idololatrica,
566 2319 597 2344 et
630 2322 689 2353 per
722 2312 786 2343 hos
808 2322 931 2344 nervos
954 2318 1020 2343 stat
1044 2317 1146 2342 totum

185 2362 312 2399 rugitum
335 2356 546 2398 pontificium.
591 2354 660 2386 Illis
685 2354 900 2387 idololatricis
925 2355 1036 2387 nervis
1059 2352 1145 2385 labe.

187 2394 316 2439 fucatis,
335 2400 562 2431 comminuitur
588 2399 683 2430 etiam
707 2404 879 2440 quaestus;
903 2398 1058 2430 Mcnachi
1088 2405 1144 2438 po*

188 2446 307 2475 tueunt
329 2444 506 2485 quotannis
529 2452 569 2473 ex
591 2440 648 2473 illa
659 2440 825 2473 locatione
838 2442 1015 2473 missarum
1033 2441 1147 2482 ingen-

189 2487 422 2531 te¹¹15uninian¹
446 2486 606 2527 pecuniae
629 2484 796 2527 colligere.
842 2485 970 2516 Videtis
1002 2485 1145 2514 omnium

191 2530 369 2565 supletium
394 2529 520 2560 animos
554 2529 619 2560 huc
652 2529 869 2569 persuasione
897 2528 1032 2563 turbari.
1056 2526 1144 2569 quod

193 2571 327 2608 0P01'tbt
351 2571 473 2614 aliquid
492 2569 557 2603 tale
580 2571 777 2603 sacrificium
807 2581 892 2602 esse.
939 2570 1009 2601 Etsi
1038 2575 1145 2601 autem

192 2611 256 2641 5³³¹
280 2617 519 2649 eoum-ventum
543 2620 604 2650 est,
628 2615 716 2656 quod
744 2614 963 2646 confiteantur
996 2612 1144 2644 homines

192 2652 246 2684 his
270 2658 423 2692 sac¹‘iciis
447 2668 512 2690 non
534 2659 641 2690 iustos
664 2666 753 2696 esse,
774 2663 883 2690 tamen
901 2657 1040 2689 retinent
1057 2654 1144 2687 hanc
1166 2673 1173 2698 i

1201 1712 1346 1743 servatio
1371 1712 1496 1743 ordinis
1520 1710 1598 1743 facit
1621 1720 1704 1751 opus
1727 1710 2003 1751 superstitiosum.

1406 1829 1629 1862 1303thch
1662 1828 1969 1861 REMlNlSCERE.

1340 1907 1654 1949 Evangelium
1699 1906 1931 1938 Matthaei
1979 1906 2039 1936 15.

1405 1974 1509 2014 (conf.
1521 1974 1596 2007 Vol.
1610 1974 1730 2006 xxiv.
1752 1985 1783 2015 p.
1808 1974 1868 2006 465
1879 1976 1970 2016 sqq.)

1286 2053 1379 2085 Haec
1403 2053 1520 2085 concio
1545 2058 1595 2084 est
1619 2049 1802 2092 Evangelii,
1820 2061 1887 2082 non
1909 2050 2006 2093 legis,
2031 2051 2104 2093 quia
2127 2051 2170 2082 ni-

1199 2096 1245 2127 hil
1269 2097 1346 2128 dicit
1369 2097 1410 2128 de
1432 2095 1631 2138 praeceptis
1677 2093 1895 2125 Considerent
1926 2100 2036 2125 autem
2069 2094 2172 2125 iunio-

1199 2150 1256 2171 res
1277 2145 1428 2181 tempora
1452 2146 1483 2170 ct
1506 2137 1581 2170 loca
1604 2137 1701 2169 huius
1724 2137 1892 2168 historiae.
1940 2137 2090 2168 Christus
2121 2146 2173 2168 se-

1200 2183 1301 2215 cessit
1321 2193 1360 2214 ex
1384 2182 1504 2215 Iudaea
1537 2182 1570 2212 in
1604 2181 1687 2211 fines
1710 2179 1787 2221 Tyri
1823 2186 1854 2210 et
1877 2180 2009 2211 Sidonis
2034 2190 2106 2211 eam
2130 2180 2172 2210 ob

1200 2235 1365 2261 caussam,
1390 2226 1465 2267 quia
1477 2224 1627 2256 Herodes
1641 2224 1669 2255 ei
1692 2223 1919 2255 insidiabatur.
1965 2222 2068 2254 Erant
2088 2222 2173 2253 enim

1199 2269 1263 2301 hae
1285 2269 1370 2300 (luae
1394 2269 1493 2300 urbes
1517 2273 1610 2298 extra
1633 2266 1830 2297 territorium
1853 2265 2007 2303 Herodis,
2031 2271 2063 2297 et
2086 2272 2172 2297 tene-

1199 2313 1320 2344 bantur
1341 2322 1361 2343 a
1385 2312 1581 2353 Mag-istrata
1604 2309 1763 2340 Romano.

1285 2355 1396 2388 Sidon,
1415 2355 1447 2385 id
1471 2361 1533 2392 est,
1558 2358 1707 2389 venator,
1731 2351 1864 2382 condita
1894 2356 1943 2381 est
1968 2361 1986 2381 a
2021 2349 2086 2381 filio
2111 2348 2172 2381 Ca-

1198 2408 1296 2436 naan,
1320 2399 1375 2440 qui
1398 2399 1583 2429 vocabatur
1606 2395 1722 2432 Sidon,
1758 2400 1787 2424 ct
1823 2392 1879 2424 fuit
1904 2393 2068 2435 antiquior
2091 2393 2172 2424 urbs

1198 2440 1301 2472 Sidon
1335 2451 1433 2482 quam
1467 2440 1587 2482 Tyrus.
1638 2438 1711 2468 Fuit
1745 2442 1851 2468 autem
1876 2435 1979 2468 Sidon
2003 2442 2097 2467 natus
2132 2445 2175 2466 ex

1197 2485 1390 2525 posteritate
1412 2483 1500 2515 Noe:

1609 2523 1681 2554 Noe,

1610 2566 1713 2597 Cham

1611 2609 1746 2639 Unnaan

1611 2651 1724 2682 Sidon.

1919 2707 1971 2733 62·
