2343 2970
191 175 255 207 247

191 271 222 301 si
235 269 463 311 interficiamus
479 268 566 300 enm?
589 269 633 299 lbi
648 276 700 299 est
721 270 752 299 in
770 267 951 299 Chaldaico
964 274 1052 298 textu
1066 266 1172 296 Mam-

191 321 280 350 mon,
314 318 424 353 potest
446 322 522 342 esse
545 322 564 342 a
587 312 734 349 Illarum,
769 312 857 352 quod
882 310 1048 352 significat
1070 319 1173 340 nume-

189 365 287 393 νᾶνος
310 354 362 386 vel
386 355 427 386 ab
447 355 611 392 IImnmon,
633 355 664 385 id
688 360 750 392 est,
773 356 878 395 capla..

278 399 430 429 Nominat
458 404 564 429 autem
590 398 643 429 liic
663 397 816 428 Christus
840 396 1060 427 Mammonem
1094 395 1171 426 iniu-

191 449 295 480 stum,
330 442 405 482 quia
438 440 631 482 plerumque
664 439 788 481 aliquid
819 440 887 471 vitii
911 439 1041 470 accedit
1060 439 1091 469 in
1116 449 1171 479 pa-

191 485 308 521 rando,
344 490 376 514 et
410 484 442 514 in
477 481 616 514 fruendo
653 483 783 514 divitiis.
835 482 1019 514 Menander
1054 482 1171 523 inquit:

192 527 237 558 Οὐ
266 527 327 563 δεῖς
356 530 468 566 ταχέως
491 526 675 564 mammon,
699 525 814 562 δίκαιος
836 526 890 556 ὤνε
926 525 957 556 id
981 531 1043 562 est,
1077 527 1173 556 Nemo

190 573 340 603 celeriter
359 572 399 608 fit
419 571 516 608 diem,
550 571 658 601 rolens
680 572 774 600 siucul
797 573 899 600 iustus
922 578 1000 600 esse.
1047 567 1087 599 Et
1110 567 1172 598 La-

191 614 278 645 tinus
302 618 399 653 poeta
423 614 541 653 inquit:
577 614 773 644 iustz'ssimus
797 622 868 644 esse
894 613 953 649 Qut
976 613 1070 652 cupit,
1104 615 1173 642 εει·-

188 667 271 698 9ιιιιε
304 666 434 696 semper
466 656 594 687 habebit
615 666 700 696 opes.

191 700 347 731 dustriant
372 699 562 740 acquirendi
587 709 686 740 olim,
716 699 880 729 accedunt
906 704 1012 729 tamen
1035 699 1172 728 πλεονεκ-

191 743 269 782 τήμα
292 755 327 772 πα
347 740 467 783 aliqua.

191 785 313 817 Postea
338 786 369 816 in
394 786 506 822 rebus,
530 785 627 816 etiam
652 786 735 816 iuste
759 785 874 825 partis,
898 785 979 816 varii
1004 790 1081 815 sunt
1095 785 1173 815 abu-

191 839 261 861 sus.
307 828 412 859 Nemo
437 827 507 858 sero
531 829 629 859 utitur
653 828 775 858 divitiis
799 829 871 859 sine
892 826 1095 869 profusione,
1119 832 1173 871 au}

192 872 369 904 tenacitate
392 872 500 902 nimia.

278 913 419 954 Propter
453 912 537 945 tales
567 915 692 945 abusus
724 914 869 945 nominat
893 913 1048 945 Christus
1071 913 1174 944 Mam-

190 967 332 994 monem‚
358 958 558 995 iniustitiam,
583 968 643 988 seu
667 958 831 988 iniustum.
877 957 950 988 Non
975 963 1083 988 autem
1104 955 1174 987 vult

833 173 943 205 Ptlu..
967 172 1071 204 MEL.
1095 169 1279 204 SCRIPTA
1304 169 1568 202 EXEGE't‘tCA.

746 654 851 686 Etiam
875 661 908 685 at
928 655 1103 685 honestam
1126 654 1174 684 in-
1199 670 1201 678 t

513 743 556 773 Es
579 744 689 773 sucht-c
709 746 760 773 eiu
783 743 872 773 z'eder
894 742 1007 773 semen
1030 740 1172 773 vortlzeil.
1199 738 1201 779 s

2144 172 2208 205 ‘2118

1226 265 1266 296 Et
1290 272 1398 296 tamen
1435 273 1526 296 tanta
1549 272 1601 296 est
1623 264 1686 296 Dei
1713 266 1861 303 bonitas,
1895 272 1930 296 ut
1953 264 2076 307 aliquid
2110 266 2208 298 etiam

1226 309 1346 339 dantes
1371 307 1535 346 absolvat,
1559 309 1656 339 modo
1680 315 1864 350 agnoscant
1889 319 1949 340 sua
1973 314 2121 350 peccata.

1311 350 1466 382 Christus
1490 357 1598 383 autem
1623 352 1712 382 iubet
1734 351 1788 382 hic
1812 350 1923 383 facere
1948 353 2074 384 amicos
2098 362 2139 383 ex
2161 352 2208 383 in-

1227 395 1311 425 iusto
1336 394 1537 431 Mammone3
1572 405 1637 425 non
1668 395 1756 436 quod
1791 405 1905 425 omnes
1929 396 2120 436 acquirant,
2154 401 2210 427 aut

1199 455 1200 458 =
1226 438 1419 479 possideant
1444 437 1623 469 facultates
1648 446 1763 469 contra
1781 438 2028 477 conscientiam,
2051 439 2109 470 sed
2133 438 2209 480 quia

1226 481 1323 512 etiam
1359 482 1389 512 in
1426 482 1550 512 sanctis
1587 487 1639 512 est
1667 479 1789 522 aliquid
1827 482 1891 512 vitii
1919 482 1951 512 in
1976 481 2142 523 parando,
2177 486 2210 512 et

1224 525 1348 556 utendo
1372 525 1504 556 divitiis.
1551 524 1617 555 Sed
1649 525 1781 564 respicit
1819 525 1964 564 inprimis
1988 524 2143 556 Christus
2166 524 2209 555 ad

1224 568 1351 599 abusus
1387 569 1418 599 in
1458 569 1656 598 tractatione
1690 566 1893 598 facultatum.
1951 568 2077 599 Omnes
2110 565 2209 598 stulte

1225 611 1386 642 abutimur
1419 610 1652 649 fitcultatibtm‚
1676 609 1762 641 alius
1786 610 1851 641 alio
1876 621 2014 651 genere3
2048 621 2134 642 unus
2157 616 2210 642 est

1226 655 1381 692 emacior,
1406 665 1501 696 quum
1527 655 1686 690 (lcbebat;
1709 652 1795 684 alius
1819 654 2049 695 sumptuosior
2071 654 2103 689 in
2122 653 2209 684 aedi-

1199 721 1200 725 ,
1226 696 1450 734 ficationibus3
1484 696 1568 729 alius
1588 698 1620 728 in
1645 697 1805 729 conviviis
1829 698 2039 738 apparandis,
2061 695 2146 728 alius
2177 697 2208 727 in

1227 741 1358 772 vestitu.
1406 740 1439 770 ln
1465 751 1609 771 summa:
1645 741 1719 771 Non
1756 746 1903 771 tenemus
1934 740 2066 772 modum
2089 740 2209 770 iustum

1200 790 1201 811 i
1226 785 1258 814 in
1284 794 1345 815 usu
1375 784 1580 823 divitiarum,
1610 784 1804 825 praesertim
1840 794 1901 814 nos·
1937 783 2108 814 Germani:
2143 782 2210 814 Aut

1200 834 1201 863 t
1226 827 1393 867 perdimus
1419 837 1575 868 corpora,
1598 828 1736 863 animas,
1757 832 1787 857 ct
1811 825 1986 858 facultates
2009 824 2209 867 profusioni-

1200 870 1201 884 *
1227 871 1301 908 bus,
1325 876 1380 901 aut
1406 870 1543 901 vivimus
1567 871 1598 901 in
1629 870 1764 900 sordida
1787 868 1909 900 illuvie.
1950 870 2026 901 Non
2050 874 2101 900 est
2122 868 2210 910 apud

1200 910 1202 937 Ι
1227 923 1290 943 nos
1315 914 1467 951 medium,
1491 914 1681 954 ignoramus
1706 912 1787 950 fere,
1811 913 1888 954 quid
1912 913 1953 943 sit
1979 910 2153 954 frugalitas
2177 917 2210 943 et

1200 941 1203 995 i
1227 957 1438 998 parsimonia.
1485 956 1550 987 lam
1575 957 1723 987 venimus
1747 957 1788 986 ad
1814 957 1981 987 doctrinas
2004 955 2164 987 locorum.

190 1000 255 1032 hoc
292 1000 463 1037 Christus,
499 1001 584 1042 quod
623 1001 754 1031 divitiae
789 1010 849 1041 per
873 1010 910 1030 se
934 1000 999 1031 sint
1021 1000 1175 1037 iniustae,
1199 998 1202 1007 ’

190 1050 247 1075 aut
270 1044 357 1085 quod
383 1053 499 1074 «nunes
524 1044 589 1074 sint
613 1044 732 1074 iniuste
756 1050 882 1085 partae,
917 1044 948 1075 itl
972 1049 1035 1081 est,
1059 1049 1175 1074 contra

191 1086 440 1119 conscientiam·
489 1087 546 1124 l’ii,
572 1097 769 1129 quamquam
793 1086 916 1117 habent
940 1096 1019 1117 suas
1043 1085 1173 1116 infirmi·

190 1136 287 1166 tates,
319 1135 350 1160 et
374 1140 470 1160 nemo
495 1129 564 1161 fere
589 1136 650 1167 est,
686 1130 741 1171 qui
760 1130 842 1160 satis
869 1131 955 1160 bono
979 1130 1095 1160 ordine
1117 1128 1174 1159 ad-

190 1173 346 1204 ministret
374 1172 516 1207 divitias,
540 1180 648 1204 tamen
674 1178 793 1205 cavent
810 1179 947 1213 peecata
964 1178 1080 1204 contra
1097 1181 1175 1204 con-

190 1216 373 1247 scientiam.
425 1215 503 1246 lnde
537 1217 698 1247 sumenda
733 1222 784 1247 est
818 1215 940 1248 solutio
974 1215 1175 1257 argumenti:

276 1303 396 1333 Esaias
420 1302 535 1342 iuquit.-
558 1302 664 1334 Deum
686 1302 794 1334 odisse
808 1303 951 1334 victimas
972 1312 1014 1333 ex
1032 1304 1176 1341 rapinis.-

280 1346 429 1377 Chrz'stus
461 1350 566 1377 autem
597 1347 682 1376 iubet
713 1347 764 1376 ln'c
785 1347 866 1377 clare
888 1347 1114 1385 Eleemosyuas
1136 1345 1177 1375 de

319 1390 498 1420 Mammonc
520 1389 654 1420 iniusto:

278 1433 365 1471 Erqo
385 1437 511 1472 puynat
530 1441 602 1464 cum
620 1431 730 1463 Esaia.

279 1516 480 1559 Respondeo
513 1518 555 1548 ad
590 1517 765 1549 Maiorem:
804 1516 922 1548 Esaias
956 1515 1103 1559 loquitur
1135 1515 1177 1547 de

192 1558 367 1592 manifesta
379 1561 548 1599 iniustitia,
573 1561 614 1591 de
629 1561 764 1601 rapinis,
779 1558 885 1598 furtis,
899 1558 1176 1598 fraudationibus,

191 1603 359 1645 periuriis,
383 1609 415 1635 et
438 1603 511 1635 aliis
535 1602 632 1635 malis
655 1605 795 1642 artibus,
818 1604 937 1645 quibus
961 1610 1079 1635 contra
1099 1613 1176 1634 con-

192 1647 364 1678 scientiam
387 1647 518 1688 rapiunt
547 1647 610 1678 sibi
634 1645 733 1688 aliqui
756 1647 844 1678 bona
868 1645 1017 1678 aliorum.
1062 1645 1113 1677 Ex
1131 1651 1177 1677 ta-

192 1687 280 1721 libus
314 1690 437 1731 rapinis
472 1700 538 1721 non
569 1688 638 1721 vult
661 1690 725 1721 sibi
748 1689 842 1721 Deus
866 1689 976 1721 offerri
999 1689 1176 1728 sacrificia,

192 1742 255 1764 nec
267 1734 399 1774 probat,
424 1743 497 1764 cum
521 1732 744 1775 eleemosynis
768 1734 930 1764 redimere
954 1731 1106 1764 volumus
1129 1733 1176 1763 in·
1200 1745 1201 1749 ¹

192 1776 366 1812 iustitiam
390 1778 476 1817 quia,
499 1778 570 1808 Non
591 1781 667 1808 sunt
685 1777 840 1816 facienda
858 1777 953 1816 mala,
975 1781 1011 1808 ut
1032 1776 1179 1807 eveniant

193 1821 283 1851 bona.
328 1818 552 1851 Ecclesiastes
587 1820 645 1850 ait:
681 1820 784 1853 Quasi
813 1820 868 1859 qui
898 1822 1039 1851 immolat
1067 1821 1178 1858 filium,

192 1865 275 1902 facit
298 1864 562 1902 eleeomosynmu,
585 1864 668 1894 dans
690 1864 730 1894 de
748 1866 883 1903 rapinis.

282 1905 422 1940 Quidam
470 1904 544 1936 Dux
578 1905 741 1936 Bavariae
782 1904 947 1937 interfecit
988 1905 1176 1947 coniugem.

195 1948 288 1989 Papa
312 1947 454 1979 absolvit
474 1958 558 1986 eum,
593 1949 748 1990 imposita
782 1948 845 1980 hac
875 1947 1120 1987 satisfactione,
1143 1955 1178 1979 ut

196 1990 348 2023 fundaret
401 1992 648 2022 monasterirm.
715 1991 762 2022 lta
799 1993 903 2033 siquis
943 1998 1096 2023 creverat
1135 2001 1176 2022 ex

198 2035 321 2072 usuri-⁴3,
347 2035 374 2064 is
398 2033 637 2065 absolvebatur
657 2033 746 2071 olim,
770 2036 888 2075 siquid
908 2035 983 2066 inde
1002 2034 1178 2076 largiretur
1202 2047 1204 2058 ε

563 2077 801 2109 Franclordiae
836 2079 1069 2110 monasterium
1099 2077 1178 2108 Car·
1202 2103 1204 2112 ‚

196 2078 238 2109 ad
274 2076 515 2118 eleemosynas.

196 2119 380 2152 melitat·um
414 2119 557 2151 habebat
595 2126 791 2160 potestatem
826 2131 845 2151 a
872 2121 1033 2152 Pontifice
1067 2119 1179 2152 absol-

195 2163 294 2194 vendi
327 2162 476 2193 homines
507 2164 548 2194 ab
580 2164 709 2194 iniustis
740 2164 943 2204 quaestibus.
1002 2163 1101 2195 Wenn
1127 2167 1180 2195 ein

195 2206 359 2246 kauffnmu
379 2208 464 2237 helle
488 2218 526 2235 vx
553 2207 660 2237 usuris
684 2211 803 2237 elman:
829 2209 925 2238 2000
944 2210 989 2248 sl„
1004 2218 1040 2238 so
1059 2208 1122 2246 yab
1144 2217 1180 2238 er

194 2252 267 2282 200
287 2253 338 2281 ins
356 2251 485 2288 kloster,
498 2255 528 2280 et
544 2248 800 2280 absolvebatur».
824 2252 884 2281 das
907 2251 950 2281 ist
970 2252 1057 2281 niclet
1079 2251 1179 2282 recht.

196 2291 322 2323 Verres
365 2291 525 2333 gloriatus
567 2299 618 2323 est
662 2303 698 2323 se
742 2298 866 2323 tantum
907 2291 1048 2324 furatum
1088 2302 1177 2330 esse,

195 2341 352 2376 quantum
375 2336 436 2366 sibi
461 2342 491 2366 et
515 2335 678 2366 iudicibus
702 2336 771 2366 suis
795 2335 876 2365 satis
907 2342 1007 2367 esset.
1053 2334 1179 2367 Contra

195 2388 269 2410 eum
291 2377 416 2420 allegat
441 2377 560 2410 Cicero
585 2377 673 2409 hune
698 2388 847 2409 vet-sum:

300 2446 334 2477 Ὁ
357 2446 452 2479 πολλοὶ
472 2447 596 2488 κλέψας,
619 2449 670 2477 καὶ
689 2446 771 2486 ὀλίγα
791 2445 869 2482 δούς,
893 2446 1078 2487 ἐκφεύξεται.

286 2508 346 2544 Qut·
366 2508 464 2539 multa
483 2510 635 2548 furatur,
659 2512 691 2539 et
708 2517 815 2548 pauca
837 2508 895 2538 dat
915 2508 1022 2546 iudici,
1046 2508 1178 2539 absolvi-

196 2555 261 2582 tur.
306 2549 396 2581 ldem
420 2551 488 2581 tere
519 2561 606 2582 nunc
631 2549 676 2581 fn.
724 2550 893 2590 Principes
923 2550 964 2580 ad
989 2560 1026 2580 se
1050 2551 1179 2590 rapiunt

196 2592 322 2625 reditus
358 2594 651 2632 monasteriorum,
685 2600 717 2624 et
752 2594 838 2624 bona
872 2590 1123 2631 Ecclesiastica‚
1147 2598 1179 2624 et

195 2636 251 2668 vix
286 2647 394 2679 pauca
429 2636 505 2667 (lant
541 2636 582 2667 ad
617 2646 699 2668 usus
723 2634 897 2667 Ecclesiae
916 2641 948 2666 et
972 2634 1178 2667 scholarum:

1433 1148 1622 1187 .L001
1672 1148 2001 1188 doctrinae.

1199 1216 1202 1240 i

1200 1246 1202 1262 ¹
1315 1248 1382 1279 {sta
1399 1249 1544 1279 narratio
1564 1254 1616 1279 est
1634 1248 1772 1289 primum
1792 1249 1900 1289 imago
1921 1257 2059 1278 monens
2079 1248 2120 1278 de
2140 1257 2211 1288 per-

1200 1290 1202 1304 '
1228 1300 1325 1322 versa
1361 1301 1442 1322 cura
1476 1301 1586 1323 rerum
1605 1291 1845 1332 praesentium,
1879 1296 1911 1321 et
1934 1290 1975 1322 de
1999 1289 2212 1333 neglectione

1228 1344 1336 1365 rerum
1360 1341 1580 1365 aeternarum.
1626 1333 1731 1364 Taxat
1755 1334 1841 1364 enim
1865 1344 2000 1364 coccam
2026 1340 2058 1364 et
2077 1332 2212 1374 profun-

1201 1377 1304 1416 Qdam
1338 1375 1427 1408 illam
1462 1378 1673 1408 securitatem
1707 1377 1738 1407 in
1761 1377 1878 1408 animis
1912 1375 2097 1414 hominum,
2132 1374 2211 1406 nihil

1230 1421 1424 1458 curantium,
1459 1431 1566 1461 neque
1590 1420 1806 1462 cogitantium
1830 1420 1870 1451 de
1894 1421 1961 1451 vita
1984 1425 2133 1457 aeterna,
2155 1421 2214 1452 wie

1229 1473 1305 1495 man
1332 1465 1434 1502 siltet,
1461 1465 1522 1495 das
1551 1464 1605 1495 die
1630 1466 1697 1495 leat
1712 1464 1812 1495 (talam
1830 1465 1934 1503 yelten
1951 1463 1983 1494 in
2003 1472 2116 1497 coeca,
2140 1472 2213 1504 pro-

1227 1505 1341 1545 funda,
1366 1512 1398 1538 et
1419 1512 1597 1538 veternosa
1620 1505 1822 1548 negligentia
1845 1507 1886 1538 de
1909 1505 2001 1544 Deo,
2026 1512 2058 1538 et
2081 1506 2124 1537 de
2146 1506 2214 1537 vita

1227 1555 1374 1581 aeterna.
1420 1548 1546 1581 Curant
1568 1548 1718 1581 homines
1740 1560 1795 1581 res
1818 1549 1920 1586 alias;
1948 1548 2004 1581 ille
2028 1548 2214 1581 delectatur

1227 1592 1473 1635 voluptatibuS,
1498 1592 1552 1624 hic
1576 1593 1709 1630 divitiis,
1732 1591 1816 1624 alius
1841 1592 2040 1631 ambitione,
2062 1594 2131 1624 und
2146 1602 2214 1624 was

1227 1637 1285 1668 des
1313 1637 1410 1676 dz'nys
1444 1638 1535 1668 mehr
1566 1639 1617 1668 ist.
1663 1635 1796 1668 Interim
1830 1634 2004 1678 negligunt
2037 1645 2094 1673 ea,
2127 1644 2214 1676 quac

1227 1680 1368 1711 maxime
1402 1690 1519 1711 curare
1552 1679 1727 1711 debebant.
1787 1681 1863 1711 Man
1896 1683 1969 1718 sayt
1999 1682 2092 1710 sonat
2120 1679 2214 1717 ancli,

1227 1725 1328 1755 Plura
1345 1726 1421 1755 sunt
1442 1722 1579 1765 πάρεργα
1603 1726 1636 1754 in
1659 1723 1739 1760 vita,
1772 1732 1868 1763 quam
1891 1723 1972 1763 ἔργα.
2017 1720 2060 1752 Et
2082 1720 2213 1752 Seneca

1227 1766 1347 1807 inquit:
1370 1766 1498 1805 Magna
1518 1776 1601 1806 pars
1613 1769 1697 1798 vitae
1709 1764 1845 1797 elabitur
1863 1766 1948 1797 male
1964 1765 2098 1804 offendo,
2110 1764 2214 1796 maior

1200 1829 1202 1854 i
1228 1811 1309 1841 m'ln'l
1330 1811 1465 1848 offendo,
1487 1811 1631 1841 maxima
1654 1809 1745 1841 aliud
1764 1810 1897 1848 ayenclo.
1942 1810 1989 1840 Ist
2011 1811 2062 1839 ein
2078 1808 2214 1839 seltener

1200 1859 1203 1892 ξ
1228 1856 1381 1891 sententz,
1401 1858 1433 1883 et
1457 1863 1476 1883 a
1499 1851 1611 1884 multis
1635 1850 1835 1884 celebratur.
1879 1849 1945 1882 Alii
1969 1849 2052 1881 male
2076 1850 2213 1888 faciunt,

1229 1896 1314 1926 sicut
1337 1894 1482 1926 fatentur
1504 1896 1583 1937 ipsi:
1606 1894 1747 1926 Multum
1771 1894 1890 1926 deinde
1912 1903 2103 1926 cessamus:
2126 1894 2213 1925 Nocln

1230 1942 1274 1971 ist
1292 1940 1352 1970 das
1374 1942 1423 1970 m'c
1443 1949 1480 1970 so
1502 1940 1573 1979 bos,
1606 1941 1656 1971 uls
1684 1940 1745 1969 das
1771 1940 1880 1976 Ietzte,
1914 1936 2124 1977 Suscipimus
2145 1945 2212 1966 non

1202 1991 1203 1996 ¹
1230 1982 1398 2019 mandata,
1424 1987 1456 2012 et
1466 1992 1533 2012 non
1553 1981 1756 2018 necessaria,
1779 1986 1812 2011 et
1835 1980 2023 2017 omittimus,
2047 1988 2133 2020 quae
2155 1988 2212 2010 no-

1230 2026 1282 2056 bis
1311 2025 1464 2056 mandata
1500 2030 1610 2062 erant,
1646 2030 1677 2054 et
1711 2024 1912 2054 necessaria.
1958 2021 2047 2053 Talis
2071 2028 2124 2053 est
2147 2022 2213 2052 vita

1231 2068 1374 2099 omnium
1407 2067 1590 2098 hominum:
1632 2068 1695 2098 Wir
1727 2067 1805 2098 sind
1831 2067 1893 2097 alle
1914 2076 1951 2098 so
1973 2068 2030 2098 coll
2051 2066 2119 2097 und
2139 2074 2212 2096 ner-

1202 2115 1205 2141 !
1230 2113 1333 2146 risela,
1367 2113 1425 2142 wie
1457 2111 1526 2142 ich-s·
1555 2120 1684 2142 nennen
1705 2112 1764 2141 col.
1810 2109 1938 2141 Sumite
1960 2106 2146 2149 exemplum
2170 2108 2212 2139 ab

1231 2153 1327 2186 aulis,

1304 2318 1421 2370 Quae
1452 2319 1661 2360 debebant,
1691 2333 1779 2360 esse
1824 2325 1893 2364 ἔργα
1937 2317 1978 2358 in
2009 2316 2108 2358 aulis
2120 2316 2138 2357 ’.ἶ

1316 2419 1459 2451 Primum
1483 2428 1601 2451 curare
1624 2418 1801 2457 debebant,
1824 2424 1860 2450 ut
1877 2415 1996 2459 religio
2019 2421 2111 2448 recte
2134 2426 2210 2448 con-

1203 2476 1208 2501 ι
1230 2464 1433 2500 stitueretur,
1456 2468 1487 2493 et
1509 2467 1546 2493 ut
1568 2462 1718 2493 homines
1741 2462 1773 2492 in
1797 2460 1959 2492 Ecclesiis
1981 2460 2035 2502 pie
2053 2460 2212 2491 doceren-

1203 2503 1207 2510 '
1229 2513 1292 2538 tur.
1337 2506 1368 2537 2.
1404 2504 1449 2536 Ut
1472 2505 1592 2536 iudicia
1620 2511 1712 2537 recte
1739 2515 1776 2536 re
1802 2510 1947 2542 crentur,
1983 2509 2016 2534 et
2039 2500 2213 2544 disciplina

1229 2553 1498 2581 conservaretur.
1543 2547 1574 2579 3.
1609 2546 1653 2579 Ut
1681 2516 1936 2579 defenffierentur
1970 2546 2110 2584 subditi,
2151 2546 2213 2577 das

1229 2594 1283 2625 die
1303 2596 1371 2626 leuc
1400 2592 1461 2631 bey
1489 2592 1584 2631 tried
1614 2592 1761 2623 erlzalten
1795 2591 1934 2623 werden.
1978 2589 2010 2620 4.
2044 2587 2089 2620 Ut
2112 2587 2212 2619 etiam

1230 2635 1293 2678 ipsi
1326 2632 1456 2667 collatis
1483 2644 1502 2664 a
1531 2632 1654 2676 populo
1688 2634 1859 2666 moderate
1891 2637 2071 2664 uterentur.
2118 2629 2213 2663 Haec
