2343 2970
118 168 183 202 825

119 263 288 300 abiectus,
322 267 356 293 tu
391 271 428 293 es
451 262 552 294 miser
581 268 614 293 et
643 261 815 299 sordidus,
849 261 942 293 Deus
973 266 1006 292 te
1035 270 1101 292 non

120 312 232 381 cui-jati,
261 307 322 338 das
351 306 468 345 yehorc
488 307 569 337 noch
591 307 670 337 alles
692 305 734 336 ad
758 303 1018 336 declarationem
1043 314 1101 335 vo-

119 359 160 382 ca
186 360 206 380 u
222 359 328 381 orum.

256 437 327 477 De
359 437 521 492 primo
553 437 662 478 loco
695 436 969 476 doctrinae.

206 519 350 551 Primum
374 519 428 551 hic
451 526 503 551 est
531 520 654 551 usitata
676 519 828 551 doctrina
850 518 1030 558 repetenda
1062 519 1103 549 de

118 562 297 596 miraculis.
351 563 413 594 Est
447 563 565 595 concio
598 561 812 604 Evangelica.
868 563 915 594 Er·
947 566 1021 601 Saye
1050 561 1104 593 Ιιὶε

117 607 225 639 nicht:
246 608 290 638 du
311 609 376 638 solt
395 608 482 638 nicht
503 608 614 642 stelen,
636 607 706 639 lod!
720 606 881 645 sefflayen,
904 615 1101 646 quamquam
1126 623 1129 654 ἶ
1214 653 1225 677 t

1155 658 1211 679 era
1248 654 1389 678 mortua.

117 648 176 681 illa
195 659 328 691 quoque
362 659 424 680 suo
458 648 535 681 loco
559 649 622 680 dici
653 654 795 690 oportet,
825 654 933 678 tamen
958 648 1012 678 hic
1035 657 1101 678 non

120 693 294 724 dicuntur:
317 693 381 723 imo
404 692 458 723 hic
482 691 610 723 tollitur
629 702 730 722 iuors-
776 689 937 722 Miracula
968 701 1102 721 narran-

118 741 172 768 tur
204 741 340 777 propter
372 741 441 766 tres
476 745 627 766 caussas.

120 779 264 810 ctrinae:
288 777 442 809 Ecclesia
465 780 521 810 leat
542 781 653 817 efyene
676 775 848 814 miracula,
872 787 957 818 quae
981 776 1102 808 Diabo-

119 820 173 853 lus
208 822 325 853 imitari
360 831 426 852 non
462 827 588 862 potest,
628 822 698 852 Der
735 822 858 859 Teuffel
887 822 953 851 lccm
986 822 1103 851 keinen

119 867 229 896 radten
251 866 498 904 aufferweclcen‚
525 865 603 897 uber
633 862 787 894 Christus
816 864 995 894 resuscitat
1018 873 1103 893 mor-

119 913 209 939 tuos·
276 907 405 938 Viduae
434 905 537 938 filium
567 911 652 945 trem
680 917 755 938 man
778 907 904 945 lzinuus,
927 907 1006 937 dass
1028 916 1103 937 man

119 954 151 982 ia
174 954 287 987 wisse,
316 952 395 982 dass
427 959 464 981 er
494 951 563 982 totle
592 953 650 981 ist:
682 951 735 981 leie
764 951 909 980 lcommen
931 950 984 980 die
1013 949 1103 979 servi

117 995 187 1025 und
206 1003 324 1032 sayen:
346 1003 388 1024 ne
411 993 459 1024 sis
478 992 640 1024 molestus
664 993 844 1033 magistra,
872 996 919 1023 sie
942 993 985 1023 is!
1005 994 1103 1023 seleon

117 1038 196 1074 todt,
219 1038 306 1068 (leun
333 1037 381 1068 sie
407 1040 550 1076 meinen,
585 1035 739 1066 Christus
775 1045 833 1075 Sey
861 1039 913 1067 em
940 1034 1104 1073 Medicus,

117 1081 177 1111 der
205 1080 394 1119 lebencliyen
423 1082 529 1111 leuton
556 1081 676 1118 helffen
703 1081 824 1117 lconne,
865 1079 925 1110 wie
947 1079 1007 1109 der
1030 1088 1104 1109 vers

116 1124 234 1155 lueis-et:

247 1182 451 1223 Sper-andum
464 1187 515 1214 est
529 1185 615 1221 vicis,
638 1191 702 1213 non
715 1186 766 1213 esc
785 1191 862 1222 spes
880 1183 946 1213 ulla
961 1183 1103 1222 sepultis.

203 1249 354 1281 Lazarus
378 1249 438 1282 suit
450 1249 600 1292 sepultus
624 1261 683 1292 per
701 1250 855 1288 triduum,
879 1255 987 1281 tamen
1007 1259 1102 1281 revo-

120 1299 216 1326 catur
238 1294 270 1324 in
294 1294 408 1324 vitam.

204 1336 330 1368 Natura
355 1342 407 1367 est
436 1336 607 1367 ordinata:
641 1342 673 1367 et
706 1335 773 1367 hoc
805 1336 913 1377 ipsum
947 1341 980 1366 et
1009 1335 1101 1366 testi-

116 1380 261 1412 monium
284 1380 324 1410 de
349 1378 421 1410 Deo
445 1379 528 1409 ordo
552 1385 700 1418 naturae,
734 1384 767 1409 et
791 1384 910 1416 tamea,
943 1378 1019 1419 quia
1044 1377 1100 1409 lto-

115 1423 220 1453 mines
245 1432 309 1452 non
334 1428 511 1452 moventur
535 1421 667 1459 ordine,
702 1422 845 1452 ostendit
869 1420 964 1452 Deus
992 1427 1099 1452 extra-

115 1464 282 1496 ordinaria
305 1469 337 1494 et
361 1463 532 1495 dissimilia
550 1470 699 1502 naturae,
725 1470 757 1495 et
779 1465 854 1495 ideo
873 1470 925 1495 est
947 1464 1099 1495 ordinata

114 1515 243 1545 natura,
266 1512 302 1538 ut
324 1508 587 1539 extraordinaria
600 1506 843 1550 intelligantur:
864 1508 940 1550 quia
956 1513 1099 1549 utraque

115 1551 236 1582 debent
270 1560 347 1581 esse
380 1551 568 1582 testimonia
603 1551 644 1581 de
677 1550 762 1582 Deo.
820 1550 890 1582 Nos
920 1549 1035 1582 furiosi
1067 1556 1098 1582 et

113 1593 288 1624 miserrimi
328 1592 477 1624 homines
516 1604 582 1625 non
621 1592 773 1625 volumus
808 1594 872 1624 ista
906 1594 1097 1634 adspicere:

122 1637 186 1668 We'r
207 1638 311 1668 solten
333 1639 420 1668 nicht
442 1646 478 1668 so
497 1639 587 1676 yrob,
610 1640 699 1668 sloltz
710 1638 778 1668 und
788 1637 987 1676 eiyensz'mu'y
999 1647 1098 1676 semu

115 1679 313 1711 deberemus
338 1689 525 1720 agnoscere
555 1680 811 1721 magnitudinem
842 1680 996 1711 bonitatis
1020 1680 1098 1710 divi-

114 1732 188 1754 nae.
234 1722 281 1753 lta
305 1721 465 1754 miracula
488 1723 627 1763 primum
661 1728 737 1753 sunt
763 1723 951 1753 testimonia
979 1723 1098 1754 doctri-

114 1775 196 1802 nae,
228 1765 322 1796 Deus
357 1764 427 1796 vult
462 1766 643 1797 doctrinam
678 1772 790 1796 extare
823 1766 853 1796 in
888 1775 1010 1806 genere
1040 1766 1098 1796 hu-

113 1818 231 1847 mano,
266 1814 299 1839 et
327 1809 452 1840 addidit
481 1809 669 1840 testimonia
692 1808 853 1846 illustria,
888 1815 923 1840 ut
953 1809 1098 1840 sciamus

113 1850 178 1883 hac
201 1850 307 1882 solam
331 1852 515 1883 doctrinam
539 1861 615 1882 csse
637 1862 657 1883 a
679 1850 765 1883 Deo.

202 1895 233 1924 Ξ.
279 1895 362 1926 Sunt
387 1895 575 1926 testimonia
597 1895 865 1935 promissionum.
905 1894 1099 1925 Promissio-

114 1947 175 1968 nes
195 1936 395 1978 pollicentur
418 1939 507 1969 bona
541 1944 677 1969 aeterna
712 1944 744 1969 ct
778 1936 981 1979 temporalia.
1026 1938 1098 1968 Nun

114 1980 186 2010 hats
208 1983 258 2010 eiu
282 1981 483 2018 discrimen,
519 1991 585 2012 non
621 1986 672 2012 est
700 1990 842 2012 necesse
872 1991 987 2011 omnes
1012 1991 1098 2012 mcr-

115 2029 192 2054 tuos
216 2025 423 2055 resuscitari:
447 2023 539 2055 Deus
564 2023 635 2055 vult
658 2034 717 2055 cos
746 2025 951 2055 restite-itare
981 2025 1012 2054 iu
1043 2035 1098 2055 ex-

115 2072 221 2097 tremo
244 2067 373 2097 iudicio.
419 2067 590 2099 Bonorum
607 2067 835 2108 temporalium
860 2073 910 2098 est
936 2068 1097 2107 quaedam

116 2108 362 2147 dissimilitudo,
387 2116 419 2140 et
442 2109 537 2141 Deus
569 2109 639 2141 vult
673 2121 750 2141 esse
785 2108 1097 2146 dissimilitudinem;

114 2162 181 2183 non
208 2151 276 2183 vult
301 2162 416 2183 omnes
436 2154 558 2194 pariter
582 2163 659 2184 esse
684 2154 825 2191 divites,
860 2151 1007 2184 valentes
1045 2164 1097 2184 ro·

115 2195 211 2231 bore,
233 2195 442 2236 corporibus,
466 2197 625 2234 masmim,
649 2195 702 2227 vel
728 2196 931 2229 Mavortios;
958 2197 1017 2227 sed
1044 2198 1097 2227 be-

114 2238 267 2268 neficium
287 2244 467 2276 aeteruum,
491 2239 522 2269 id
543 2246 604 2277 est,
628 2240 781 2270 remissio
806 2246 1033 2280 pet-catorum,
1065 2246 1096 2270 et

115 2281 182 2311 vita
202 2288 337 2311 aeterno
362 2282 447 2312 idem
472 2287 523 2312 est
541 2283 704 2322 oninium,
739 2283 793 2324 qui
827 2283 966 2313 credunt
991 2283 1021 2312 in
1047 2282 1096 2313 Fi-

104 2322 192 2354 ,lium
216 2323 291 2361 Dei,
315 2330 346 2355 et
369 2330 471 2365 agunt
496 2326 749 2365 poeniteutiam,
785 2332 815 2356 et
840 2326 904 2356 tide
929 2326 1095 2356 vivifican·

114 2372 178 2397 tur.
224 2367 295 2397 Etsi
321 2374 437 2408 postea
460 2368 492 2398 in
517 2369 584 2398 vita
613 2375 748 2400 aeterna
772 2370 866 2399 etiam
900 2375 993 2399 eruut
1024 2380 1094 2410 gra-

116 2410 177 2440 dus
202 2409 352 2450 gloriae,
387 2416 482 2441 erunt
516 2409 569 2441 alii
593 2410 665 2441 aliis
689 2411 961 2447 excellentiorem
985 2417 1093 2443 tamen

115 2452 312 2485 beneficium
336 2452 426 2490 illud,
451 2454 538 2494 quod
571 2460 620 2485 est
643 2454 833 2496 simpliciter
867 2456 1093 2486 net-essarium

116 2496 282 2533 omuibus,
305 2495 489 2537 aequaliter
511 2506 549 2527 se
568 2496 677 2527 habet.
725 2497 918 2539 Corporalia
942 2509 1006 2528 non
1037 2498 1093 2528 ha-

116 2538 193 2568 bent
219 2549 257 2568 se
281 2538 485 2578 aequaliter,
519 2546 627 2570 tamen
651 2541 748 2571 etiam
773 2542 947 2582 promissi«)
974 2541 1094 2572 benefi-

116 2581 241 2611 ciorum
256 2581 476 2622 corporalium
501 2588 552 2613 est
567 2582 740 2615 Ecclesiae
764 2585 851 2614 data.
898 2584 1094 2619 Quomodo?

115 2622 151 2654 ln
175 2634 311 2666 genere,
336 2625 367 2655 id
388 2631 458 2663 est,
481 2632 613 2667 oportet
643 2636 719 2658 esse
752 2625 882 2668 aliquos
897 2651 906 2666 ,
940 2628 995 2668 qui
1030 2627 1095 2658 siut.

675 735 703 772 l,
727 740 805 765 sunt
833 734 1020 764 testimonia
1047 734 1102 764 do·
1128 769 1129 774 ¹

800 165 1016 199 POSTILLA
1048 164 1448 198 MELANTHONJANA.

1118 2523 1123 2662 i

2066 165 2131 198 826

1155 259 1364 301 superstites.
1410 258 1487 290 ldeo
1511 258 1636 300 mitigat
1664 259 1761 289 nobis
1789 257 2011 290 calamitates.
2058 261 2132 292 Non

1155 304 1211 335 (lat
1234 301 1408 334 Ecclesiae
1432 307 1556 333 certum
1581 311 1717 343 regnum
1742 300 1795 332 vel
1820 302 1945 339 sedem,
1968 301 2053 333 sicut
2076 314 2132 344 po-

1154 345 1234 387 pulo
1259 345 1372 377 lsrael.
1419 343 1573 376 Ecclesia
1606 355 1672 375 non
1707 351 1758 375 est
1794 343 1959 375 collocata
1989 346 2019 375 in
2040 353 2132 377 certo

1154 389 1249 425 loc03
1272 394 1379 420 tamen
1404 389 1503 420 habet
1530 388 1768 429 promissiones
1801 389 1833 417 in
1864 398 2009 428 genere,
2044 389 2133 430 quod

1155 432 1275 463 alicubi
1301 434 1342 463 sit
1364 430 1531 469 sutura‚et
1550 432 1649 462 babet
1672 431 1923 472 promissiones,
1938 432 2027 472 quod
2040 431 2133 463 Deus

1155 476 1184 506 ei
1208 474 1286 506 velit
1310 476 1460 516 mitigare
1483 473 1707 508 calamitates,
1731 476 1822 505 iuxta
1849 473 1945 505 illud:
1989 474 2134 514 Recipiet

1155 518 1328 557 centuplum
1353 529 1416 548 cum
1442 518 1652 548 tribulatione.
1699 517 1796 548 Item:
1831 516 1924 547 Dabo
1958 519 2003 546 eis
2026 518 2134 547 docto-

1154 571 1228 599 rem,
1248 571 1360 600 panem
1383 565 1413 590 et
1436 572 1545 600 aquam
1576 572 1641 590 cum
1673 560 1884 594 tribulatione,
1909 566 1971 592 etc.
2012 561 2134 591 Merelct

1154 605 1214 634 das
1237 605 1425 635 discrimen.
1470 604 1537 635 lsta
1561 603 1677 635 mulier
1700 603 1752 634 bic
1777 610 1928 641 curatur,
1959 614 2044 644 quae
2067 615 2135 636 non

1434 647 1506 676 Dus
1529 647 1628 676 ander
1650 649 1692 676 ist
1726 648 1774 676 cin
1808 646 1904 676 holter
1937 647 2031 686 ἀὼς).-
2072 647 2134 679 Re-

1155 691 1327 722 suscitatio
1368 696 1518 721 mortuae
1554 690 1640 721 filiae
1681 696 1732 720 est
1766 690 2010 728 testimonium,
2044 690 2134 732 quod

1153 733 1209 765 ille
1250 733 1413 771 Messias,
1457 732 1513 764 ille
1546 733 1709 764 Dominus
1749 734 1792 764 sit
1831 734 2002 764 restitutor
2035 734 2135 773 vitae,

1155 782 1187 808 et
1221 776 1263 807 sit
1307 775 1386 808 illud
1421 786 1550 811 semen,
1590 786 1650 817 per
1695 777 1781 817 quod
1827 775 1921 808 Deus
1961 775 2039 808 velit
2079 777 2134 808 de-

1156 819 1224 851 lere
1254 825 1426 859 peccatum
1459 826 1491 850 et
1525 826 1687 857 mortem,
1716 828 1868 850 caussam
1905 826 1937 850 et
1970 819 2134 851 effectum.

1155 863 1225 892 Dus
1247 864 1290 891 ist
1312 863 1405 892 daria
1431 864 1610 901 anyezeiffi:
1632 862 1682 893 ἰΙιν
1704 862 1766 891 solt
1789 862 1894 892 beides
1917 863 2043 901 lernen,
2078 862 2134 895 ille

1155 905 1318 937 Dominus
1343 905 1414 937 vult
1436 907 1508 936 siue
1531 905 1599 936 ulla
1627 906 1831 936 dubitatione
1865 905 1984 937 tollere
2018 916 2136 947 pecca-

1155 955 1222 980 tum
1246 956 1276 979 et
1300 955 1451 981 mortem:
1475 949 1593 979 deinde
1623 947 1692 980 vult
1727 949 1759 978 in
1788 948 1852 980 hac
1876 950 1941 979 vita
1967 948 2135 990 opitulari,

1155 993 1246 1023 iuxta
1269 991 1366 1023 illud:
1412 991 1483 1021 Non
1511 993 1624 1021 mortui
1653 991 1825 1021 laudabunt
1856 996 1885 1021 te
1904 992 2046 1027 Domlne,
2070 999 2134 1024 etc.

1155 1034 1262 1064 Sallen
1284 1035 1364 1064 lente
1386 1036 1461 1069 sein,
1485 1042 1564 1066 tunc
1587 1041 1718 1076 oportet
1741 1045 1800 1066 eos
1826 1035 1954 1067 vivere:
1985 1036 2013 1066 si
2038 1046 2135 1076 opor-

1156 1084 1202 1109 tet
1231 1088 1290 1109 eos
1325 1079 1460 1117 vivere,
1495 1084 1627 1119 oportet
1657 1088 1734 1109 esse
1768 1078 1953 1110 mediocres
1988 1077 2134 1120 politias,

1156 1122 1383 1158 oeconomias,
1403 1121 1557 1162 hospitia,
1582 1122 1768 1162 ubicunque
1797 1122 1879 1159 sint,
1910 1124 1967 1150 wie
1995 1133 2063 1151 man
2087 1133 2136 1151 ar-

1155 1165 1322 1203 yumealz‘rt
1345 1175 1364 1195 a
1389 1165 1573 1196 Connexis:
1609 1164 1754 1193 Ecclesia
1786 1174 1905 1204 semper
1938 1166 2014 1194 erit.-
2046 1165 2135 1205 Eryo

1155 1217 1274 1246 ¹temper
1297 1211 1384 1237 eraut
1406 1207 1569 1241 Palmae,
1605 1209 1820 1237 oeconomiae:
1864 1208 1957 1240 Deus
1988 1209 2135 1240 servabit

1155 1249 1265 1292 aliqua
1284 1249 1438 1291 hospitia,
1461 1250 1572 1292 aliqua
1595 1250 1770 1282 domicilia.

1240 1296 1271 1324 ὅ.
1316 1293 1534 1325 Narrationes
1569 1293 1802 1325 miraculorum
1837 1301 1914 1326 sunt
1948 1295 2045 1326 etiam
2077 1295 2134 1326 do-

1154 1336 1259 1367 ctrina
1294 1337 1334 1367 de
1368 1336 1606 1378 applicatione3
1642 1335 1819 1375 videlicet,
1855 1339 1946 1379 quod
1980 1337 2135 1370 Christus

1153 1379 1225 1410 sine
1250 1380 1438 1411 discrimine
1461 1390 1557 1421 opem
1580 1379 1642 1411 fert
1672 1381 1824 1412 omnibus
1857 1382 1921 1412 fide
1943 1381 2134 1423 petentibus

1152 1421 1284 1461 auxilia,
1303 1423 1375 1454 sive
1398 1424 1464 1454 sint
1487 1423 1677 1462 cananaei,
1712 1424 1783 1454 sive
1806 1434 1846 1455 ex
1871 1423 1995 1465 populo
2019 1423 2134 1466 Israel,

1151 1466 1223 1496 sive
1247 1467 1434 1508 quicunque
1457 1467 1533 1497 sint.
1577 1466 1626 1496 Er
1649 1467 1712 1497 hele
1734 1469 1817 1496 seiae
1841 1468 1942 1507 reyel:
1964 1467 2050 1497 Dens
2074 1477 2135 1497 uon

1151 1512 1197 1538 est
1220 1513 1367 1548 acceptor
1384 1520 1599 1549 personarum.
1656 1510 1702 1539 Es
1735 1510 1833 1541 stellet
1867 1511 2058 1542 nominatim
2093 1511 2136 1543 (le

1150 1551 1233 1583 Filio
1257 1551 1319 1584 Dei
1354 1555 1386 1584 iu
1410 1552 1528 1584 Esaia:
1574 1552 1648 1582 Non
1683 1553 1829 1583 clamabit
1860 1555 1892 1584 in
1923 1555 2050 1594 platea,
2073 1564 2134 1584 non

1151 1596 1287 1634 accipiet
1307 1606 1490 1635 personam:
1503 1597 1535 1627 id
1549 1603 1614 1635 est,
1632 1597 1703 1638 ipse
1721 1603 1771 1628 est
1794 1597 1945 1640 aequalis
1970 1599 2133 1630 omnibus.

1359 1691 1469 1742 Quid
1501 1700 1562 1733 est
1606 1694 1927 1748 προσωποληψίαῗ

1238 1765 1296 1797 Est
1320 1767 1400 1798 dare
1423 1766 1576 1808 aequalia
1600 1767 1842 1809 inaequalibus,
1867 1768 1920 1799 vel
1945 1768 2133 1810 inaequalia

1152 1808 1358 1850 aequalibus,
1377 1810 1425 1838 als
1448 1820 1531 1839 wenti
1556 1812 1603 1839 ein
1625 1811 1718 1840 Furst
1737 1813 1832 1841 einum
1852 1811 2064 1844 Cubiculario
2088 1816 2131 1841 et-

1152 1852 1230 1881 lif-lae
1254 1856 1376 1881 tanseat
1396 1854 1430 1891 fl.
1450 1853 1611 1887 schem-kt,
1643 1855 1697 1894 qui
1722 1854 1925 1896 gratificatur
1949 1856 2020 1886 eius·
2045 1856 2131 1897 eupi-

1152 1896 1322 1933 «litantibus,
1344 1896 1409 1925 und
1431 1896 1485 1925 Ιιαί
1509 1898 1612 1936 iryeut
1635 1898 1721 1926 einen
1747 1898 1910 1932 Cantzler,
1946 1900 2033 1928 et'nen
2062 1899 2132 1928 red-

1152 1938 1251 1969 lichen
1274 1939 1434 1978 ydola-{en
1457 1950 1535 1979 mnu,
1558 1941 1622 1969 und
1644 1940 1702 1972 lese
1724 1941 1784 1970 (len
1804 1941 1938 1980 thuben,-
1963 1942 2024 1971 das
2052 1942 2133 1972 ltee'st

1151 1984 1337 2022 acceptatio
1371 1993 1608 2023 personarum:
1653 1983 1746 2015 Bene
1780 1986 1916 2016 merenti
1962 1996 2028 2016 non
2076 1987 2133 2017 dat

1152 2026 1355 2062 mercedem3
1379 2032 1410 2057 et
1436 2037 1501 2057 non
1526 2028 1673 2065 merenti,
1698 2027 1835 2058 multum
1860 2029 1930 2059 dat:
1956 2039 1992 2058 so
2015 2029 2132 2059 steca-ee

1151 2068 1207 2097 der
1230 2069 1373 2107 yedanrlt·
1395 2071 1426 2098 in
1450 2080 1522 2098 uns:
1546 2069 1639 2100 Deus
1664 2069 1762 2112 elegit
1787 2081 1868 2101 suos
1884 2094 1892 2109 ,
1923 2082 2007 2112 quos
2032 2072 2133 2103 habet

1151 2118 1329 2142 annotatos
1354 2113 1384 2143 in
1409 2111 1564 2143 fatalibus
1578 2111 1714 2144 tabulis:
1738 2113 1814 2144 illos
1838 2115 1964 2155 recipit.
2000 2115 2039 2145 Et
2063 2117 2131 2157 qui-

1151 2154 1223 2184 dem
1249 2165 1320 2186 cum
1346 2155 1470 2186 habeas
1494 2162 1642 2196 peccata,
1666 2167 1731 2188 non
1755 2164 1850 2197 potes
1875 2158 1986 2188 dicere
2001 2181 2009 2195 ,
2043 2159 2132 2200 quod

1148 2198 1270 2228 iniuste
1305 2204 1336 2229 te
1370 2200 1506 2230 reliciat.
1575 2200 1641 2230 Sed
1666 2206 1805 2240 postea,
1841 2211 1925 2229 wenn
1961 2201 2020 2230 das
2053 2202 2131 2231 dam

1149 2240 1272 2279 kemla:
1296 2240 1377 2273 Cum
1402 2241 1456 2273 ille
1474 2242 1656 2274 antefertur
1679 2244 1795 2280 nobis,
1825 2244 1878 2285 qui
1909 2245 2005 2275 etiam
2030 2243 2131 2275 habet

1149 2289 1299 2324 peccata,
1323 2291 1380 2316 aut
1403 2286 1527 2317 maiora
1553 2292 1692 2327 peccata
1717 2286 1840 2323 babet,
1876 2293 1910 2317 ut
1944 2286 2031 2318 tilius
2055 2298 2130 2327 pro-

1150 2328 1258 2367 digus,
1282 2334 1360 2358 tunc
1386 2329 1598 2369 indignantur
1622 2328 1788 2363 homiues.
1808 2330 1871 2358 und
1894 2330 2015 2359 werden
2040 2341 2130 2369 unqe-

1149 2370 1262 2408 dulei-q.
1312 2370 1408 2402 Pater
1432 2371 1487 2402 titii
1511 2373 1640 2413 prodigi
1667 2379 1697 2402 et
1722 2373 1776 2403 tilii
1803 2371 1941 2414 frugalis
1973 2380 2043 2404 erat
2074 2384 2129 2405 ae·

1148 2412 1267 2453 filialis,
1281 2413 1439 2455 diligebat.
1452 2422 1638 2451 utrumque.
1669 2417 1734 2445 sod
1749 2415 1803 2446 ille
1817 2415 1902 2446 alter
1915 2415 2001 2447 tilius
2015 2417 2130 2448 amittit

1150 2456 1411 2488 benevolentiam
1426 2459 1528 2498 patris
1553 2469 1612 2489 sua
1627 2460 1814 2495 invidentia,
1826 2469 1887 2488 suo
1902 2458 2006 2490 livore
2019 2466 2049 2490 et
2062 2471 2129 2490 nia-

1146 2497 1340 2530 levolcntia:
1358 2500 1513 2531 Erzslrnet
1527 2502 1599 2530 uber
1613 2502 1672 2530 den
1687 2506 1781 2533 fater.
1795 2503 1882 2541 quod
1898 2500 2033 2533 svau-em
2047 2503 2129 2533 rcci-

1146 2542 1224 2582 piat.
1255 2542 1425 2574 Debemus
1440 2543 1512 2575 Deo
1531 2546 1673 2575 tribuere
1692 2544 1923 2585 aequalitatem
1937 2546 2129 2577 universali-

1147 2592 1206 2619 ter,
1221 2587 1308 2626 quod
1325 2597 1403 2617 vere
1424 2594 1455 2617 et
1475 2586 1673 2617 horribiliter
1693 2588 1856 2618 irascatur
1874 2597 2027 2628 peccato,
2041 2590 2128 2620 sicut

1146 2634 1212 2660 tam
1224 2630 1527 2671 irasciturpeccato
1537 2629 1686 2663 Davidis,
1700 2640 1796 2671 quam
1809 2637 1949 2672 peccato
1959 2630 2082 2670 Saulis,
2095 2638 2128 2664 et
