2343 2970
79 180 143 212 289

78 284 139 304 non
158 275 217 303 erit
237 272 388 312 populns-3
409 273 468 301 erit
488 276 641 310 perpetua
652 273 794 306 vastitas,
813 270 905 302 Noclr
928 270 981 300 Ιιαι
1001 271 1061 300 das

79 317 168 346 volck
190 316 275 345 nicht
298 316 416 344 konnen
438 314 542 344 rathen.

165 359 237 401 Ego
272 369 336 390 non
379 358 478 388 miror
512 357 643 388 furores
689 357 812 388 nostris
846 357 1059 397 temporibus

79 403 148 434 Sed
172 402 374 433 debebamus
404 401 533 432 discere
562 401 595 431 in
626 399 757 430 illorum
782 398 950 440 exemplo,
975 410 1061 441 quae

79 446 121 477 sit
144 443 314 476 Ecclesia:
337 443 411 474 Non
438 453 627 474 moveamus
652 443 847 480 seditiones,
877 452 942 473 non
963 452 1060 484 qnae-

78 498 188 520 ramus
212 485 368 518 tumultus
394 485 567 524 bellorum,
596 496 663 517 non
688 486 872 528 cogitemus
901 484 1058 523 futurum,

77 537 112 562 ut
146 540 209 561 nos
245 529 429 561 Ecclesiam
477 530 715 560 constituamus
761 534 877 560 nostro
912 529 1058 559 arbitrio.

77 573 135 605 Sic
159 573 258 615 igitur
292 571 395 604 voluit
425 572 517 603 Deus
549 572 645 603 etiam
670 572 818 602 ludaicas
853 570 946 613 leges
982 581 1060 602 esse

77 615 233 654 abolitas,
262 621 294 647 et
316 614 391 646 illos
416 615 537 653 cultus,
572 625 611 646 ne
647 619 839 655 putarentur
871 624 948 645 esse
969 615 1061 645 iusti-

77 659 122 690 tia
147 669 257 691 coram
288 657 372 689 Deo.
430 658 508 690 Veri
533 657 642 689 cultus
674 664 751 689 sunt.
773 658 897 699 agnitio
922 663 954 688 et
977 657 1060 688 fides

77 702 297 743 acquiescens
321 702 352 732 in
366 701 560 733 Mediatore.
585 700 677 732 Haec
700 706 752 732 est
775 701 926 731 doctrina
949 700 1059 741 magni

76 745 244 776 momenti.
302 743 429 775 Discite
463 749 570 776 autem
605 743 804 775 solutionem
840 744 1059 775 communium

77 794 363 831 argumentorum:

171 856 319 885 Voluntas
341 855 405 884 Dei
427 859 472 885 est
494 854 713 884 inlnmtabz'lis:

164 899 226 928 Illa
250 902 318 927 erat
353 898 493 929 voluntas
517 898 589 934 Dei,
624 901 658 928 ut
676 899 723 927 ita
759 897 922 931 coleretur,
958 901 991 927 ul
1010 897 1062 926 lex

251 944 331 970 esset
353 941 444 971 talis:

164 984 252 1023 Eryo
276 987 344 1013 erat
366 983 579 1014 immuiabt'lc‘s:
604 994 665 1013 non
688 983 795 1014 debuit
814 983 924 1014 deleri.

165 1060 376 1102 Respondeo.
429 1061 579 1090 Voluntas
602 1060 665 1090 Dei
687 1065 732 1090 est
761 1060 971 1098 immutabilis,
997 1060 1061 1091 sic-

77 1109 113 1136 ut
133 1104 206 1145 ipsa
229 1105 387 1135 decrerit.
410 1103 536 1135 Minor:
561 1104 648 1133 Hae(-
671 1108 717 1133 est
740 1104 880 1133 voluntas
898 1103 973 1141 Dei,
999 1109 1059 1135 etc.

80 1146 204 1177 Verum
226 1153 294 1181 θεῖς
319 1147 379 1177 sed
402 1147 446 1177 ita
470 1147 616 1184 decreta,
640 1153 675 1178 ut
698 1147 741 1177 ad
762 1152 890 1187 tempus
908 1152 1061 1177 servetur

80 1187 135 1221 lla
159 1195 295 1220 externa
318 1190 524 1220 consuetudo
560 1190 677 1221 rituum
700 1189 879 1221 forensium
916 1196 947 1220 et
971 1199 1060 1220 cere-

77 1231 278 1263 monialium.
322 1231 421 1263 Aliud
446 1239 497 1263 est
521 1231 574 1263 lex
597 1231 748 1270 Moralis,
772 1243 858 1273 quae
881 1239 933 1264 est
956 1238 1060 1263 aeter-

78 1284 123 1306 na
159 1274 316 1306 voluntas
360 1276 391 1305 in
414 1275 501 1313 Deo,
533 1286 618 1317 qnae
653 1281 705 1306 est
734 1274 944 1307 immutabilis
974 1276 1060 1307 sicut

77 1316 171 1349 Deus
185 1325 237 1348 est
257 1317 478 1350 immutabilis.
515 1318 620 1349 Etiam
630 1318 715 1349 haec
739 1324 791 1349 est
815 1318 970 1350 voluntas
984 1317 1058 1355 Dei,

76 1366 113 1391 ut
127 1359 319 1391 Alexander
341 1367 474 1402 regnet:
498 1371 562 1393 nec
586 1367 763 1402 propterea
787 1362 947 1402 sequitur,
972 1361 1060 1402 quod

76 1402 304 1436 Alexandrum
328 1409 479 1444 oporteat
502 1414 633 1445 semper
658 1405 769 1436 vivere
792 1410 825 1435 et
847 1414 999 1446 regnare.

164 1446 312 1478 Potestis
347 1447 443 1478 etiam
475 1448 617 1478 caeteris
652 1448 782 1478 caussis
817 1446 944 1479 deletae
977 1446 1060 1487 poli-

77 1490 142 1521 tiae
165 1489 288 1521 addere
318 1490 424 1521 hanc:
454 1490 541 1531 quod
564 1490 657 1521 Deus
689 1489 829 1521 voluerit
857 1489 946 1522 illam
969 1489 1060 1521 dele·

76 1533 210 1570 tionem,
236 1533 456 1564 testimonium
483 1542 570 1571 esse,
594 1533 681 1574 quod
705 1534 877 1565 advenerit
899 1533 1059 1564 Messias:

79 1576 154 1616 quia
181 1573 242 1606 fuit
274 1576 493 1616 praedictum,
527 1577 615 1617 quod
649 1577 759 1608 adhuc
794 1583 904 1608 stante
934 1576 1060 1617 politia,

79 1618 269 1649 nasciturus
292 1625 382 1649 esset
404 1619 437 1649 in
459 1617 672 1657 Bethlehem,
702 1625 734 1650 et
758 1620 846 1661 quod
881 1620 912 1650 in
937 1618 1060 1661 templo

80 1659 379 1700 Hierosolymitano
415 1663 671 1693 concionatur-us
707 1668 809 1699 esset,
845 1669 876 1693 et
911 1663 1060 1694 editurus

80 1701 248 1733 miracula.
293 1702 423 1734 Diutius
446 1710 555 1734 autem
578 1705 642 1735 iam
665 1705 764 1736 iacuit
787 1705 994 1744 Bethlehem,
1029 1711 1061 1736 et

80 1744 325 1786 Hierosolyma,
348 1756 445 1786 quain
467 1747 555 1777 stetit
579 1754 686 1778 antea.

291 1911 600 1965 Lachrymae
648 1910 847 1952 Christi.

166 2026 233 2057 Iam
254 2027 363 2059 videte
386 2029 483 2059 etiam
506 2023 609 2064 πάθος
632 2027 687 2059 filii
712 2028 785 2059 Dei.
820 2028 943 2060 Textus
969 2028 1059 2060 clare

81 2067 176 2099 dicit:
202 2069 342 2099 Chr-istas
365 2070 572 2105 laelii-imanis,
604 2072 725 2100 intuens
746 2072 857 2100 urbem.
904 2070 1059 2103 Afficitur

79 2111 205 2153 ingenti
228 2111 354 2151 dolore,
377 2119 412 2145 ut
434 2112 550 2145 fundat
573 2112 772 2156 lachrymas.
809 2114 882 2146 Non
908 2121 957 2145 est
976 2114 1058 2146 haec

80 2155 258 2195 praecipua
294 2166 415 2187 caussa
437 2156 575 2195 doloris,
609 2158 697 2199 quod
723 2158 847 2198 cogitat
883 2158 923 2188 de
942 2159 1057 2198 patria,

79 2203 112 2228 et
131 2203 182 2228 est
205 2198 393 2239 φιλόπατρις,
417 2210 531 2230 amans
554 2201 695 2240 patriae:
720 2201 785 2238 vel,
809 2201 893 2232 sicut
914 2211 976 2231 nos
1001 2202 1057 2232 do·

78 2238 196 2277 lemns,
224 2251 297 2272 cum
320 2242 505 2283 cogitamus
539 2243 579 2274 de
602 2243 754 2275 Athenis.
800 2244 846 2274 lbi
881 2244 943 2274 iam
980 2251 1055 2275 sun-t

78 2282 209 2321 rudera,
233 2285 287 2316 ubi
312 2282 370 2315 fuit
395 2290 518 2316 tantum
542 2287 746 2325 eruditionis,
778 2293 903 2318 tantum
928 2288 1057 2328 sapien-

79 2325 143 2356 tiae
171 2332 234 2356 tam
265 2326 355 2358 multi
388 2334 595 2369 praestantes
634 2328 794 2361 homines.
842 2330 981 2365 Quando
1011 2331 1056 2361 in-

79 2373 207 2399 tuemur
230 2368 378 2408 Romam,
414 2382 477 2402 non
502 2382 677 2412 possumus
708 2384 772 2403 non
808 2372 933 2411 dolere,
968 2374 1054 2415 quod

79 2410 176 2441 etiam
200 2412 261 2442 iam
285 2423 366 2452 pene
390 2412 469 2444 nihil
493 2415 546 2452 sit,
581 2415 701 2446 collata
725 2417 766 2447 ad
796 2416 885 2447 illam
911 2412 1056 2447 veterem

78 2451 226 2484 Romam.

77 2496 266 2536 pontifices,
292 2497 495 2530 delectantur
517 2499 570 2532 illa
590 2503 713 2542 specie,
737 2501 851 2533 ludunt
865 2501 1055 2544 appellatio-

76 2539 183 2574 nibus,
218 2546 325 2572 tamen
357 2552 421 2573 non
457 2548 506 2573 est
540 2555 617 2575 vera
643 2544 756 2576 Roma.
803 2545 893 2577 ltcm.
924 2546 952 2576 si
983 2547 1055 2587 quis

76 2591 165 2613 nunc
177 2581 486 2626 Constantinopolin
503 2587 653 2619 intuetur.
677 2599 874 2630 quamquam
898 2596 973 2620 sunt
1002 2589 1056 2619 ad-

77 2624 141 2656 huc
177 2626 219 2656 ibi
255 2628 417 2666 aedificia,
454 2634 559 2661 tamen
594 2636 643 2661 est
679 2630 872 2663 deformata.
919 2632 977 2662 Est
1010 2632 1053 2662 sit

229 2695 414 2717 MEhANUloN.
430 2697 509 2717 OPER.
525 2698 586 2717 vol„
601 2700 669 2719 XXV.

764 175 981 208 POSTILLA
1011 174 1408 208 MELANrffloxlANA.

282 2455 435 2487 Retinent
474 2457 581 2489 adhuc
627 2458 713 2490 illam
748 2461 896 2490 umbram
932 2460 1083 2500 imperii*

2030 176 2094 206 290

1112 270 1335 312 pulcherrimo
1360 272 1390 302 in
1415 270 1504 309 loco,
1529 270 1629 302 habet.
1648 269 1756 302 adhuc
1781 269 1916 311 pulchra
1932 270 2093 308 aedilicia,

1112 321 1219 345 tamen
1243 313 1322 345 nihil
1347 321 1408 352 cst,
1432 315 1459 344 si
1483 314 1525 344 ad
1549 321 1693 345 veterem
1717 312 1991 354 pulchritudinem
2016 324 2095 345 con—

1112 357 1248 388 feratur.
1293 357 1320 388 Τ
1323 358 1391 388 urci
1415 357 1494 388 nihil
1519 364 1650 394 ornant,
1674 357 1798 386 ‚unchen
1822 368 1879 385 nm·
1899 361 2000 387 wisi-te
2034 356 2095 388 Hic

1113 406 1165 431 est
1195 399 1291 431 dolor
1324 401 1498 439 humanus,
1533 411 1630 442 quem
1666 401 1760 431 etiam
1806 400 1913 431 tribuo
1949 400 2092 431 Christo.

1114 443 1180 474 Sed
1215 443 1300 474 alius
1336 450 1388 475 est
1424 443 1519 475 dolor
1542 443 1676 480 Christi,
1715 454 1779 484 quo
1814 443 1885 483 ipse
1919 443 2096 484 praecipue

1114 493 1222 517 motus
1247 492 1308 518 est.

1084 582 1087 611 Ι

1115 651 1276 702 Quaero
1308 653 1347 692 in
1380 653 1563 706 passione
1588 651 1747 700 Christi,
1780 653 1848 706 qui
1880 652 1955 692 fuit
1986 667 2096 693 sum-

1084 755 1088 826 Ι
1472 744 1562 769 mus
1594 729 1735 769 dolor?

1204 847 1409 888 Responden-
1455 846 1583 878 Sensus
1607 847 1676 878 irae
1700 845 1762 877 Dei
1787 847 1948 878 adversus
1978 856 2095 887 pecca-

1114 897 1192 922 tum.
1240 891 1325 921 ldem
1351 889 1445 921 dolor
1468 896 1578 921 movet
1602 891 1631 921 ei
1655 900 1742 921 nunc
1766 890 1862 920 etiam
1893 889 2096 931 lachrymas.

1115 933 1288 964 Secundus
1312 934 1353 964 ab
1377 932 1443 963 hoc
1467 932 1562 964 dolor
1586 939 1649 971 est,
1680 933 1768 974 quod
1793 932 1881 964 dolet
1905 943 1999 964 suam
2021 943 2097 974 pas-

1114 977 1240 1007 sionem
1265 987 1331 1006 non
1351 977 1512 1017 prodesse
1536 975 1697 1017 plurimis:
1722 975 1811 1007 dolet
1830 977 2001 1007 maximam
2024 986 2096 1017 par—

1115 1027 1179 1050 tem
1204 1020 1335 1061 generis
1358 1020 1491 1050 hnmani
1515 1021 1634 1059 perire.
1658 1019 1805 1051 lntuetur
1816 1018 2096 1060 Hierosolymam,

1114 1061 1215 1101 dolet,
1239 1063 1326 1104 quod
1351 1063 1491 1093 maxima
1514 1073 1593 1103 pars
1614 1063 1747 1104 generis
1772 1062 1904 1093 humani
1929 1070 2040 1103 pereat
2065 1063 2097 1093 in

1084 1100 1201 1167 lonini
1235 1106 1437 1137 aeternitate.
1489 1105 1665 1148 Cogitate:
1700 1105 1735 1137 Si
1769 1106 1887 1137 intueri
1920 1116 2097 1147 possemus

1084 1171 1089 1179 .
1113 1150 1352 1187 aeternitatem,
1377 1154 1531 1190 quantum
1557 1148 1757 1187 doleremus,
1782 1149 1870 1190 quod
1889 1159 1974 1180 unus
1997 1149 2097 1180 homo

1113 1194 1245 1233 periret.
1292 1191 1360 1223 Sed
1383 1192 1428 1222 ita
1451 1190 1511 1222 feri
1541 1202 1673 1231 sumus,
1696 1198 1732 1222 ut
1755 1202 1795 1223 ne
1819 1192 1950 1234 quidem
1973 1193 2097 1235 cogite-

1113 1246 1186 1267 mus
1210 1236 1251 1266 de
1275 1235 1371 1266 nobis
1394 1235 1486 1276 ipsis.

1199 1277 1239 1309 Hi
1269 1279 1368 1318 igitur
1387 1276 1522 1308 dolores
1549 1284 1626 1309 sunt
1657 1278 1799 1309 omnium
1833 1278 1973 1309 maximi.
2019 1278 2096 1310 Sen-

1111 1322 1148 1352 tit
1171 1321 1252 1352 iram
1276 1321 1338 1352 Dei
1368 1321 1531 1352 adversus
1555 1331 1661 1363 genus
1695 1321 1885 1359 humanum,
1920 1328 1949 1352 et
1986 1332 2098 1363 quam-

1112 1375 1210 1405 quam
1234 1370 1391 1405 precatur
1422 1364 1454 1394 in
1489 1363 1547 1395 illo
1583 1374 1696 1402 sensu,
1733 1370 1764 1395 et
1799 1364 1950 1405 impetrat
1979 1365 2095 1407 generi

1112 1407 1256 1438 humano
1280 1405 1420 1438 salutern
1456 1413 1488 1438 et
1521 1406 1835 1446 reconciliationem,
1870 1413 1979 1439 tamen
2008 1407 2099 1440 dolet

1113 1449 1235 1482 multos
1259 1460 1323 1481 non
1343 1451 1495 1492 accipere
1525 1450 1612 1482 hanc
1636 1451 1786 1482 salutem.
1833 1450 1964 1482 Deinde
1992 1452 2096 1483 intue-

1113 1499 1165 1525 tur
1187 1493 1240 1524 hic
1269 1499 1393 1525 tantam
1422 1492 1660 1526 mtdtitudinem
1681 1504 1763 1525 suae
1786 1494 1895 1535 gentis·
1919 1495 2039 1535 perire,
2064 1500 2096 1526 et

1112 1547 1208 1568 ruere
1241 1537 1273 1568 in
1319 1542 1487 1568 aeternam
1522 1543 1678 1575 mortem,
1724 1547 1790 1568 non
1824 1537 1986 1577 prodesse
2029 1536 2096 1569 illis

1113 1590 1206 1612 suam
1229 1581 1427 1622 passionem
1473 1580 1550 1611 Non
1573 1580 1676 1612 simus
1707 1581 1751 1611 ita
1773 1580 1889 1618 ferrei,
1908 1581 1951 1612 ita
1975 1581 2096 1612 bestia-

1112 1623 1175 1661 les,
1207 1624 1252 1654 ita
1274 1624 1428 1662 indurati,
1461 1629 1496 1654 ut
1529 1634 1596 1655 non
1631 1624 1826 1666 cogitemus.
1872 1623 1939 1654 Ista
1973 1624 2096 1666 cogita-

1113 1667 1202 1698 tione
1225 1667 1354 1698 debetis
1389 1667 1573 1698 accendere
1608 1666 1758 1698 affectus.
1805 1666 1882 1698 Ideo
1918 1666 2095 1699 instituitur

1114 1709 1401 1747 commonefacito,
1424 1715 1459 1740 ut
1483 1710 1622 1741 accedat
1642 1710 1811 1751 cogitatiO,
1835 1715 1869 1741 et
1892 1711 2094 1752 cogitatione

1112 1753 1332 1783 incendantur
1365 1752 1515 1784 affectus.
1573 1751 1813 1794 Cogitationem
1860 1754 1957 1785 debet
1999 1755 2093 1795 sequi

1112 1797 1300 1826 conversim
1347 1795 1433 1826 {stae
1464 1793 1647 1836 profundae
1671 1801 1702 1826 et
1725 1796 1882 1828 ardentes
1900 1795 2094 1839 lachrymae

1112 1837 1233 1869 Christi
1257 1848 1323 1869 non
1347 1844 1422 1869 sunt
1450 1839 1721 1878 praetereundae.
1768 1838 1817 1869 Ex
1852 1840 1971 1880 quibus
1995 1851 2094 1881 appa-

1112 1887 1161 1912 ret
1185 1882 1295 1919 etiam,
1318 1881 1405 1922 quod
1431 1881 1583 1913 Christus
1607 1892 1673 1912 non
1696 1883 1739 1912 sit
1762 1882 1907 1914 Stoicus.
1950 1882 2092 1915 Contra:

1199 1949 1309 1978 Omnia
1333 1950 1423 1988 πάθη
1447 1954 1518 1980 sant
1542 1952 1672 1981 vitioso:

1084 1985 1087 2012 i
1196 1993 1234 2022 In
1259 1993 1384 2022 Christo
1407 1997 1477 2023 swzt
1500 1994 1598 2032 πάθη,
1618 1994 1758 2031 laetitia,
1777 1994 1880 2030 dolor,
1904 1996 1965 2033 ira,
1989 2006 2091 2025 amor:

1188 2034 1274 2075 Erqo
1294 2040 1363 2066 sunt
1388 2038 1510 2066 vitiosa.

1197 2112 1398 2154 Respondeo
1421 2114 1463 2144 ad
1482 2112 1660 2146 Maiorem:
1684 2115 1733 2146 Ne
1757 2116 1789 2146 in
1813 2114 2000 2146 hominibus
2024 2116 2091 2157 qui-

1111 2156 1184 2186 dem
1225 2163 1299 2187 sunt
1347 2157 1540 2197 simpliciter
1574 2158 1705 2195 xitiosa,
1739 2158 1799 2189 sed
1834 2169 1892 2199 per
1923 2159 2088 2189 accidens.

1109 2199 1269 2231 'l‘ranseat
1292 2206 1401 2231 tamen
1426 2200 1541 2231 Maior.
1591 2201 1700 2230 Οηιιιὶιι
1736 2197 1824 2240 πάθη
1858 2203 1888 2230 ιή
1919 2201 2091 2231 hominibus

1108 2246 1178 2272 szmt
1201 2244 1325 2281 vitiosa,
1346 2244 1403 2274 sed
1428 2254 1486 2284 per
1509 2245 1682 2280 accidens3
1718 2255 1783 2275 non
1813 2252 1921 2275 autem
1945 2246 1976 2275 in
1997 2244 2090 2276 Chri-

1108 2291 1171 2316 sto.
1227 2286 1464 2318 Bene-volentia
1496 2298 1575 2329 erga
1606 2295 1695 2319 tuum
1730 2294 1874 2329 patrem,
1911 2294 2003 2318 estne
2028 2298 2089 2319 suo

1108 2338 1230 2370 genere
1260 2330 1402 2361 vitiosa?
1447 2330 1521 2360 Non
1555 2337 1615 2361 est.
1662 2330 1718 2361 Sic
1750 2332 1925 2368 moestitia,
1956 2332 2088 2372 quando

1082 2370 1085 2396 Ι
1108 2371 1227 2414 aliquis
1252 2372 1341 2404 dolet
1360 2374 1392 2404 in
1415 2380 1531 2405 morta
1557 2381 1612 2405 aut
1637 2373 1825 2405 calamitate
1856 2373 1912 2404 filii
1936 2374 1997 2405 sui.
2022 2385 2087 2405 non

1082 2422 1159 2458 test
1184 2426 1305 2456 genere
1336 2417 1462 2448 vitiosa.
1521 2416 1614 2448 Deus·
1651 2428 1715 2447 non
1754 2423 1803 2447 est
1835 2417 1980 2448 Stoicus.
2027 2417 2089 2448 Est

1109 2457 1266 2497 mirabile,
1303 2461 1468 2501 quomodo
1503 2460 1640 2491 affectus
1677 2461 1771 2491 cadat
1807 2460 1837 2490 in
1872 2459 1990 2491 Deum.
2039 2460 2089 2491 Sit

1082 2530 1083 2536 ,
1108 2501 1269 2533 mirabile:
1294 2509 1324 2534 et
1349 2510 1455 2535 tamen
1475 2515 1588 2534 veruti·-
1609 2510 1669 2537 cst,
1695 2514 1770 2533 csse
1794 2503 1912 2534 inDeo
1936 2503 2086 2535 affor-tus.

1082 2545 1083 2548 ’
1108 2544 1213 2575 Homo
1239 2552 1289 2577 est
1320 2548 1428 2588 imago
1452 2546 1528 2577 Dei:
1559 2547 1647 2587 Ergo
1673 2548 1702 2577 in
1727 2546 1801 2577 Deo
1833 2553 1905 2578 suns*
1940 2546 1985 2577 illi
2010 2546 2086 2577 all‘e-

1080 2594 1190 2631 fctus.
1236 2588 1271 2620 ln
1306 2590 1412 2621 Adam
1441 2590 1499 2620 suit
1534 2600 1626 2621 amor
1660 2600 1739 2631 erga
1768 2589 1884 2627 Evam,
1919 2596 1951 2620 et
1986 2590 2086 2631 longe

1080 2631 1190 2674 {alius
1214 2642 1318 2671 amor,
1362 2644 1458 2674 quam
1488 2644 1569 2675 erga
1598 2634 1738 2665 arbores
1762 2639 1816 2663 aut
1847 2632 2011 2671 animalia,
2042 2644 2085 2674 qu

1935 2694 1963 2718 19
