2374 2985
210 176 255 208 35
845 175 952 206 PHtL.
977 176 1079 207 MEL.
1105 176 1291 207 SOEHPTA
1315 175 1576 208 EXEGETICA.
2172 178 2213 209 36

212 270 432 311 opinionibus,
457 268 508 300 vel
534 270 564 299 in
590 268 819 310 applaudendo
845 268 938 299 salsis
961 270 1183 310 opinionibus:
1239 269 1352 301 babuit
1380 271 1578 312 agnitionem
1604 270 1674 301 Filii
1699 270 1771 300 Dei.
1827 270 1866 301 Et
1897 271 1981 301 sicut
2005 272 2036 301 in
2060 270 2122 302 bac
2146 273 2213 303 vita

211 313 328 344 dein-te
352 313 383 343 in
407 311 590 349 calumniis,
614 313 734 353 quibus
758 318 849 342 rccte
873 314 902 342 in
928 314 1046 342 tradita
1070 313 1185 353 ‹lepra-
1240 312 1408 354 colligitur
1431 312 1585 344 Ecclesia
1614 323 1673 354 per
1696 314 1948 353 promissionem
1973 314 2081 345 datam
2104 314 2211 345 Abra-

210 361 330 387 vantur
352 362 384 386 et
407 361 648 396 pervertuntur.
701 355 759 385 Est
790 354 843 384 bic
866 355 1073 385 manifestum
1096 355 1184 385 testi·
1237 355 1314 386 hae:
1347 356 1391 386 ita
1419 355 1464 386 illi
1493 357 1624 387 tandem
1649 356 1729 386 fiunt
1752 356 1921 387 haeredes*
1939 357 2024 387 vitae
2045 362 2212 395 aeternae,

210 398 369 436 monium,
407 399 493 439 quod
517 398 645 428 animae
675 398 784 428 xivam
813 403 887 437 post
918 404 1073 433 mortem3
1107 398 1183 438 quia
1237 399 1291 439 qui
1315 398 1488 430 discedunt
1512 400 1542 429 in
1568 398 1631 429 tide
1655 399 1883 439 promissionis
1912 398 2022 430 factae
2044 399 2213 438 Abrahae,

210 441 327 471 «licitur
357 441 448 471 dives
481 440 536 471 ille
564 441 678 469 lvzmsse
708 440 814 469 ‹ic-ulos
843 452 914 469 snos
936 442 967 468 in
990 441 1130 477 infmno,
1155 444 1185 469 et
1236 441 1302 472 hoc
1326 447 1393 478 est,
1427 443 1481 482 qui
1506 441 1626 472 habent
1651 442 1745 472 tidem
1775 442 1806 472 in
1835 442 2067 480 mediatorem,
2105 441 2212 484 qualis

210 484 325 512 vidisse
348 483 503 512 Abraham
527 495 544 511 ιι
569 483 667 522 lnnyv.
725 483 763 513 Et
795 484 942 519 additur,
971 482 1054 521 quod
1077 493 1183 512 ‘’aferu—
1235 483 1295 515 suit
1314 485 1346 514 in
1370 483 1549 515 Abraham.

211 528 311 555 elutus
334 528 385 556 sit.
422 526 485 557 l'er
509 526 669 557 internum
684 524 907 566 intelligamus
930 524 1037 556 locum
1052 526 1184 557 damna·
1320 526 1564 558 Describuntur
1587 532 1694 557 autem
1718 525 1772 556 hic
1794 525 1868 558 loca
1893 527 2048 558 distincta
2079 527 2211 559 (lamna-

209 574 324 600 torum.
1235 574 1342 600 torum
1366 574 1399 600 et
1423 571 1610 605 beatorum3
1635 570 1710 609 quia
1734 569 1865 600 dicitur:
1890 570 2034 609 Mnfflmm
2054 570 2148 599 chaos
2167 575 2212 599 est

296 611 390 646 Quod
422 617 530 641 autem
561 611 727 642 cruciatus
759 611 988 640 describuntur
1016 611 1183 642 mentione
1235 614 1316 641 [uter
1338 623 1394 641 nos
1417 616 1446 641 et
1468 623 1530 640 vm.
1589 612 1664 642 ldeo
1695 612 1863 652 disputant
1892 613 2008 653 aliqui,
2043 614 2210 654 quomodo

208 653 291 691 sitis,
315 653 536 689 ssammarumg
559 660 600 691 et,
625 655 710 695 quod
737 652 821 683 oculi
847 659 876 684 et
902 651 1013 695 lingua
1037 654 1184 685 tribuun-
1236 654 1379 696 colloqui
1403 656 1533 696 possint
1556 656 1641 685 inter
1671 664 1707 685 se
1738 656 1824 685 beati
1854 660 1886 685 et
1915 656 2067 686 damnati.
2123 654 2210 686 Nihil

208 701 260 727 tur
294 697 435 728 animae:
471 697 523 727 isti
559 702 634 726 sunt
669 697 800 737 figurati
834 706 1025 733 sermones,
1061 696 1182 737 quibus
1234 704 1368 729 movent
1399 708 1450 728 me
1480 699 1563 728 istae
1595 698 1747 728 curiosae
1776 698 2026 738 disputationes.
2082 697 2211 729 Recitat

207 744 407 779 usurpantur
446 738 613 770 vocabula
649 739 876 769 conuenientia
909 739 1105 779 corporibus
1139 740 1182 770 ad
1235 739 1389 772 Christus
1424 750 1596 771 sermones
1632 741 1731 778 istos,
1764 747 1799 771 ut
1834 741 1993 781 exprimat
2029 747 2060 771 et
2091 740 2210 772 r‘efutet

206 781 445 823 significandas
468 783 618 813 actiones
641 783 777 813 animae.
1235 784 1470 825 cogitationes,
1494 789 1523 813 et
1548 783 1709 813 desideria
1733 783 1969 814 damnatorum.
2015 782 2055 813 lli
2079 790 2156 814 sunt
2177 784 2210 822 in

293 823 390 855 Haud
408 825 505 855 dubie
523 825 740 865 gravissimae
757 833 884 864 poenae
900 823 1080 855 inferorum
1093 830 1182 862 sunt,
1234 826 1364 867 magnis
1407 825 1595 863 doloribus,
1637 832 1669 856 et
1701 826 1849 868 cogitant
1882 825 1956 857 aliis
1996 826 2080 857 bene
2121 835 2210 864 esse,

205 865 384 897 horribiles
419 868 586 898 cruciatus
621 868 652 897 in
683 867 904 903 conscientia,
935 873 967 898 et
990 876 1112 898 sensus
1136 868 1182 898 iu·
1234 874 1267 899 et
1291 868 1416 900 vellent
1440 869 1501 909 ipsi
1525 869 1587 899 sibi
1617 878 1749 909 quoque
1779 870 1863 899 bene
1891 878 1984 904 esse3
2018 869 2113 909 quia,
2147 869 2210 899 etsi

207 909 301 946 dicii,
332 915 364 939 ct
399 909 467 940 irae
504 910 632 940 divinae
667 909 830 947 infinitae,
865 909 954 940 sicut
988 910 1107 940 dicitur
1141 910 1182 941 de
1234 911 1351 942 ardent
1375 910 1524 943 horribili
1548 911 1623 942 odio
1648 910 1728 949 Dei,
1752 917 1860 942 tamen
1884 918 1999 952 optant
2022 911 2084 942 sibi
2108 921 2211 951 posse

205 952 326 992 impiis:
353 952 414 985 Qui
435 963 495 981 non
518 953 618 981 credit
641 954 672 981 in
697 952 818 986 Filium,
842 954 891 980 ira
910 952 973 981 Da·
995 963 1086 991 snper
1106 963 1179 982 enm.
1233 954 1337 985 levari
1360 954 1548 985 tristissima
1571 964 1632 985 sua
1654 953 1750 985 mala.
1790 954 1886 985 Hunc
1909 954 2062 985 affectum
2086 954 2210 985 descri-

204 992 284 1025 Illos
310 995 493 1032 cruciatus.5
516 996 569 1035 qui
599 1006 664 1025 non
693 1000 833 1036 possunt
862 995 1097 1035 comprehendi
1127 1005 1181 1027 co·
1233 997 1281 1028 bit
1304 995 1458 1027 Christus
1481 998 1544 1027 isto
1567 1007 1739 1034 sermone,
1770 1007 1835 1027 non
1865 998 1953 1038 quoil
1984 995 2031 1028 illi
2054 997 2103 1027 sic
2125 998 2209 1028 inter

204 1037 382 1078 guadone,
413 1038 601 1068 describunt
630 1038 753 1068 Sacrae
777 1036 892 1068 literae
914 1038 1064 1078 figuratis
1087 1037 1180 1069 locu·
1233 1049 1271 1070 se
1290 1038 1529 1081 colloquantur.

204 1080 365 1116 tionibus,
399 1090 483 1121 quae
513 1086 589 1110 sunt
619 1080 834 1121 Metapborae
858 1086 1009 1120 sumptae
1032 1091 1050 1111 a
1075 1081 1180 1121 signis
1320 1082 1428 1122 Saepe
1451 1082 1602 1112 homines
1625 1083 1721 1113 etiam
1744 1083 1775 1112 in
1800 1081 1862 1112 bac
1886 1083 1962 1120 vita,
1985 1082 2017 1112 in
2038 1083 2126 1112 veris
2151 1081 2208 1112 do-

203 1121 427 1160 sensibilibus,
450 1129 481 1153 et
504 1123 604 1153 rebus
628 1121 873 1164 corporalibus:
896 1129 946 1161 ut,
971 1134 1045 1154 cum
1070 1123 1181 1154 Domi·
1233 1123 1379 1162 loribus,
1413 1125 1559 1155 sentiunt
1587 1130 1719 1165 gustum
1748 1123 1878 1155 illorum
1905 1124 2089 1156 affectuum.
2142 1124 2209 1156 Sed

203 1175 266 1196 nus
288 1165 405 1205 inquit:
440 1166 488 1195 Ite
515 1167 546 1194 ίη
569 1167 668 1204 {quem
691 1170 863 1196 aeternum:
897 1165 991 1198 Item:
1024 1166 1182 1195 Proin-ite
1234 1172 1343 1198 tamen
1374 1167 1429 1198 vix
1464 1177 1568 1207 parva
1601 1165 1730 1207 guttula
1764 1173 1840 1197 sunt
1869 1167 2004 1198 dolores
2028 1166 2073 1197 illi
2098 1165 2209 1198 collati

204 1217 268 1236 eum
290 1209 322 1236 in
347 1208 488 1237 tenebras
511 1211 699 1246 nrto‘riores,
727 1209 779 1237 ubi
806 1209 918 1238 horror
941 1213 987 1238 est
1009 1213 1038 1237 et
1061 1209 1182 1238 stridor
1232 1210 1274 1241 ad
1300 1208 1381 1240 illud
1404 1219 1495 1240 mare
1517 1210 1710 1240 immensum
1733 1219 1892 1249 pavorum
1915 1215 1948 1240 et
1967 1210 2208 1240 consternatio-

203 1250 349 1281 dentium.
395 1250 583 1292 Prophetae
607 1252 776 1283 nominent
800 1262 922 1280 vermem
945 1252 1149 1282 arrodentem.
1233 1263 1310 1283 num
1334 1253 1366 1283 in
1389 1258 1550 1293 perpetua
1574 1252 1792 1282 damnatione.
1831 1250 1951 1293 Cogita
1973 1253 2069 1289 enim,
2089 1258 2210 1292 quanta

1232 1295 1318 1326 haec
1340 1305 1395 1326 res
1420 1296 1480 1333 sit,
1505 1296 1594 1336 quod
1617 1300 1769 1326 creatura
1791 1300 1949 1335 perpetuo
1973 1295 2016 1326 sit
2039 1295 2168 1326 abiecta
2190 1304 2210 1325 a

1232 1338 1324 1376 Deo,
1347 1343 1378 1369 et
1401 1338 1490 1379 quod
1514 1338 1613 1368 homo
1637 1338 1677 1368 sit
1706 1337 1814 1368 hostis
1843 1337 1905 1368 Dei
1935 1338 1967 1367 in
1996 1338 2082 1368 omni
2105 1343 2209 1368 aeter-

1232 1382 1350 1418 nitate,
1374 1387 1405 1412 et
1429 1381 1515 1422 quod
1540 1380 1633 1412 Deus
1657 1381 1718 1421 ipsi
1741 1380 1889 1411 vicissim
1909 1381 1950 1410 sit
1968 1380 2085 1411 hostis.
2121 1378 2210 1410 Nihil

398 1431 508 1481 Quid
541 1438 602 1472 est
633 1432 740 1471 Sinus
772 1432 994 1472 Abrahae-p
1233 1424 1372 1465 cogitari
1402 1430 1457 1454 aut
1485 1424 1547 1454 dici
1576 1423 1702 1454 tristius
1731 1428 1856 1464 potest:
1890 1422 2022 1453 Diaboli
2046 1423 2154 1453 sciunt
2178 1427 2209 1453 et

565 1462 571 1471 ⁴
723 1462 728 1471 ³
980 1466 987 1471 '
1231 1465 1421 1508 intelligunt
1444 1476 1530 1497 nunc
1552 1464 1662 1507 aliquo
1686 1466 1803 1502 mod03
1827 1464 1974 1496 similiter
1996 1466 2138 1496 damnati
2151 1463 2209 1495 ali-

1232 1520 1297 1550 quo
1321 1510 1419 1540 modo
1443 1510 1598 1540 sentiunt.
1635 1509 1701 1539 Sed
1724 1509 1855 1550 quando
1879 1507 2082 1539 revelabitur
2104 1513 2209 1538 extre-

1231 1563 1318 1583 mum
1343 1552 1513 1590 iudicium,
1536 1558 1604 1583 tum
1626 1552 1755 1582 demum
1779 1550 2032 1582 cumulabuntur
2054 1557 2209 1581 aeternae

1231 1605 1373 1635 poenae,
1404 1605 1541 1635 quarum
1565 1595 1756 1635 magnitudo
1780 1604 1845 1624 non
1877 1599 1985 1634 potest
2014 1594 2125 1624 verbis
2154 1603 2208 1624 ex-

1231 1638 1336 1678 primi.

1318 1680 1411 1711 Haec
1444 1680 1551 1710 monui
1585 1679 1747 1710 hactenus
1777 1678 1818 1709 de
1848 1677 2039 1714 vocabulis;
2069 1687 2209 1719 quorum

1233 1722 1410 1764 explicatio
1433 1721 1530 1753 simul
1554 1728 1603 1753 est
1629 1721 1903 1753 connnoncfactio
1928 1722 1969 1752 de
1992 1721 2092 1751 rebus
2117 1721 2208 1761 ipsis-

288 1522 500 1563 Respondeo.
546 1522 607 1553 Est
629 1521 684 1553 ille
708 1528 831 1560 status,
861 1523 893 1553 in
917 1533 982 1564 quo
1007 1523 1178 1555 disceden-

202 1570 252 1597 tes
276 1575 316 1596 ex
339 1566 402 1596 bac
425 1566 491 1596 vita
514 1566 545 1595 in
571 1566 634 1596 tide
659 1566 851 1596 Mediatoris
874 1565 995 1597 habent
1023 1567 1178 1598 laetitiam

202 1614 235 1640 et
257 1608 375 1645 vitam,
398 1608 489 1639 iuxta
511 1609 764 1648 promissionem
787 1608 908 1639 iactam
932 1609 1101 1640 Abrahae.

1203 1563 1209 1589 Ι

287 1667 349 1698 Hic
383 1673 514 1708 oportet
548 1677 609 1697 nos
639 1674 752 1698 tenere
781 1678 987 1699 communem
1011 1668 1099 1700 illam
1123 1669 1180 1700 do-

203 1711 358 1748 ctrinam,
383 1721 468 1751 quae
492 1720 593 1751 saepe
617 1710 699 1741 alias
723 1712 890 1751 repetitur,
909 1712 997 1752 quod
1021 1713 1105 1743 siout
1129 1718 1180 1742 est

202 1764 267 1784 una
298 1751 367 1791 lex,
403 1763 487 1794 quae
510 1754 631 1784 iudicat
656 1759 813 1793 peecata,
848 1760 879 1784 et
902 1764 1000 1785 unum
1025 1755 1179 1786 iudicium

202 1796 264 1827 Dei
299 1797 451 1827 omnibus
486 1797 706 1837 temporibus,
741 1807 805 1837 quo
835 1796 989 1827 irascitur
1017 1797 1178 1838 peccatis,

204 1845 236 1870 et
265 1840 369 1870 sancti
400 1849 466 1869 non
495 1845 571 1869 sunt
599 1837 668 1870 ullo
696 1850 839 1880 unquam
864 1844 1013 1880 tempore
1037 1850 1077 1870 ex
1100 1839 1178 1881 lege

204 1880 335 1912 salvati:
368 1882 417 1912 sic
448 1892 512 1913 una
543 1888 575 1912 et
598 1882 712 1912 eadem
737 1887 786 1912 est
810 1882 986 1922 promissio
1005 1882 1179 1924 Evangelii
1279 1905 1312 1943 L
1483 1904 1511 1943 d
1618 1903 1641 1926 .·
1827 1903 1852 1925 .·
1930 1902 1936 1909 ·
2016 1902 2044 1941 l·
2118 1901 2125 1908 ·

203 1925 244 1955 de
278 1923 430 1961 Christo,
465 1935 562 1965 quam
597 1925 785 1965 quicunque
816 1924 880 1956 fide
909 1932 1127 1966 acceperunt,
1157 1926 1178 1957 ii
1327 1919 1445 1944 oeus
1519 1910 1742 1944 octllnae
1780 1916 2006 1957 pllnelpa
2036 1916 2074 1941 ¹3
2116 1916 2161 1941 ln

203 1966 406 1998 reconciliati
439 1973 512 1998 sunt
544 1966 635 2004 Deo,
669 1974 701 1998 et
729 1966 806 1998 sacti
836 1973 911 1999 sunt
942 1968 1014 1999 Filii
1042 1968 1124 2007 Dei,
1147 1974 1179 2000 et

201 2009 365 2041 haeredes
388 2010 474 2040 vitae
496 2016 662 2041 aete-snae.

288 2060 331 2091 Ut
362 2061 460 2102 igitur
490 2061 597 2091 Adam
626 2067 677 2092 est
706 2060 857 2092 salvatus
880 2062 991 2092 audita
1012 2061 1076 2093 hac
1099 2072 1178 2094 con-

203 2104 316 2135 cione:
350 2104 456 2133 Senum
487 2104 622 2133 mulieris
650 2108 787 2133 conteret
814 2108 910 2143 eaput
932 2107 1097 2143 serpentis:
1122 2105 1179 2137 Sic

204 2145 372 2177 Abrabam
396 2153 445 2177 est
471 2145 620 2177 salvatus
644 2148 808 2187 agnitione
833 2153 863 2177 et
887 2147 951 2177 tide
976 2148 1114 2186 Christi,
1138 2149 1179 2180 de

205 2200 269 2231 quo
295 2190 371 2220 data
395 2196 443 2220 est
469 2190 498 2219 ei
523 2190 716 2229 promissio:
739 2190 776 2218 In
799 2192 909 2218 semitm
932 2194 984 2219 1110
1003 2191 1179 2220 benedicen-

206 2237 255 2261 tur
285 2242 387 2261 omnes
415 2237 529 2271 mutes.
578 2232 702 2263 Eodem
727 2233 824 2263 modo
849 2239 881 2263 ct
905 2234 1047 2271 caeteri,
1078 2234 1180 2265 omni-

204 2276 267 2306 bus
291 2276 496 2315 temporibus
520 2281 593 2306 sunt
620 2274 753 2312 salvati,
776 2282 809 2305 ut
830 2274 947 2306 Petrus
965 2277 1082 2317 inquit:
1108 2276 1179 2306 Cre-

1538 1982 1628 2020 hac
1668 1979 1889 2020 historia.

1319 2089 1520 2130 Praecipuus
1554 2093 1662 2119 autem
1697 2086 1792 2118 locus
1827 2093 1896 2124 est,
1931 2096 1972 2117 ne
2004 2085 2208 2116 offendamur

1232 2130 1392 2163 scandalo
1416 2131 1544 2168 crucis,
1566 2141 1630 2171 quo
1654 2128 1806 2160 Ecclesia
1828 2130 1860 2160 in
1884 2129 1946 2160 hac
1969 2129 2035 2159 vita
2058 2134 2108 2159 est
2130 2129 2207 2159 sub·

1232 2176 1319 2206 iecra
1352 2175 1481 2216 magnis
1515 2180 1548 2205 et
1580 2173 1728 2203 tristibus
1753 2173 1934 2204 aerumnis:
1959 2182 2020 2203 nec
2042 2178 2206 2212 putemus,

1232 2224 1290 2249 aut
1313 2216 1502 2249 Ecclesiam
1524 2226 1590 2247 non
1614 2225 1690 2246 esse
1719 2225 1818 2246 curae
1842 2214 1932 2252 Deo,
1960 2221 2015 2246 aut
2038 2224 2104 2244 non
2129 2223 2206 2245 esse

1233 2261 1409 2291 discrimen
1431 2259 1615 2296 hominum,
1643 2264 1820 2299 propterea
1850 2259 1939 2298 quod
1966 2256 2022 2288 illa
2051 2266 2128 2297 pars
2152 2266 2206 2297 ge-

1234 2304 1321 2335 neris
1345 2303 1489 2340 humani,
1513 2311 1598 2343 quae
1622 2302 1739 2332 dicitur
1761 2299 1925 2338 Ecclesia,
1948 2307 2000 2331 est
2022 2300 2055 2330 in
2078 2299 2207 2330 maiori·

1235 2348 1295 2379 bus
1318 2346 1500 2382 aerumnis,
1523 2354 1620 2385 quam
1643 2343 1802 2385 reliquum
1827 2353 1931 2384 genus
1953 2342 2140 2374 humanum.

1319 2389 1415 2420 Ratio
1438 2389 1579 2419 humana
1601 2386 1701 2418 valde
1728 2387 1897 2423 turbatur,
1927 2386 2059 2427 quando
2082 2384 2208 2425 quaerit

1234 2433 1275 2463 de
1297 2431 1524 2474 providentia,
1550 2440 1623 2460 cum
1648 2436 1769 2460 tantam
1795 2427 2023 2460 confusionem
2047 2428 2135 2458 videt
2158 2437 2207 2457 re-

1232 2486 1303 2506 rum
1333 2475 1562 2506 humanarum:
1586 2473 1619 2502 id
1639 2479 1703 2510 est,
1727 2472 1815 2513 quod
1840 2472 1935 2502 bonis
1958 2469 2062 2508 male,
2086 2476 2117 2501 et
2139 2479 2206 2500 me-

1233 2516 1273 2548 lis
1296 2519 1379 2549 bene
1402 2522 1463 2548 est.
1508 2515 1586 2546 ldeo
1609 2515 1772 2556 Epicurus
1795 2514 1846 2545 sic
1868 2519 2130 2555 argmnentatur:

205 2317 305 2347 dimus
337 2328 394 2347 uos
427 2320 558 2351 salvari,
594 2320 674 2347 .ςίνυί
705 2322 813 2357 patres
843 2320 944 2347 nostri
965 2319 1079 2348 salvati
1099 2324 1179 2355 emit,

199 2370 260 2399 per
281 2362 416 2399 qratiam
438 2361 567 2389 Domini
588 2363 688 2390 nostri
709 2362 778 2390 Iam
803 2361 931 2391 Christi.

290 2403 398 2444 Atque
422 2403 505 2435 haec
529 2410 579 2434 est
604 2405 686 2435 ratio
709 2403 941 2445 appellationis
964 2403 1072 2443 huius,
1091 2406 1180 2446 quod

206 2451 335 2476 coetum
362 2447 531 2477 beatorum
556 2445 709 2477 Christus
733 2448 879 2478 nominat
906 2449 1003 2476 sinum
1026 2448 1179 2483 Abrahae,

206 2487 331 2519 scilicet
359 2490 434 2530 quia
464 2489 639 2520 credentes
668 2491 772 2520 verbo
796 2496 825 2520 et
850 2491 1059 2531 promissioni
1083 2491 1180 2522 datae

206 2530 379 2568 Abrahae,
414 2531 534 2563 habent
559 2533 658 2563 vitam
682 2538 860 2564 aeternam.
917 2532 1085 2563 Abraham
1113 2544 1179 2564 non

206 2578 329 2604 tantum
348 2572 460 2605 habuit
480 2576 625 2606 notitiam
644 2574 786 2616 legalem
806 2576 847 2606 de
866 2574 951 2613 Deo,
970 2577 1053 2607 sicut
1068 2575 1180 2613 P1a103
1321 2577 1383 2608 Ubi
1404 2579 1449 2606 est
1473 2575 1627 2612 confit-rio,
1657 2575 1701 2603 ibi
1728 2585 1788 2604 non
1812 2577 1857 2603 est
1875 2573 2076 2613 providentia
2099 2581 2206 2610 reqens

207 2617 266 2647 sed
287 2622 323 2648 ut
346 2615 497 2648 Christus
520 2619 637 2660 inquit:
676 2618 764 2648 Vidit
786 2619 866 2648 diem
888 2629 996 2651 meum:
1032 2618 1078 2649 lta
1102 2628 1180 2650 vere
1362 2620 1462 2650 onmia
1485 2617 1630 2648 consilio:
