<?xml version="1.0" encoding="UTF-8"?>
<!DOCTYPE html PUBLIC "-//W3C//DTD XHTML 1.0 Transitional//EN"
    "http://www.w3.org/TR/xhtml1/DTD/xhtml1-transitional.dtd">
<html xmlns="http://www.w3.org/1999/xhtml" xml:lang="en" lang="en">
 <head>
  <title>
</title>
<meta http-equiv="Content-Type" content="text/html;charset=utf-8" />
  <meta name='ocr-system' content='tesseract 3.04.00' />
  <meta name='ocr-capabilities' content='ocr_page ocr_carea ocr_par ocr_line ocrx_word'/>
</head>
<body>
  <div class='ocr_page' id='page_1' title='image "./operaquaesupersu25melauoft/operaquaesupersu25melauoft_0060.png"; bbox 0 0 2374 2985; ppageno 0'>
   <div class='ocr_carea' id='block_1_1' title="bbox 215 187 255 218">
    <p class='ocr_par' dir='ltr' id='par_1_1' title="bbox 215 187 255 218">
     <span class='ocr_line' id='line_1_1' title="bbox 215 187 255 218; baseline 0 0"><span class='ocrx_word' id='word_1_1' title='bbox 215 187 255 218; x_wconf 88' lang='grc'><strong>91</strong></span> 
     </span>
    </p>
   </div>
   <div class='ocr_carea' id='block_1_2' title="bbox 212 281 1226 1857">
    <p class='ocr_par' dir='ltr' id='par_1_2' title="bbox 212 281 1226 1857">
     <span class='ocr_line' id='line_1_2' title="bbox 213 281 1194 321; baseline -0.003 -8"><span class='ocrx_word' id='word_1_2' title='bbox 213 281 333 321; x_wconf 72' lang='lat' dir='ltr'><strong>ficium,</strong></span> <span class='ocrx_word' id='word_1_3' title='bbox 367 286 400 312; x_wconf 82' lang='lat' dir='ltr'><strong>et</strong></span> <span class='ocrx_word' id='word_1_4' title='bbox 431 284 597 313; x_wconf 74' lang='lat' dir='ltr'><strong>scientiam</strong></span> <span class='ocrx_word' id='word_1_5' title='bbox 627 281 693 311; x_wconf 80' lang='lat' dir='ltr'><strong>Dei</strong></span> <span class='ocrx_word' id='word_1_6' title='bbox 725 284 845 320; x_wconf 57' lang='lat' dir='ltr'><strong>massis,</strong></span> <span class='ocrx_word' id='word_1_7' title='bbox 878 291 970 320; x_wconf 79' lang='lat' dir='ltr'><strong>quam</strong></span> <span class='ocrx_word' id='word_1_8' title='bbox 1004 282 1194 312; x_wconf 74' lang='lat' dir='ltr'><strong>holocausta.</strong></span> 
     </span>
     <span class='ocr_line' id='line_1_3' title="bbox 215 322 1196 365; baseline -0.002 -10"><span class='ocrx_word' id='word_1_9' title='bbox 215 323 371 355; x_wconf 78' lang='lat' dir='ltr'><strong>Nominat</strong></span> <span class='ocrx_word' id='word_1_10' title='bbox 393 324 654 356; x_wconf 86' lang='lat' dir='ltr'><strong>misericordiam</strong></span> <span class='ocrx_word' id='word_1_11' title='bbox 674 333 776 365; x_wconf 83' lang='lat' dir='ltr'><strong>opera</strong></span> <span class='ocrx_word' id='word_1_12' title='bbox 794 322 996 357; x_wconf 54' lang='lat' dir='ltr'><strong>dilectionum</strong></span> <span class='ocrx_word' id='word_1_13' title='bbox 1018 323 1196 354; x_wconf 82' lang='lat' dir='ltr'><strong>Scientiam</strong></span> 
     </span>
     <span class='ocr_line' id='line_1_4' title="bbox 214 365 1195 406; baseline -0.002 -8"><span class='ocrx_word' id='word_1_14' title='bbox 214 365 278 398; x_wconf 90' lang='lat' dir='ltr'><strong>Dei</strong></span> <span class='ocrx_word' id='word_1_15' title='bbox 302 373 402 398; x_wconf 80' lang='lat' dir='ltr'><strong>vocat</strong></span> <span class='ocrx_word' id='word_1_16' title='bbox 425 377 538 399; x_wconf 81' lang='lat' dir='ltr'><strong>veram</strong></span> <span class='ocrx_word' id='word_1_17' title='bbox 561 367 669 398; x_wconf 90' lang='lat' dir='ltr'><strong>fidem.</strong></span> <span class='ocrx_word' id='word_1_18' title='bbox 714 365 952 406; x_wconf 72' lang='lat' dir='ltr'><strong>complectitur</strong></span> <span class='ocrx_word' id='word_1_19' title='bbox 981 366 1066 396; x_wconf 87' lang='lat' dir='ltr'><strong>enim</strong></span> <span class='ocrx_word' id='word_1_20' title='bbox 1094 372 1195 397; x_wconf 79' lang='lat' dir='ltr'><strong>totam</strong></span> 
     </span>
     <span class='ocr_line' id='line_1_5' title="bbox 214 408 1194 450; baseline -0.001 -9"><span class='ocrx_word' id='word_1_21' title='bbox 214 410 434 441; x_wconf 87' lang='lat' dir='ltr'><strong>obedientiam</strong></span> <span class='ocrx_word' id='word_1_22' title='bbox 466 410 648 442; x_wconf 80' lang='lat' dir='ltr'><strong>secundum</strong></span> <span class='ocrx_word' id='word_1_23' title='bbox 671 410 806 450; x_wconf 78' lang='lat' dir='ltr'><strong>primam</strong></span> <span class='ocrx_word' id='word_1_24' title='bbox 836 414 869 439; x_wconf 84' lang='lat' dir='ltr'><strong>et</strong></span> <span class='ocrx_word' id='word_1_25' title='bbox 898 408 1077 439; x_wconf 72' lang='lat' dir='ltr'><strong>secundam</strong></span> <span class='ocrx_word' id='word_1_26' title='bbox 1100 410 1194 440; x_wconf 88' lang='lat' dir='ltr'><strong>tabu-</strong></span> 
     </span>
     <span class='ocr_line' id='line_1_6' title="bbox 213 449 1195 525; baseline -0.002 -41"><span class='ocrx_word' id='word_1_27' title='bbox 213 451 278 525; x_wconf 66' lang='lat' dir='ltr'><strong>larp</strong></span> <span class='ocrx_word' id='word_1_28' title='bbox 292 451 468 494; x_wconf 75' lang='lat' dir='ltr'><strong>Decalogi‚</strong></span> <span class='ocrx_word' id='word_1_29' title='bbox 492 460 525 484; x_wconf 87' lang='lat' dir='ltr'><strong>et</strong></span> <span class='ocrx_word' id='word_1_30' title='bbox 547 453 677 494; x_wconf 88' lang='lat' dir='ltr'><strong>quidem</strong></span> <span class='ocrx_word' id='word_1_31' title='bbox 701 452 791 483; x_wconf 75' lang='lat' dir='ltr'><strong>iuxta</strong></span> <span class='ocrx_word' id='word_1_32' title='bbox 815 449 1068 483; x_wconf 79' lang='lat' dir='ltr'>declarationem</span> <span class='ocrx_word' id='word_1_33' title='bbox 1086 450 1195 482; x_wconf 85' lang='lat' dir='ltr'><strong>Evan-</strong></span> 
     </span>
     <span class='ocr_line' id='line_1_7' title="bbox 239 506 301 527; baseline -0.016 0"><span class='ocrx_word' id='word_1_34' title='bbox 239 506 256 527; x_wconf 76' lang='lat' dir='ltr'><strong>e</strong></span> <span class='ocrx_word' id='word_1_35' title='bbox 273 507 301 527; x_wconf 83' lang='lat'><strong>¹1.</strong></span> 
     </span>
     <span class='ocr_line' id='line_1_8' title="bbox 214 505 1194 579; baseline -0.002 -10"><span class='ocrx_word' id='word_1_36' title='bbox 214 505 236 537; x_wconf 70' lang='lat' dir='ltr'>g</span> <span class='ocrx_word' id='word_1_37' title='bbox 300 537 458 569; x_wconf 80' lang='lat' dir='ltr'>Homines</span> <span class='ocrx_word' id='word_1_38' title='bbox 482 537 674 579; x_wconf 86' lang='lat' dir='ltr'><strong>plerumque</strong></span> <span class='ocrx_word' id='word_1_39' title='bbox 699 535 896 568; x_wconf 83' lang='lat' dir='ltr'><strong>delabuntur</strong></span> <span class='ocrx_word' id='word_1_40' title='bbox 915 536 956 567; x_wconf 90' lang='lat' dir='ltr'><strong>ad</strong></span> <span class='ocrx_word' id='word_1_41' title='bbox 976 537 1194 576; x_wconf 79' lang='lat' dir='ltr'><strong>ceremonias,</strong></span> 
     </span>
     <span class='ocr_line' id='line_1_9' title="bbox 213 579 1196 612; baseline -0.002 0"><span class='ocrx_word' id='word_1_42' title='bbox 213 588 245 612; x_wconf 87' lang='lat' dir='ltr'><strong>et</strong></span> <span class='ocrx_word' id='word_1_43' title='bbox 280 582 433 612; x_wconf 90' lang='lat' dir='ltr'><strong>omittunt</strong></span> <span class='ocrx_word' id='word_1_44' title='bbox 472 581 676 612; x_wconf 72' lang='lat' dir='ltr'><strong>necessario.</strong></span> <span class='ocrx_word' id='word_1_45' title='bbox 744 579 820 611; x_wconf 81' lang='lat' dir='ltr'><strong>Ideo</strong></span> <span class='ocrx_word' id='word_1_46' title='bbox 862 584 970 610; x_wconf 82' lang='lat' dir='ltr'><strong>autem</strong></span> <span class='ocrx_word' id='word_1_47' title='bbox 1011 580 1196 610; x_wconf 84' lang='lat' dir='ltr'><strong>obedientia</strong></span> 
     </span>
     <span class='ocr_line' id='line_1_10' title="bbox 212 622 1193 663; baseline -0.001 -8"><span class='ocrx_word' id='word_1_48' title='bbox 212 623 349 655; x_wconf 89' lang='lat' dir='ltr'><strong>moralis</strong></span> <span class='ocrx_word' id='word_1_49' title='bbox 373 622 590 655; x_wconf 70' lang='lat' dir='ltr'>anteferenda</span> <span class='ocrx_word' id='word_1_50' title='bbox 611 629 664 655; x_wconf 72' lang='lat' dir='ltr'><strong>est</strong></span> <span class='ocrx_word' id='word_1_51' title='bbox 686 622 899 654; x_wconf 80' lang='lat' dir='ltr'>ceremoniis:</span> <span class='ocrx_word' id='word_1_52' title='bbox 924 622 997 663; x_wconf 80' lang='lat' dir='ltr'><strong>quia</strong></span> <span class='ocrx_word' id='word_1_53' title='bbox 1022 629 1073 653; x_wconf 79' lang='lat' dir='ltr'><strong>est</strong></span> <span class='ocrx_word' id='word_1_54' title='bbox 1091 628 1193 654; x_wconf 84' lang='lat' dir='ltr'><strong>aeter-</strong></span> 
     </span>
     <span class='ocr_line' id='line_1_11' title="bbox 213 663 1194 706; baseline 0 -9"><span class='ocrx_word' id='word_1_55' title='bbox 213 677 266 697; x_wconf 85' lang='lat' dir='ltr'><strong>na.</strong></span> <span class='ocrx_word' id='word_1_56' title='bbox 311 665 406 698; x_wconf 90' lang='lat' dir='ltr'><strong>Deus</strong></span> <span class='ocrx_word' id='word_1_57' title='bbox 435 666 468 697; x_wconf 89' lang='lat' dir='ltr'><strong>in</strong></span> <span class='ocrx_word' id='word_1_58' title='bbox 491 672 561 698; x_wconf 80' lang='lat' dir='ltr'><strong>tota</strong></span> <span class='ocrx_word' id='word_1_59' title='bbox 583 665 776 697; x_wconf 74' lang='lat' dir='ltr'><strong>aeternitate</strong></span> <span class='ocrx_word' id='word_1_60' title='bbox 799 671 849 696; x_wconf 89' lang='lat' dir='ltr'><strong>est</strong></span> <span class='ocrx_word' id='word_1_61' title='bbox 874 663 967 702; x_wconf 70' lang='lat' dir='ltr'><strong>talis,</strong></span> <span class='ocrx_word' id='word_1_62' title='bbox 996 663 1127 706; x_wconf 73' lang='lat' dir='ltr'><strong>qualem</strong></span> <span class='ocrx_word' id='word_1_63' title='bbox 1156 675 1194 697; x_wconf 82' lang='lat' dir='ltr'><strong>se</strong></span> 
     </span>
     <span class='ocr_line' id='line_1_12' title="bbox 214 706 1195 751; baseline -0.001 -11"><span class='ocrx_word' id='word_1_64' title='bbox 214 709 389 751; x_wconf 73' lang='lat' dir='ltr'><strong>descripsit</strong></span> <span class='ocrx_word' id='word_1_65' title='bbox 412 710 443 741; x_wconf 93' lang='lat' dir='ltr'><strong>in</strong></span> <span class='ocrx_word' id='word_1_66' title='bbox 469 708 560 751; x_wconf 81' lang='lat' dir='ltr'><strong>lege:</strong></span> <span class='ocrx_word' id='word_1_67' title='bbox 593 715 645 740; x_wconf 72' lang='lat' dir='ltr'><strong>est</strong></span> <span class='ocrx_word' id='word_1_68' title='bbox 674 713 805 745; x_wconf 78' lang='lat' dir='ltr'><strong>castus,</strong></span> <span class='ocrx_word' id='word_1_69' title='bbox 836 706 977 749; x_wconf 83' lang='lat' dir='ltr'><strong>diligens</strong></span> <span class='ocrx_word' id='word_1_70' title='bbox 1012 714 1195 746; x_wconf 86' lang='lat' dir='ltr'><strong>creaturas,</strong></span> 
     </span>
     <span class='ocr_line' id='line_1_13' title="bbox 216 749 1194 790; baseline -0.001 -7"><span class='ocrx_word' id='word_1_71' title='bbox 216 763 329 790; x_wconf 80' lang='lat' dir='ltr'><strong>verax,</strong></span> <span class='ocrx_word' id='word_1_72' title='bbox 352 751 534 789; x_wconf 78' lang='lat' dir='ltr'><strong>beneficus,</strong></span> <span class='ocrx_word' id='word_1_73' title='bbox 557 753 674 783; x_wconf 74' lang='lat' dir='ltr'><strong>iustus.</strong></span> <span class='ocrx_word' id='word_1_74' title='bbox 698 749 810 782; x_wconf 78' lang='lat' dir='ltr'><strong>Talem</strong></span> <span class='ocrx_word' id='word_1_75' title='bbox 833 749 902 781; x_wconf 77' lang='lat' dir='ltr'><strong>vult</strong></span> <span class='ocrx_word' id='word_1_76' title='bbox 924 751 957 781; x_wconf 90' lang='lat' dir='ltr'><strong>in</strong></span> <span class='ocrx_word' id='word_1_77' title='bbox 981 751 1078 782; x_wconf 85' lang='lat' dir='ltr'><strong>nohis</strong></span> <span class='ocrx_word' id='word_1_78' title='bbox 1098 751 1194 782; x_wconf 88' lang='lat' dir='ltr'><strong>etiam</strong></span> 
     </span>
     <span class='ocr_line' id='line_1_14' title="bbox 213 793 1194 835; baseline 0 -10"><span class='ocrx_word' id='word_1_79' title='bbox 213 795 362 827; x_wconf 78' lang='lat' dir='ltr'><strong>inchoari</strong></span> <span class='ocrx_word' id='word_1_80' title='bbox 385 795 553 833; x_wconf 81' lang='lat' dir='ltr'><strong>iustitiam,</strong></span> <span class='ocrx_word' id='word_1_81' title='bbox 575 803 660 835; x_wconf 72' lang='lat' dir='ltr'><strong>quae</strong></span> <span class='ocrx_word' id='word_1_82' title='bbox 684 793 781 824; x_wconf 86' lang='lat' dir='ltr'><strong>debet</strong></span> <span class='ocrx_word' id='word_1_83' title='bbox 805 802 881 824; x_wconf 86' lang='lat' dir='ltr'><strong>esse</strong></span> <span class='ocrx_word' id='word_1_84' title='bbox 903 799 1073 835; x_wconf 82' lang='lat' dir='ltr'><strong>perpetua.</strong></span> <span class='ocrx_word' id='word_1_85' title='bbox 1116 793 1194 825; x_wconf 85' lang='lat' dir='ltr'><strong>ldeo</strong></span> 
     </span>
     <span class='ocr_line' id='line_1_15' title="bbox 213 834 1194 880; baseline -0.002 -11"><span class='ocrx_word' id='word_1_86' title='bbox 213 847 280 869; x_wconf 91' lang='lat' dir='ltr'><strong>non</strong></span> <span class='ocrx_word' id='word_1_87' title='bbox 309 839 514 880; x_wconf 68' lang='lat' dir='ltr'><strong>abrogantur</strong></span> <span class='ocrx_word' id='word_1_88' title='bbox 544 837 654 869; x_wconf 81' lang='lat' dir='ltr'><strong>cultus</strong></span> <span class='ocrx_word' id='word_1_89' title='bbox 682 834 825 867; x_wconf 87' lang='lat' dir='ltr'><strong>morales</strong></span> <span class='ocrx_word' id='word_1_90' title='bbox 862 835 948 868; x_wconf 77' lang='lat' dir='ltr'><strong>sicut</strong></span> <span class='ocrx_word' id='word_1_91' title='bbox 978 837 1194 868; x_wconf 77' lang='lat' dir='ltr'><strong>mactationes</strong></span> 
     </span>
     <span class='ocr_line' id='line_1_16' title="bbox 214 881 1226 929; baseline -0.005 -17"><span class='ocrx_word' id='word_1_92' title='bbox 214 881 431 913; x_wconf 76' lang='lat' dir='ltr'><strong>victimarum.</strong></span> <span class='ocrx_word' id='word_1_93' title='bbox 1220 900 1226 929; x_wconf 56' lang='grc' dir='ltr'>ῐ</span> 
     </span>
     <span class='ocr_line' id='line_1_17' title="bbox 300 921 1194 965; baseline 0 -12"><span class='ocrx_word' id='word_1_94' title='bbox 300 923 356 955; x_wconf 87' lang='lat' dir='ltr'><strong>Sic</strong></span> <span class='ocrx_word' id='word_1_95' title='bbox 385 924 484 965; x_wconf 85' lang='lat' dir='ltr'><strong>igitur</strong></span> <span class='ocrx_word' id='word_1_96' title='bbox 512 922 677 954; x_wconf 81' lang='lat' dir='ltr'><strong>lohannes</strong></span> <span class='ocrx_word' id='word_1_97' title='bbox 705 921 837 953; x_wconf 79' lang='lat' dir='ltr'><strong>deducit</strong></span> <span class='ocrx_word' id='word_1_98' title='bbox 860 930 940 952; x_wconf 87' lang='lat' dir='ltr'><strong>suos</strong></span> <span class='ocrx_word' id='word_1_99' title='bbox 963 922 1130 953; x_wconf 83' lang='lat' dir='ltr'><strong>auditores</strong></span> <span class='ocrx_word' id='word_1_100' title='bbox 1152 922 1194 953; x_wconf 85' lang='lat' dir='ltr'><strong>ad</strong></span> 
     </span>
     <span class='ocr_line' id='line_1_18' title="bbox 214 963 1194 1008; baseline -0.003 -10"><span class='ocrx_word' id='word_1_101' title='bbox 214 976 317 1008; x_wconf 82' lang='lat' dir='ltr'><strong>opera</strong></span> <span class='ocrx_word' id='word_1_102' title='bbox 340 965 497 1003; x_wconf 81' lang='lat' dir='ltr'><strong>moralia,</strong></span> <span class='ocrx_word' id='word_1_103' title='bbox 527 971 563 996; x_wconf 91' lang='lat' dir='ltr'><strong>ut</strong></span> <span class='ocrx_word' id='word_1_104' title='bbox 583 970 661 996; x_wconf 72' lang='lat' dir='ltr'><strong>nunt</strong></span> <span class='ocrx_word' id='word_1_105' title='bbox 685 963 903 996; x_wconf 80' lang='lat' dir='ltr'><strong>beneficentia</strong></span> <span class='ocrx_word' id='word_1_106' title='bbox 927 974 1008 1006; x_wconf 83' lang='lat' dir='ltr'><strong>erga</strong></span> <span class='ocrx_word' id='word_1_107' title='bbox 1031 964 1133 1003; x_wconf 85' lang='lat' dir='ltr'><strong>alios,</strong></span> <span class='ocrx_word' id='word_1_108' title='bbox 1161 970 1194 995; x_wconf 88' lang='lat' dir='ltr'><strong>et</strong></span> 
     </span>
     <span class='ocr_line' id='line_1_19' title="bbox 213 1008 1194 1047; baseline -0.002 -7"><span class='ocrx_word' id='word_1_109' title='bbox 213 1009 346 1041; x_wconf 84' lang='lat' dir='ltr'><strong>iustitia.</strong></span> <span class='ocrx_word' id='word_1_110' title='bbox 392 1008 467 1040; x_wconf 87' lang='lat' dir='ltr'><strong>Non</strong></span> <span class='ocrx_word' id='word_1_111' title='bbox 491 1008 587 1040; x_wconf 86' lang='lat' dir='ltr'><strong>dicit:</strong></span> <span class='ocrx_word' id='word_1_112' title='bbox 633 1008 795 1040; x_wconf 79' lang='lat' dir='ltr'><strong>Assumite</strong></span> <span class='ocrx_word' id='word_1_113' title='bbox 815 1009 1105 1047; x_wconf 62' lang='lat' dir='ltr'><strong>circumce&#39;sz&#39;onerm</strong></span> <span class='ocrx_word' id='word_1_114' title='bbox 1135 1008 1194 1038; x_wconf 85' lang='lat' dir='ltr'><strong>sed</strong></span> 
     </span>
     <span class='ocr_line' id='line_1_20' title="bbox 213 1049 1194 1093; baseline -0.002 -10"><span class='ocrx_word' id='word_1_115' title='bbox 213 1053 310 1084; x_wconf 71' lang='lat' dir='ltr'><strong>istam</strong></span> <span class='ocrx_word' id='word_1_116' title='bbox 331 1057 457 1093; x_wconf 83' lang='lat' dir='ltr'><strong>partem</strong></span> <span class='ocrx_word' id='word_1_117' title='bbox 479 1050 565 1092; x_wconf 80' lang='lat' dir='ltr'><strong>legis</strong></span> <span class='ocrx_word' id='word_1_118' title='bbox 588 1050 636 1082; x_wconf 88' lang='lat' dir='ltr'><strong>eis</strong></span> <span class='ocrx_word' id='word_1_119' title='bbox 660 1051 832 1092; x_wconf 83' lang='lat' dir='ltr'><strong>proponit,</strong></span> <span class='ocrx_word' id='word_1_120' title='bbox 857 1060 941 1091; x_wconf 81' lang='lat' dir='ltr'><strong>quac</strong></span> <span class='ocrx_word' id='word_1_121' title='bbox 965 1055 1017 1081; x_wconf 85' lang='lat' dir='ltr'><strong>est</strong></span> <span class='ocrx_word' id='word_1_122' title='bbox 1036 1049 1194 1082; x_wconf 86' lang='lat' dir='ltr'><strong>naturalis</strong></span> 
     </span>
     <span class='ocr_line' id='line_1_21' title="bbox 214 1092 1194 1136; baseline -0.003 -9"><span class='ocrx_word' id='word_1_123' title='bbox 214 1101 247 1127; x_wconf 86' lang='lat' dir='ltr'><strong>et</strong></span> <span class='ocrx_word' id='word_1_124' title='bbox 271 1100 440 1136; x_wconf 85' lang='lat' dir='ltr'><strong>perpetua.</strong></span> <span class='ocrx_word' id='word_1_125' title='bbox 485 1093 562 1125; x_wconf 80' lang='lat' dir='ltr'><strong>Non</strong></span> <span class='ocrx_word' id='word_1_126' title='bbox 596 1092 665 1125; x_wconf 82' lang='lat' dir='ltr'><strong>vult</strong></span> <span class='ocrx_word' id='word_1_127' title='bbox 699 1103 758 1125; x_wconf 70' lang='lat' dir='ltr'><strong>eos</strong></span> <span class='ocrx_word' id='word_1_128' title='bbox 792 1092 863 1123; x_wconf 83' lang='lat' dir='ltr'><strong>fieri</strong></span> <span class='ocrx_word' id='word_1_129' title='bbox 896 1092 1102 1134; x_wconf 79' lang='lat' dir='ltr'><strong>proselytos,</strong></span> <span class='ocrx_word' id='word_1_130' title='bbox 1135 1093 1194 1124; x_wconf 84' lang='lat' dir='ltr'><strong>sed</strong></span> 
     </span>
     <span class='ocr_line' id='line_1_22' title="bbox 213 1135 1196 1177; baseline -0.003 -8"><span class='ocrx_word' id='word_1_131' title='bbox 213 1139 301 1169; x_wconf 74' lang='lat' dir='ltr'><strong>iubet</strong></span> <span class='ocrx_word' id='word_1_132' title='bbox 323 1139 507 1169; x_wconf 76' lang='lat' dir='ltr'><strong>crederem</strong></span> <span class='ocrx_word' id='word_1_133' title='bbox 528 1138 707 1175; x_wconf 78' lang='lat' dir='ltr'><strong>Christum‚·</strong></span> <span class='ocrx_word' id='word_1_134' title='bbox 729 1142 762 1167; x_wconf 88' lang='lat' dir='ltr'><strong>et</strong></span> <span class='ocrx_word' id='word_1_135' title='bbox 786 1137 862 1177; x_wconf 87' lang='lat' dir='ltr'><strong>quia</strong></span> <span class='ocrx_word' id='word_1_136' title='bbox 884 1136 968 1166; x_wconf 87' lang='lat' dir='ltr'><strong>fides</strong></span> <span class='ocrx_word' id='word_1_137' title='bbox 991 1146 1058 1167; x_wconf 88' lang='lat' dir='ltr'><strong>non</strong></span> <span class='ocrx_word' id='word_1_138' title='bbox 1082 1135 1196 1167; x_wconf 82' lang='lat' dir='ltr'><strong>abolet</strong></span> 
     </span>
     <span class='ocr_line' id='line_1_23' title="bbox 213 1178 1195 1222; baseline -0.002 -10"><span class='ocrx_word' id='word_1_139' title='bbox 213 1182 301 1212; x_wconf 85' lang='lat' dir='ltr'><strong>bona</strong></span> <span class='ocrx_word' id='word_1_140' title='bbox 323 1190 438 1222; x_wconf 72' lang='lat' dir='ltr'><strong>opera,</strong></span> <span class='ocrx_word' id='word_1_141' title='bbox 461 1180 548 1212; x_wconf 68' lang='lat' dir='ltr'><strong>sicut</strong></span> <span class='ocrx_word' id='word_1_142' title='bbox 571 1178 696 1211; x_wconf 71' lang='lat' dir='ltr'><strong>Paulus</strong></span> <span class='ocrx_word' id='word_1_143' title='bbox 719 1180 836 1220; x_wconf 83' lang='lat' dir='ltr'><strong>inquit:</strong></span> <span class='ocrx_word' id='word_1_144' title='bbox 869 1178 935 1210; x_wconf 82' lang='lat' dir='ltr'><strong>Per</strong></span> <span class='ocrx_word' id='word_1_145' title='bbox 955 1180 1052 1217; x_wconf 75' lang='lat' dir='ltr'><strong>fidem</strong></span> <span class='ocrx_word' id='word_1_146' title='bbox 1074 1180 1195 1210; x_wconf 73' lang='lat' dir='ltr'><strong>stabili-</strong></span> 
     </span>
     <span class='ocr_line' id='line_1_24' title="bbox 213 1221 1194 1263; baseline -0.002 -9"><span class='ocrx_word' id='word_1_147' title='bbox 213 1234 282 1256; x_wconf 80' lang='lat' dir='ltr'><strong>mus</strong></span> <span class='ocrx_word' id='word_1_148' title='bbox 302 1225 422 1263; x_wconf 77' lang='lat' dir='ltr'><strong>Ieyem:</strong></span> <span class='ocrx_word' id='word_1_149' title='bbox 443 1223 533 1254; x_wconf 78' lang='lat' dir='ltr'><strong>addit</strong></span> <span class='ocrx_word' id='word_1_150' title='bbox 556 1223 599 1254; x_wconf 83' lang='lat' dir='ltr'><strong>de</strong></span> <span class='ocrx_word' id='word_1_151' title='bbox 620 1221 784 1254; x_wconf 81' lang='lat' dir='ltr'><strong>fructibus</strong></span> <span class='ocrx_word' id='word_1_152' title='bbox 807 1222 1027 1262; x_wconf 85' lang='lat' dir='ltr'><strong>poenitentiae</strong></span> <span class='ocrx_word' id='word_1_153' title='bbox 1051 1228 1083 1253; x_wconf 88' lang='lat' dir='ltr'><strong>et</strong></span> <span class='ocrx_word' id='word_1_154' title='bbox 1105 1222 1194 1253; x_wconf 88' lang='lat' dir='ltr'><strong>fidei:</strong></span> 
     </span>
     <span class='ocr_line' id='line_1_25' title="bbox 217 1264 1195 1305; baseline -0.003 -7"><span class='ocrx_word' id='word_1_155' title='bbox 217 1267 277 1305; x_wconf 74' lang='lat' dir='ltr'><strong>Qut</strong></span> <span class='ocrx_word' id='word_1_156' title='bbox 296 1268 392 1298; x_wconf 73' lang='lat' dir='ltr'><strong>kabel</strong></span> <span class='ocrx_word' id='word_1_157' title='bbox 412 1267 494 1298; x_wconf 80' lang='lat' dir='ltr'><strong>duas</strong></span> <span class='ocrx_word' id='word_1_158' title='bbox 517 1269 636 1303; x_wconf 76' lang='lat' dir='ltr'><strong>vestes,</strong></span> <span class='ocrx_word' id='word_1_159' title='bbox 660 1266 715 1297; x_wconf 82' lang='lat' dir='ltr'><strong>det</strong></span> <span class='ocrx_word' id='word_1_160' title='bbox 735 1275 832 1296; x_wconf 83' lang='lat' dir='ltr'><strong>unam</strong></span> <span class='ocrx_word' id='word_1_161' title='bbox 855 1269 976 1305; x_wconf 75' lang='lat' dir='ltr'><strong>eyenlz&#39;:</strong></span> <span class='ocrx_word' id='word_1_162' title='bbox 998 1264 1030 1294; x_wconf 84' lang='lat' dir='ltr'><strong>id</strong></span> <span class='ocrx_word' id='word_1_163' title='bbox 1053 1270 1116 1301; x_wconf 86' lang='lat' dir='ltr'><strong>est,</strong></span> <span class='ocrx_word' id='word_1_164' title='bbox 1140 1275 1195 1295; x_wconf 80' lang='lat' dir='ltr'><strong>ex-</strong></span> 
     </span>
     <span class='ocr_line' id='line_1_26' title="bbox 213 1307 1195 1345; baseline -0.003 -5"><span class='ocrx_word' id='word_1_165' title='bbox 213 1315 325 1342; x_wconf 85' lang='lat' dir='ltr'><strong>ercete</strong></span> <span class='ocrx_word' id='word_1_166' title='bbox 349 1307 558 1340; x_wconf 86' lang='lat' dir='ltr'><strong>dilectionem</strong></span> <span class='ocrx_word' id='word_1_167' title='bbox 580 1314 736 1345; x_wconf 84' lang='lat' dir='ltr'><strong>mutuam,</strong></span> <span class='ocrx_word' id='word_1_168' title='bbox 759 1312 792 1338; x_wconf 89' lang='lat' dir='ltr'><strong>et</strong></span> <span class='ocrx_word' id='word_1_169' title='bbox 814 1307 886 1338; x_wconf 88' lang='lat' dir='ltr'><strong>sitis</strong></span> <span class='ocrx_word' id='word_1_170' title='bbox 908 1307 993 1338; x_wconf 87' lang='lat' dir='ltr'><strong>inter</strong></span> <span class='ocrx_word' id='word_1_171' title='bbox 1012 1317 1072 1337; x_wconf 78' lang='lat' dir='ltr'><strong>vos</strong></span> <span class='ocrx_word' id='word_1_172' title='bbox 1096 1308 1195 1338; x_wconf 76' lang='lat' dir='ltr'><strong>bene-</strong></span> 
     </span>
     <span class='ocr_line' id='line_1_27' title="bbox 213 1348 1195 1393; baseline -0.003 -10"><span class='ocrx_word' id='word_1_173' title='bbox 213 1351 278 1384; x_wconf 82' lang='lat' dir='ltr'><strong>fici.</strong></span> <span class='ocrx_word' id='word_1_174' title='bbox 313 1351 474 1393; x_wconf 86' lang='lat' dir='ltr'><strong>Loquitur</strong></span> <span class='ocrx_word' id='word_1_175' title='bbox 497 1351 537 1382; x_wconf 88' lang='lat' dir='ltr'><strong>de</strong></span> <span class='ocrx_word' id='word_1_176' title='bbox 560 1350 803 1392; x_wconf 84' lang='lat' dir='ltr'><strong>eleemosynis,</strong></span> <span class='ocrx_word' id='word_1_177' title='bbox 830 1355 862 1381; x_wconf 86' lang='lat' dir='ltr'><strong>et</strong></span> <span class='ocrx_word' id='word_1_178' title='bbox 885 1350 1036 1381; x_wconf 87' lang='lat' dir='ltr'><strong>omnibus</strong></span> <span class='ocrx_word' id='word_1_179' title='bbox 1061 1348 1195 1388; x_wconf 85' lang='lat' dir='ltr'><strong>officiis,</strong></span> 
     </span>
     <span class='ocr_line' id='line_1_28' title="bbox 213 1393 1195 1435; baseline -0.003 -9"><span class='ocrx_word' id='word_1_180' title='bbox 213 1395 334 1427; x_wconf 71' lang='lat' dir='ltr'><strong>auibus</strong></span> <span class='ocrx_word' id='word_1_181' title='bbox 357 1394 520 1426; x_wconf 83' lang='lat' dir='ltr'><strong>iuvandus</strong></span> <span class='ocrx_word' id='word_1_182' title='bbox 545 1400 596 1425; x_wconf 87' lang='lat' dir='ltr'><strong>est</strong></span> <span class='ocrx_word' id='word_1_183' title='bbox 618 1395 800 1435; x_wconf 82' lang='lat' dir='ltr'><strong>proximuS.</strong></span> <span class='ocrx_word' id='word_1_184' title='bbox 850 1393 985 1424; x_wconf 80' lang='lat' dir='ltr'><strong>Modum</strong></span> <span class='ocrx_word' id='word_1_185' title='bbox 1009 1398 1118 1424; x_wconf 84' lang='lat' dir='ltr'><strong>autem</strong></span> <span class='ocrx_word' id='word_1_186' title='bbox 1141 1393 1195 1424; x_wconf 89' lang='lat' dir='ltr'><strong>de-</strong></span> 
     </span>
     <span class='ocr_line' id='line_1_29' title="bbox 213 1424 1195 1478; baseline -0.003 -9"><span class='ocrx_word' id='word_1_187' title='bbox 213 1424 296 1476; x_wconf 70' lang='lat' dir='ltr'><strong>finit,</strong></span> <span class='ocrx_word' id='word_1_188' title='bbox 320 1438 407 1470; x_wconf 90' lang='lat' dir='ltr'><strong>sicut</strong></span> <span class='ocrx_word' id='word_1_189' title='bbox 437 1436 603 1475; x_wconf 83' lang='lat' dir='ltr'><strong>Christus,</strong></span> <span class='ocrx_word' id='word_1_190' title='bbox 625 1437 790 1478; x_wconf 88' lang='lat' dir='ltr'><strong>inquiens:</strong></span> <span class='ocrx_word' id='word_1_191' title='bbox 826 1435 914 1467; x_wconf 74' lang='lat' dir='ltr'><strong>Date</strong></span> <span class='ocrx_word' id='word_1_192' title='bbox 940 1437 981 1466; x_wconf 78' lang='lat' dir='ltr'><strong>de</strong></span> <span class='ocrx_word' id='word_1_193' title='bbox 1008 1439 1195 1476; x_wconf 71' lang='lat' dir='ltr'><strong>superfluis:</strong></span> 
     </span>
     <span class='ocr_line' id='line_1_30' title="bbox 214 1478 1195 1521; baseline -0.003 -8"><span class='ocrx_word' id='word_1_194' title='bbox 214 1481 248 1513; x_wconf 89' lang='lat' dir='ltr'><strong>id</strong></span> <span class='ocrx_word' id='word_1_195' title='bbox 271 1486 335 1519; x_wconf 89' lang='lat' dir='ltr'><strong>est,</strong></span> <span class='ocrx_word' id='word_1_196' title='bbox 357 1481 433 1512; x_wconf 82' lang='lat' dir='ltr'><strong>date</strong></span> <span class='ocrx_word' id='word_1_197' title='bbox 456 1490 516 1521; x_wconf 90' lang='lat' dir='ltr'><strong>pro</strong></span> <span class='ocrx_word' id='word_1_198' title='bbox 540 1478 766 1516; x_wconf 69' lang='lat' dir='ltr'><strong>facultatibus:</strong></span> <span class='ocrx_word' id='word_1_199' title='bbox 787 1481 818 1510; x_wconf 79' lang='grc' dir='ltr'><strong>ἐκ</strong></span> <span class='ocrx_word' id='word_1_200' title='bbox 840 1480 898 1510; x_wconf 76' lang='grc' dir='ltr'><strong>τῶν</strong></span> <span class='ocrx_word' id='word_1_201' title='bbox 920 1478 1058 1509; x_wconf 68' lang='grc' dir='ltr'><strong>ἐνόντωνε</strong></span> <span class='ocrx_word' id='word_1_202' title='bbox 1090 1479 1131 1509; x_wconf 88' lang='lat' dir='ltr'><strong>de</strong></span> <span class='ocrx_word' id='word_1_203' title='bbox 1155 1489 1195 1510; x_wconf 90' lang='lat' dir='ltr'><strong>eo</strong></span> 
     </span>
     <span class='ocr_line' id='line_1_31' title="bbox 215 1512 1224 1566; baseline -0.003 -11"><span class='ocrx_word' id='word_1_204' title='bbox 215 1524 304 1566; x_wconf 88' lang='lat' dir='ltr'><strong>quod</strong></span> <span class='ocrx_word' id='word_1_205' title='bbox 326 1523 466 1555; x_wconf 82' lang='lat' dir='ltr'><strong>hahetis.</strong></span> <span class='ocrx_word' id='word_1_206' title='bbox 511 1522 554 1555; x_wconf 87' lang='lat' dir='ltr'><strong>Et</strong></span> <span class='ocrx_word' id='word_1_207' title='bbox 576 1522 717 1555; x_wconf 82' lang='lat' dir='ltr'><strong>Paulus:</strong></span> <span class='ocrx_word' id='word_1_208' title='bbox 750 1524 820 1554; x_wconf 87' lang='lat' dir='ltr'><strong>Non</strong></span> <span class='ocrx_word' id='word_1_209' title='bbox 842 1527 878 1554; x_wconf 84' lang='lat' dir='ltr'><strong>ut</strong></span> <span class='ocrx_word' id='word_1_210' title='bbox 899 1522 946 1553; x_wconf 70' lang='lat' dir='ltr'><strong>ille·</strong></span> <span class='ocrx_word' id='word_1_211' title='bbox 967 1525 1011 1553; x_wconf 74' lang='lat' dir='ltr'><strong>sit</strong></span> <span class='ocrx_word' id='word_1_212' title='bbox 1031 1526 1143 1561; x_wconf 68' lang='lat' dir='ltr'><strong>otium,</strong></span> <span class='ocrx_word' id='word_1_213' title='bbox 1167 1526 1200 1553; x_wconf 78' lang='lat' dir='ltr'><strong>ec</strong></span> <span class='ocrx_word' id='word_1_214' title='bbox 1221 1512 1224 1537; x_wconf 56' lang='lat'>³</span> 
     </span>
     <span class='ocr_line' id='line_1_32' title="bbox 215 1564 1199 1607; baseline -0.003 -8"><span class='ocrx_word' id='word_1_215' title='bbox 215 1569 273 1599; x_wconf 75' lang='lat' dir='ltr'><strong>tz&#39;bi</strong></span> <span class='ocrx_word' id='word_1_216' title='bbox 304 1567 447 1607; x_wconf 67' lang='lat' dir='ltr'><strong>afflictio</strong></span> <span class='ocrx_word' id='word_1_217' title='bbox 502 1564 660 1598; x_wconf 83' lang='lat' dir='ltr'><strong>Salomon</strong></span> <span class='ocrx_word' id='word_1_218' title='bbox 695 1575 827 1607; x_wconf 87' lang='lat' dir='ltr'><strong>quoque</strong></span> <span class='ocrx_word' id='word_1_219' title='bbox 861 1565 956 1596; x_wconf 85' lang='lat' dir='ltr'><strong>dicit:</strong></span> <span class='ocrx_word' id='word_1_220' title='bbox 1004 1567 1119 1597; x_wconf 75' lang='lat' dir='ltr'><strong>Fontes</strong></span> <span class='ocrx_word' id='word_1_221' title='bbox 1152 1568 1199 1596; x_wconf 79' lang='lat' dir='ltr'><strong>tui</strong></span> 
     </span>
     <span class='ocr_line' id='line_1_33' title="bbox 215 1608 1196 1649; baseline -0.004 -7"><span class='ocrx_word' id='word_1_222' title='bbox 215 1611 402 1642; x_wconf 71' lang='lat' dir='ltr'><strong>derit-entur</strong></span> <span class='ocrx_word' id='word_1_223' title='bbox 421 1611 531 1649; x_wconf 71' lang='lat' dir='ltr'><strong>sams,</strong></span> <span class='ocrx_word' id='word_1_224' title='bbox 553 1614 586 1641; x_wconf 81' lang='lat' dir='ltr'><strong>et</strong></span> <span class='ocrx_word' id='word_1_225' title='bbox 604 1613 638 1640; x_wconf 83' lang='lat' dir='ltr'><strong>tu</strong></span> <span class='ocrx_word' id='word_1_226' title='bbox 660 1609 816 1640; x_wconf 79' lang='lat' dir='ltr'><strong>Dominus</strong></span> <span class='ocrx_word' id='word_1_227' title='bbox 837 1618 947 1639; x_wconf 80' lang='lat' dir='ltr'><strong>eorum</strong></span> <span class='ocrx_word' id='word_1_228' title='bbox 969 1613 1046 1639; x_wconf 77' lang='lat' dir='ltr'><strong>esto.</strong></span> <span class='ocrx_word' id='word_1_229' title='bbox 1091 1608 1196 1639; x_wconf 89' lang='lat' dir='ltr'><strong>Nemo</strong></span> 
     </span>
     <span class='ocr_line' id='line_1_34' title="bbox 216 1651 1196 1694; baseline -0.003 -10"><span class='ocrx_word' id='word_1_230' title='bbox 216 1659 267 1684; x_wconf 88' lang='lat' dir='ltr'><strong>est</strong></span> <span class='ocrx_word' id='word_1_231' title='bbox 291 1653 471 1684; x_wconf 85' lang='lat' dir='ltr'><strong>eiiciendus</strong></span> <span class='ocrx_word' id='word_1_232' title='bbox 495 1662 536 1683; x_wconf 82' lang='lat' dir='ltr'><strong>cx</strong></span> <span class='ocrx_word' id='word_1_233' title='bbox 558 1652 703 1694; x_wconf 82' lang='lat' dir='ltr'><strong>proprio,</strong></span> <span class='ocrx_word' id='word_1_234' title='bbox 727 1652 787 1682; x_wconf 90' lang='lat' dir='ltr'><strong>sed</strong></span> <span class='ocrx_word' id='word_1_235' title='bbox 814 1651 984 1682; x_wconf 80' lang='lat' dir='ltr'><strong>retinenda</strong></span> <span class='ocrx_word' id='word_1_236' title='bbox 1006 1657 1057 1682; x_wconf 84' lang='lat' dir='ltr'><strong>est</strong></span> <span class='ocrx_word' id='word_1_237' title='bbox 1083 1651 1196 1681; x_wconf 83' lang='lat' dir='ltr'><strong>distin-</strong></span> 
     </span>
     <span class='ocr_line' id='line_1_35' title="bbox 217 1693 1197 1736; baseline -0.003 -9"><span class='ocrx_word' id='word_1_238' title='bbox 217 1695 281 1727; x_wconf 84' lang='lat' dir='ltr'><strong>ctio</strong></span> <span class='ocrx_word' id='word_1_239' title='bbox 301 1695 518 1727; x_wconf 87' lang='lat' dir='ltr'><strong>dominiorum</strong></span> <span class='ocrx_word' id='word_1_240' title='bbox 541 1701 573 1726; x_wconf 87' lang='lat' dir='ltr'><strong>et</strong></span> <span class='ocrx_word' id='word_1_241' title='bbox 596 1694 813 1736; x_wconf 83' lang='lat' dir='ltr'><strong>proprietatis.</strong></span> <span class='ocrx_word' id='word_1_242' title='bbox 857 1693 963 1725; x_wconf 85' lang='lat' dir='ltr'><strong>Multa</strong></span> <span class='ocrx_word' id='word_1_243' title='bbox 987 1700 1064 1725; x_wconf 71' lang='lat' dir='ltr'><strong>sunt</strong></span> <span class='ocrx_word' id='word_1_244' title='bbox 1088 1694 1197 1724; x_wconf 86' lang='lat' dir='ltr'><strong>danda</strong></span> 
     </span>
     <span class='ocr_line' id='line_1_36' title="bbox 217 1736 1225 1803; baseline -0.005 -33"><span class='ocrx_word' id='word_1_245' title='bbox 217 1739 392 1781; x_wconf 85' lang='lat' dir='ltr'><strong>egentibus</strong></span> <span class='ocrx_word' id='word_1_246' title='bbox 400 1748 409 1774; x_wconf 80' lang='lat'><em>3</em></span> <span class='ocrx_word' id='word_1_247' title='bbox 432 1736 543 1769; x_wconf 77' lang='lat' dir='ltr'><strong>fontes</strong></span> <span class='ocrx_word' id='word_1_248' title='bbox 567 1744 676 1769; x_wconf 85' lang='lat' dir='ltr'><strong>tamen</strong></span> <span class='ocrx_word' id='word_1_249' title='bbox 700 1743 778 1768; x_wconf 85' lang='lat' dir='ltr'><strong>sunt</strong></span> <span class='ocrx_word' id='word_1_250' title='bbox 799 1737 968 1768; x_wconf 87' lang='lat' dir='ltr'><strong>retinendi.</strong></span> <span class='ocrx_word' id='word_1_251' title='bbox 1222 1749 1225 1803; x_wconf 73' lang='grc' dir='ltr'>Ι</span> 
     </span>
     <span class='ocr_line' id='line_1_37' title="bbox 302 1780 1198 1823; baseline -0.001 -11"><span class='ocrx_word' id='word_1_252' title='bbox 302 1781 356 1812; x_wconf 81' lang='lat' dir='ltr'><strong>Ad</strong></span> <span class='ocrx_word' id='word_1_253' title='bbox 378 1780 575 1823; x_wconf 88' lang='lat' dir='ltr'><strong>publicanos</strong></span> <span class='ocrx_word' id='word_1_254' title='bbox 599 1780 716 1822; x_wconf 89' lang='lat' dir='ltr'><strong>inquit:</strong></span> <span class='ocrx_word' id='word_1_255' title='bbox 763 1781 832 1811; x_wconf 76' lang='lat' dir='ltr'><strong>Non</strong></span> <span class='ocrx_word' id='word_1_256' title='bbox 850 1782 926 1820; x_wconf 79' lang='lat' dir='ltr'><strong>plus</strong></span> <span class='ocrx_word' id='word_1_257' title='bbox 948 1781 1076 1818; x_wconf 59' lang='lat' dir='ltr'><strong>orique,</strong></span> <span class='ocrx_word' id='word_1_258' title='bbox 1104 1789 1198 1819; x_wconf 83' lang='lat' dir='ltr'><strong>quum</strong></span> 
     </span>
     <span class='ocr_line' id='line_1_38' title="bbox 216 1825 496 1857; baseline 0 -2"><span class='ocrx_word' id='word_1_259' title='bbox 216 1825 418 1857; x_wconf 76' lang='lat' dir='ltr'><strong>constitutum</strong></span> <span class='ocrx_word' id='word_1_260' title='bbox 439 1827 496 1856; x_wconf 79' lang='lat' dir='ltr'><strong>est.</strong></span> 
     </span>
    </p>
   </div>
   <div class='ocr_carea' id='block_1_3' title="bbox 1221 929 1226 1708">
    <p class='ocr_par' dir='ltr' id='par_1_3' title="bbox 1221 929 1226 1708">
     <span class='ocr_line' id='line_1_39' title="bbox 1221 929 1226 1708; baseline 0 0"><span class='ocrx_word' id='word_1_261' title='bbox 1221 929 1226 1708; x_wconf 95' lang='lat' dir='ltr'><strong> </strong></span> 
     </span>
    </p>
   </div>
   <div class='ocr_carea' id='block_1_4' title="bbox 360 1942 1228 2025">
    <p class='ocr_par' dir='ltr' id='par_1_4' title="bbox 360 1942 1228 2025">
     <span class='ocr_line' id='line_1_40' title="bbox 360 1942 1228 2025; baseline -0.002 -14"><span class='ocrx_word' id='word_1_262' title='bbox 360 1971 439 2021; x_wconf 87' lang='lat' dir='ltr'><strong>Qui</strong></span> <span class='ocrx_word' id='word_1_263' title='bbox 470 1971 654 2011; x_wconf 80' lang='lat' dir='ltr'><strong>homines</strong></span> <span class='ocrx_word' id='word_1_264' title='bbox 686 1977 802 2011; x_wconf 79' lang='lat' dir='ltr'><strong>erant</strong></span> <span class='ocrx_word' id='word_1_265' title='bbox 831 1971 1065 2025; x_wconf 72' lang='lat' dir='ltr'><strong>publicani?</strong></span> <span class='ocrx_word' id='word_1_266' title='bbox 1225 1942 1228 1965; x_wconf 27' lang='grc' dir='ltr'>ἴ</span> 
     </span>
    </p>
   </div>
   <div class='ocr_carea' id='block_1_5' title="bbox 306 2063 1229 2119">
    <p class='ocr_par' dir='ltr' id='par_1_5' title="bbox 306 2063 1229 2119">
     <span class='ocr_line' id='line_1_41' title="bbox 306 2063 1229 2119; baseline -0.003 -8"><span class='ocrx_word' id='word_1_267' title='bbox 306 2079 436 2111; x_wconf 85' lang='lat' dir='ltr'><strong>Graece</strong></span> <span class='ocrx_word' id='word_1_268' title='bbox 465 2079 674 2110; x_wconf 86' lang='lat' dir='ltr'><strong>nominantur</strong></span> <span class='ocrx_word' id='word_1_269' title='bbox 707 2077 849 2116; x_wconf 75' lang='grc' dir='ltr'><strong>τελῶναι,</strong></span> <span class='ocrx_word' id='word_1_270' title='bbox 889 2078 977 2119; x_wconf 91' lang='lat' dir='ltr'><strong>quod</strong></span> <span class='ocrx_word' id='word_1_271' title='bbox 1007 2088 1125 2109; x_wconf 86' lang='lat' dir='ltr'><strong>nornen</strong></span> <span class='ocrx_word' id='word_1_272' title='bbox 1149 2083 1201 2109; x_wconf 86' lang='lat' dir='ltr'><strong>est</strong></span> <span class='ocrx_word' id='word_1_273' title='bbox 1226 2063 1229 2080; x_wconf 77' lang='lat'>¹</span> 
     </span>
    </p>
   </div>
   <div class='ocr_carea' id='block_1_6' title="bbox 219 2120 1229 2679">
    <p class='ocr_par' dir='ltr' id='par_1_6' title="bbox 219 2120 1229 2679">
     <span class='ocr_line' id='line_1_42' title="bbox 219 2120 1200 2161; baseline -0.003 -7"><span class='ocrx_word' id='word_1_274' title='bbox 219 2134 239 2154; x_wconf 78' lang='lat' dir='ltr'><strong>a</strong></span> <span class='ocrx_word' id='word_1_275' title='bbox 261 2125 354 2160; x_wconf 76' lang='grc' dir='ltr'><strong><em>τέλος,</em></strong></span> <span class='ocrx_word' id='word_1_276' title='bbox 376 2128 410 2154; x_wconf 81' lang='lat' dir='ltr'><strong>et</strong></span> <span class='ocrx_word' id='word_1_277' title='bbox 433 2121 566 2160; x_wconf 74' lang='grc' dir='ltr'><strong><em>ὄνοῦμαι.</em></strong></span> <span class='ocrx_word' id='word_1_278' title='bbox 611 2120 710 2161; x_wconf 79' lang='lat' dir='ltr'><strong>Apud</strong></span> <span class='ocrx_word' id='word_1_279' title='bbox 732 2120 870 2153; x_wconf 89' lang='lat' dir='ltr'><strong>Paulum</strong></span> <span class='ocrx_word' id='word_1_280' title='bbox 904 2127 979 2152; x_wconf 87' lang='lat' dir='ltr'><strong>sunt</strong></span> <span class='ocrx_word' id='word_1_281' title='bbox 1015 2121 1078 2152; x_wconf 86' lang='lat' dir='ltr'><strong>duo</strong></span> <span class='ocrx_word' id='word_1_282' title='bbox 1102 2131 1200 2152; x_wconf 78' lang='lat' dir='ltr'><strong>voca-</strong></span> 
     </span>
     <span class='ocr_line' id='line_1_43' title="bbox 220 2163 1202 2206; baseline -0.002 -10"><span class='ocrx_word' id='word_1_283' title='bbox 220 2165 310 2204; x_wconf 90' lang='lat' dir='ltr'><strong>bula,</strong></span> <span class='ocrx_word' id='word_1_284' title='bbox 333 2165 432 2206; x_wconf 77' lang='grc' dir='ltr'><strong><em>Φόρος</em></strong></span> <span class='ocrx_word' id='word_1_285' title='bbox 454 2170 487 2196; x_wconf 84' lang='lat' dir='ltr'><strong>et</strong></span> <span class='ocrx_word' id='word_1_286' title='bbox 510 2167 599 2200; x_wconf 75' lang='grc' dir='ltr'><strong><em>τέλος.</em></strong></span> <span class='ocrx_word' id='word_1_287' title='bbox 630 2163 728 2205; x_wconf 73' lang='grc' dir='ltr'><em>Φάρος</em></span> <span class='ocrx_word' id='word_1_288' title='bbox 751 2169 829 2195; x_wconf 84' lang='lat' dir='ltr'><strong>sunt</strong></span> <span class='ocrx_word' id='word_1_289' title='bbox 851 2164 974 2194; x_wconf 78' lang='lat' dir='ltr'><strong>reditus</strong></span> <span class='ocrx_word' id='word_1_290' title='bbox 999 2173 1038 2194; x_wconf 83' lang='lat' dir='ltr'><strong>ex</strong></span> <span class='ocrx_word' id='word_1_291' title='bbox 1056 2164 1146 2206; x_wconf 79' lang='lat' dir='ltr'><strong>agris</strong></span> <span class='ocrx_word' id='word_1_292' title='bbox 1171 2170 1202 2194; x_wconf 90' lang='lat' dir='ltr'><strong>et</strong></span> 
     </span>
     <span class='ocr_line' id='line_1_44' title="bbox 219 2207 1201 2248; baseline -0.003 -8"><span class='ocrx_word' id='word_1_293' title='bbox 219 2207 396 2240; x_wconf 75' lang='lat' dir='ltr'><strong>fructibus:</strong></span> <span class='ocrx_word' id='word_1_294' title='bbox 443 2211 542 2247; x_wconf 76' lang='lat' dir='ltr'><strong>yemis</strong></span> <span class='ocrx_word' id='word_1_295' title='bbox 571 2208 768 2238; x_wconf 70' lang='lat' dir='ltr'><strong>einlcommen</strong></span> <span class='ocrx_word' id='word_1_296' title='bbox 797 2216 864 2238; x_wconf 72' lang='lat' dir='ltr'><strong>tom</strong></span> <span class='ocrx_word' id='word_1_297' title='bbox 890 2207 1002 2245; x_wconf 79' lang='lat' dir='ltr'><strong>Landt,</strong></span> <span class='ocrx_word' id='word_1_298' title='bbox 1038 2213 1083 2244; x_wconf 85' lang='lat' dir='ltr'><strong>ut,</strong></span> <span class='ocrx_word' id='word_1_299' title='bbox 1113 2207 1201 2248; x_wconf 87' lang='lat' dir='ltr'><strong>quod</strong></span> 
     </span>
     <span class='ocr_line' id='line_1_45' title="bbox 220 2248 1228 2292; baseline -0.004 -9"><span class='ocrx_word' id='word_1_300' title='bbox 220 2252 375 2292; x_wconf 88' lang='lat' dir='ltr'><strong>princeps</strong></span> <span class='ocrx_word' id='word_1_301' title='bbox 408 2249 530 2292; x_wconf 85' lang='lat' dir='ltr'><strong>aliquis</strong></span> <span class='ocrx_word' id='word_1_302' title='bbox 563 2249 664 2281; x_wconf 78' lang='lat' dir='ltr'><strong>habet</strong></span> <span class='ocrx_word' id='word_1_303' title='bbox 699 2259 739 2280; x_wconf 82' lang='lat' dir='ltr'><strong>ex</strong></span> <span class='ocrx_word' id='word_1_304' title='bbox 772 2249 837 2280; x_wconf 85' lang='lat' dir='ltr'><strong>hac</strong></span> <span class='ocrx_word' id='word_1_305' title='bbox 869 2248 1078 2290; x_wconf 80' lang='lat' dir='ltr'><strong>praefectura</strong></span> <span class='ocrx_word' id='word_1_306' title='bbox 1111 2248 1228 2288; x_wconf 69' lang='lat' dir='ltr'><strong>mille¹</strong></span> 
     </span>
     <span class='ocr_line' id='line_1_46' title="bbox 221 2290 1198 2332; baseline -0.002 -7"><span class='ocrx_word' id='word_1_307' title='bbox 221 2295 349 2326; x_wconf 88' lang='lat' dir='ltr'><strong>modios</strong></span> <span class='ocrx_word' id='word_1_308' title='bbox 373 2292 544 2330; x_wconf 83' lang='lat' dir='ltr'><strong>frumenti,</strong></span> <span class='ocrx_word' id='word_1_309' title='bbox 576 2303 616 2324; x_wconf 81' lang='lat' dir='ltr'><strong>ex</strong></span> <span class='ocrx_word' id='word_1_310' title='bbox 638 2291 704 2323; x_wconf 86' lang='lat' dir='ltr'><strong>alia</strong></span> <span class='ocrx_word' id='word_1_311' title='bbox 726 2290 813 2323; x_wconf 86' lang='lat' dir='ltr'><strong>mille</strong></span> <span class='ocrx_word' id='word_1_312' title='bbox 835 2291 1014 2332; x_wconf 75' lang='lat' dir='ltr'><strong>amphoras</strong></span> <span class='ocrx_word' id='word_1_313' title='bbox 1038 2293 1114 2329; x_wconf 67' lang='lat' dir='ltr'><strong>vini,</strong></span> <span class='ocrx_word' id='word_1_314' title='bbox 1138 2299 1198 2323; x_wconf 87' lang='lat' dir='ltr'><strong>etc.</strong></span> 
     </span>
     <span class='ocr_line' id='line_1_47' title="bbox 224 2335 1229 2378; baseline -0.004 -11"><span class='ocrx_word' id='word_1_315' title='bbox 224 2338 319 2373; x_wconf 66' lang='grc' dir='ltr'><em>Τέλος</em></span> <span class='ocrx_word' id='word_1_316' title='bbox 340 2336 505 2378; x_wconf 81' lang='lat' dir='ltr'><strong>significat</strong></span> <span class='ocrx_word' id='word_1_317' title='bbox 528 2335 723 2377; x_wconf 74' lang='lat' dir='ltr'><strong>vectigalia,</strong></span> <span class='ocrx_word' id='word_1_318' title='bbox 754 2341 790 2366; x_wconf 91' lang='lat' dir='ltr'><strong>ut</strong></span> <span class='ocrx_word' id='word_1_319' title='bbox 812 2335 937 2366; x_wconf 86' lang='lat' dir='ltr'><strong>reditus</strong></span> <span class='ocrx_word' id='word_1_320' title='bbox 961 2345 1001 2365; x_wconf 78' lang='lat' dir='ltr'><strong>ex</strong></span> <span class='ocrx_word' id='word_1_321' title='bbox 1024 2336 1202 2375; x_wconf 75' lang='lat' dir='ltr'><strong>portubus;</strong></span> <span class='ocrx_word' id='word_1_322' title='bbox 1227 2366 1229 2374; x_wconf 27' lang='lat' dir='ltr'>y</span> 
     </span>
     <span class='ocr_line' id='line_1_48' title="bbox 222 2376 1228 2420; baseline -0.002 -9"><span class='ocrx_word' id='word_1_323' title='bbox 222 2381 308 2411; x_wconf 72' lang='lat' dir='ltr'><strong>sicut</strong></span> <span class='ocrx_word' id='word_1_324' title='bbox 339 2379 508 2411; x_wconf 85' lang='lat' dir='ltr'><strong>Palatinus</strong></span> <span class='ocrx_word' id='word_1_325' title='bbox 540 2379 642 2410; x_wconf 89' lang='lat' dir='ltr'><strong>habet</strong></span> <span class='ocrx_word' id='word_1_326' title='bbox 666 2379 843 2420; x_wconf 80' lang='lat' dir='ltr'><strong>quotannis</strong></span> <span class='ocrx_word' id='word_1_327' title='bbox 871 2376 997 2419; x_wconf 79' lang='lat' dir='ltr'><strong>aliquot</strong></span> <span class='ocrx_word' id='word_1_328' title='bbox 1020 2376 1121 2408; x_wconf 87' lang='lat' dir='ltr'><strong>millia</strong></span> <span class='ocrx_word' id='word_1_329' title='bbox 1144 2377 1201 2409; x_wconf 84' lang='lat' dir='ltr'><strong>sso·</strong></span> <span class='ocrx_word' id='word_1_330' title='bbox 1227 2378 1228 2381; x_wconf 75' lang='grc'>’</span> 
     </span>
     <span class='ocr_line' id='line_1_49' title="bbox 223 2420 1229 2464; baseline -0.004 -10"><span class='ocrx_word' id='word_1_331' title='bbox 223 2433 377 2454; x_wconf 90' lang='lat' dir='ltr'><strong>renorum</strong></span> <span class='ocrx_word' id='word_1_332' title='bbox 400 2432 441 2454; x_wconf 82' lang='lat' dir='ltr'><strong>ex</strong></span> <span class='ocrx_word' id='word_1_333' title='bbox 464 2422 683 2464; x_wconf 77' lang='lat' dir='ltr'><strong>vectigalibus</strong></span> <span class='ocrx_word' id='word_1_334' title='bbox 709 2421 750 2452; x_wconf 88' lang='lat' dir='ltr'><strong>ad</strong></span> <span class='ocrx_word' id='word_1_335' title='bbox 774 2420 935 2452; x_wconf 85' lang='lat' dir='ltr'><strong>Rhenum.</strong></span> <span class='ocrx_word' id='word_1_336' title='bbox 982 2421 1039 2451; x_wconf 89' lang='lat' dir='ltr'><strong>Sic</strong></span> <span class='ocrx_word' id='word_1_337' title='bbox 1062 2420 1201 2461; x_wconf 80' lang='lat' dir='ltr'><strong>Mogun-</strong></span> <span class='ocrx_word' id='word_1_338' title='bbox 1227 2430 1229 2447; x_wconf 66' lang='lat' dir='ltr'>J</span> 
     </span>
     <span class='ocr_line' id='line_1_50' title="bbox 223 2463 1229 2506; baseline -0.003 -9"><span class='ocrx_word' id='word_1_339' title='bbox 223 2467 323 2504; x_wconf 81' lang='lat' dir='ltr'><strong>tinuS,</strong></span> <span class='ocrx_word' id='word_1_340' title='bbox 346 2471 409 2497; x_wconf 89' lang='lat' dir='ltr'><strong>etc.</strong></span> <span class='ocrx_word' id='word_1_341' title='bbox 454 2464 627 2497; x_wconf 86' lang='lat' dir='ltr'><strong>Vocantur</strong></span> <span class='ocrx_word' id='word_1_342' title='bbox 650 2474 732 2506; x_wconf 85' lang='lat' dir='ltr'><strong>ergo</strong></span> <span class='ocrx_word' id='word_1_343' title='bbox 759 2465 902 2500; x_wconf 72' lang='grc' dir='ltr'><strong>τελῶναι,</strong></span> <span class='ocrx_word' id='word_1_344' title='bbox 932 2464 1007 2504; x_wconf 88' lang='lat' dir='ltr'><strong>quia</strong></span> <span class='ocrx_word' id='word_1_345' title='bbox 1036 2463 1202 2494; x_wconf 84' lang='lat' dir='ltr'><strong>habebant</strong></span> <span class='ocrx_word' id='word_1_346' title='bbox 1228 2465 1229 2469; x_wconf 78' lang='grc'>’</span> 
     </span>
     <span class='ocr_line' id='line_1_51' title="bbox 223 2504 1201 2550; baseline -0.004 -10"><span class='ocrx_word' id='word_1_347' title='bbox 223 2514 353 2550; x_wconf 86' lang='lat' dir='ltr'><strong>emptos</strong></span> <span class='ocrx_word' id='word_1_348' title='bbox 375 2509 510 2540; x_wconf 80' lang='lat' dir='ltr'><strong>reditus.</strong></span> <span class='ocrx_word' id='word_1_349' title='bbox 556 2507 795 2539; x_wconf 90' lang='lat' dir='ltr'><strong>Conducebant</strong></span> <span class='ocrx_word' id='word_1_350' title='bbox 818 2504 1065 2547; x_wconf 77' lang='lat' dir='ltr'><strong>praefecturas,</strong></span> <span class='ocrx_word' id='word_1_351' title='bbox 1090 2512 1123 2537; x_wconf 88' lang='lat' dir='ltr'><strong>et</strong></span> <span class='ocrx_word' id='word_1_352' title='bbox 1147 2507 1201 2537; x_wconf 84' lang='lat' dir='ltr'><strong>da-</strong></span> 
     </span>
     <span class='ocr_line' id='line_1_52' title="bbox 224 2548 1203 2593; baseline -0.003 -10"><span class='ocrx_word' id='word_1_353' title='bbox 224 2552 303 2583; x_wconf 86' lang='lat' dir='ltr'><strong>bant</strong></span> <span class='ocrx_word' id='word_1_354' title='bbox 326 2557 451 2583; x_wconf 85' lang='lat' dir='ltr'><strong>certam</strong></span> <span class='ocrx_word' id='word_1_355' title='bbox 472 2552 646 2593; x_wconf 72' lang='lat' dir='ltr'><strong>pecuniam</strong></span> <span class='ocrx_word' id='word_1_356' title='bbox 669 2550 799 2581; x_wconf 77' lang='lat' dir='ltr'><strong>senatui</strong></span> <span class='ocrx_word' id='word_1_357' title='bbox 822 2549 982 2581; x_wconf 80' lang='lat' dir='ltr'><strong>Romano.</strong></span> <span class='ocrx_word' id='word_1_358' title='bbox 1028 2548 1063 2579; x_wconf 87' lang='lat' dir='ltr'><strong>Si</strong></span> <span class='ocrx_word' id='word_1_359' title='bbox 1090 2549 1203 2581; x_wconf 81' lang='lat' dir='ltr'><strong>habuit</strong></span> 
     </span>
     <span class='ocr_line' id='line_1_53' title="bbox 224 2591 1202 2636; baseline -0.004 -10"><span class='ocrx_word' id='word_1_360' title='bbox 224 2593 344 2634; x_wconf 81' lang='lat' dir='ltr'><strong>aliquis</strong></span> <span class='ocrx_word' id='word_1_361' title='bbox 366 2594 569 2636; x_wconf 76' lang='lat' dir='ltr'><strong>provinciam</strong></span> <span class='ocrx_word' id='word_1_362' title='bbox 595 2594 659 2625; x_wconf 88' lang='lat' dir='ltr'><strong>sibi</strong></span> <span class='ocrx_word' id='word_1_363' title='bbox 681 2591 862 2631; x_wconf 64' lang='lat' dir='ltr'><strong>elocatum,</strong></span> <span class='ocrx_word' id='word_1_364' title='bbox 888 2593 917 2623; x_wconf 89' lang='lat' dir='ltr'><strong>is</strong></span> <span class='ocrx_word' id='word_1_365' title='bbox 941 2593 1134 2623; x_wconf 79' lang='lat' dir='ltr'><strong>numerabat</strong></span> <span class='ocrx_word' id='word_1_366' title='bbox 1162 2601 1202 2623; x_wconf 84' lang='lat' dir='ltr'><strong>ex</strong></span> 
     </span>
     <span class='ocr_line' id='line_1_54' title="bbox 225 2635 1201 2679; baseline -0.003 -11"><span class='ocrx_word' id='word_1_367' title='bbox 225 2638 384 2670; x_wconf 84' lang='lat' dir='ltr'><strong>reditibus</strong></span> <span class='ocrx_word' id='word_1_368' title='bbox 402 2643 433 2668; x_wconf 89' lang='lat' dir='ltr'><strong>et</strong></span> <span class='ocrx_word' id='word_1_369' title='bbox 456 2636 679 2679; x_wconf 82' lang='lat' dir='ltr'><strong>vectigalibus</strong></span> <span class='ocrx_word' id='word_1_370' title='bbox 702 2635 790 2667; x_wconf 87' lang='lat' dir='ltr'><strong>illius</strong></span> <span class='ocrx_word' id='word_1_371' title='bbox 817 2635 1022 2677; x_wconf 83' lang='lat' dir='ltr'><strong>provinciae,</strong></span> <span class='ocrx_word' id='word_1_372' title='bbox 1045 2640 1201 2676; x_wconf 84' lang='lat' dir='ltr'><strong>quantum</strong></span> 
     </span>
    </p>
   </div>
   <div class='ocr_carea' id='block_1_7' title="bbox 1227 1979 1231 2587">
    <p class='ocr_par' dir='ltr' id='par_1_7' title="bbox 1227 1979 1231 2587">
     <span class='ocr_line' id='line_1_55' title="bbox 1227 1979 1231 2587; baseline 0 0"><span class='ocrx_word' id='word_1_373' title='bbox 1227 1979 1231 2587; x_wconf 95' lang='lat' dir='ltr'><strong> </strong></span> 
     </span>
    </p>
   </div>
   <div class='ocr_carea' id='block_1_8' title="bbox 854 183 1589 218">
    <p class='ocr_par' dir='ltr' id='par_1_8' title="bbox 854 183 1589 218">
     <span class='ocr_line' id='line_1_56' title="bbox 854 183 1589 218; baseline 0.001 -2"><span class='ocrx_word' id='word_1_374' title='bbox 854 185 965 218; x_wconf 77' lang='lat' dir='ltr'><strong>PHtL.</strong></span> <span class='ocrx_word' id='word_1_375' title='bbox 991 186 1090 216; x_wconf 72' lang='lat' dir='ltr'>MEL.</span> <span class='ocrx_word' id='word_1_376' title='bbox 1115 183 1300 217; x_wconf 76' lang='lat' dir='ltr'><strong>SCRtP&#39;rA</strong></span> <span class='ocrx_word' id='word_1_377' title='bbox 1328 184 1589 217; x_wconf 71' lang='lat' dir='ltr'><strong>EXEGE&#39;rwA.</strong></span> 
     </span>
    </p>
   </div>
   <div class='ocr_carea' id='block_1_9' title="bbox 1222 279 1769 320">
    <p class='ocr_par' dir='ltr' id='par_1_9' title="bbox 1222 279 1769 320">
     <span class='ocr_line' id='line_1_57' title="bbox 1222 279 1769 320; baseline -0.002 -10"><span class='ocrx_word' id='word_1_378' title='bbox 1222 279 1460 311; x_wconf 76' lang='lat' dir='ltr'><strong>&#39;constitutum</strong></span> <span class='ocrx_word' id='word_1_379' title='bbox 1495 286 1565 311; x_wconf 87' lang='lat' dir='ltr'><strong>erat</strong></span> <span class='ocrx_word' id='word_1_380' title='bbox 1599 281 1769 320; x_wconf 87' lang='lat' dir='ltr'><strong>pecuniae.</strong></span> 
     </span>
    </p>
   </div>
   <div class='ocr_carea' id='block_1_10' title="bbox 1221 1312 1401 1338">
    <p class='ocr_par' dir='ltr' id='par_1_10' title="bbox 1221 1312 1401 1338">
     <span class='ocr_line' id='line_1_58' title="bbox 1221 1312 1401 1338; baseline -0.011 0"><span class='ocrx_word' id='word_1_381' title='bbox 1221 1323 1223 1334; x_wconf 66' lang='grc' dir='ltr'><strong><em>ι</em></strong></span> <span class='ocrx_word' id='word_1_382' title='bbox 1248 1313 1316 1338; x_wconf 87' lang='lat' dir='ltr'><strong>tum</strong></span> <span class='ocrx_word' id='word_1_383' title='bbox 1340 1312 1401 1337; x_wconf 86' lang='lat' dir='ltr'><strong>est.</strong></span> 
     </span>
    </p>
   </div>
   <div class='ocr_carea' id='block_1_11' title="bbox 1228 2506 1479 2537">
    <p class='ocr_par' dir='ltr' id='par_1_11' title="bbox 1228 2506 1479 2537">
     <span class='ocr_line' id='line_1_59' title="bbox 1228 2506 1479 2537; baseline 0 -3"><span class='ocrx_word' id='word_1_384' title='bbox 1228 2529 1229 2534; x_wconf 69' lang='grc'>,</span> <span class='ocrx_word' id='word_1_385' title='bbox 1254 2512 1374 2537; x_wconf 84' lang='lat' dir='ltr'><strong>tonnas</strong></span> <span class='ocrx_word' id='word_1_386' title='bbox 1398 2506 1479 2537; x_wconf 82' lang='lat' dir='ltr'><strong>auri.</strong></span> 
     </span>
    </p>
   </div>
   <div class='ocr_carea' id='block_1_12' title="bbox 2185 189 2227 219">
    <p class='ocr_par' dir='ltr' id='par_1_12' title="bbox 2185 189 2227 219">
     <span class='ocr_line' id='line_1_60' title="bbox 2185 189 2227 219; baseline 0 0"><span class='ocrx_word' id='word_1_387' title='bbox 2185 189 2227 219; x_wconf 73' lang='lat'><strong>92</strong></span> 
     </span>
    </p>
   </div>
   <div class='ocr_carea' id='block_1_13' title="bbox 1245 280 2233 1473">
    <p class='ocr_par' dir='ltr' id='par_1_13' title="bbox 1246 280 2228 578">
     <span class='ocr_line' id='line_1_61' title="bbox 1833 280 2228 322; baseline 0 -10"><span class='ocrx_word' id='word_1_388' title='bbox 1833 280 1929 315; x_wconf 89' lang='lat' dir='ltr'><strong>Quod</strong></span> <span class='ocrx_word' id='word_1_389' title='bbox 1963 280 2123 322; x_wconf 80' lang='lat' dir='ltr'><strong>reliquum</strong></span> <span class='ocrx_word' id='word_1_390' title='bbox 2157 287 2228 312; x_wconf 84' lang='lat' dir='ltr'><strong>erat</strong></span> 
     </span>
     <span class='ocr_line' id='line_1_62' title="bbox 1248 322 2226 366; baseline 0.002 -12"><span class='ocrx_word' id='word_1_391' title='bbox 1248 332 1349 363; x_wconf 79' lang='lat' dir='ltr'><strong>supra</strong></span> <span class='ocrx_word' id='word_1_392' title='bbox 1362 332 1519 354; x_wconf 81' lang='lat' dir='ltr'><strong>summam</strong></span> <span class='ocrx_word' id='word_1_393' title='bbox 1545 322 1633 354; x_wconf 86' lang='lat' dir='ltr'><strong>illam</strong></span> <span class='ocrx_word' id='word_1_394' title='bbox 1653 323 1874 360; x_wconf 80' lang='lat' dir='ltr'><strong>constitutam3</strong></span> <span class='ocrx_word' id='word_1_395' title='bbox 1898 324 1929 354; x_wconf 82' lang='lat' dir='ltr'><strong>id</strong></span> <span class='ocrx_word' id='word_1_396' title='bbox 1953 324 2037 364; x_wconf 79' lang='lat' dir='ltr'><strong>ipse,</strong></span> <span class='ocrx_word' id='word_1_397' title='bbox 2061 330 2226 366; x_wconf 78' lang='lat' dir='ltr'><strong>tamquam</strong></span> 
     </span>
     <span class='ocr_line' id='line_1_63' title="bbox 1247 365 2227 403; baseline 0.003 -7"><span class='ocrx_word' id='word_1_398' title='bbox 1247 376 1354 403; x_wconf 78' lang='lat' dir='ltr'><strong>suum,</strong></span> <span class='ocrx_word' id='word_1_399' title='bbox 1378 366 1550 396; x_wconf 79' lang='lat' dir='ltr'><strong>retinebat.</strong></span> <span class='ocrx_word' id='word_1_400' title='bbox 1596 365 1746 396; x_wconf 82' lang='lat' dir='ltr'><strong>Venetiis</strong></span> <span class='ocrx_word' id='word_1_401' title='bbox 1774 365 1882 397; x_wconf 81' lang='lat' dir='ltr'><strong>adhuc</strong></span> <span class='ocrx_word' id='word_1_402' title='bbox 1913 373 1966 398; x_wconf 80' lang='lat' dir='ltr'><strong>est</strong></span> <span class='ocrx_word' id='word_1_403' title='bbox 1989 377 2029 398; x_wconf 85' lang='lat' dir='ltr'><strong>ea</strong></span> <span class='ocrx_word' id='word_1_404' title='bbox 2051 374 2227 399; x_wconf 82' lang='lat' dir='ltr'><strong>consuetu-</strong></span> 
     </span>
     <span class='ocr_line' id='line_1_64' title="bbox 1247 407 2227 449; baseline 0.003 -10"><span class='ocrx_word' id='word_1_405' title='bbox 1247 409 1305 439; x_wconf 87' lang='lat' dir='ltr'><strong>do:</strong></span> <span class='ocrx_word' id='word_1_406' title='bbox 1334 407 1473 440; x_wconf 86' lang='lat' dir='ltr'><strong>Elocant</strong></span> <span class='ocrx_word' id='word_1_407' title='bbox 1487 408 1605 440; x_wconf 86' lang='lat' dir='ltr'><strong>Veneti</strong></span> <span class='ocrx_word' id='word_1_408' title='bbox 1629 407 1866 449; x_wconf 77' lang='lat' dir='ltr'><strong>praefecturas,</strong></span> <span class='ocrx_word' id='word_1_409' title='bbox 1890 410 1921 440; x_wconf 88' lang='lat' dir='ltr'><strong>id</strong></span> <span class='ocrx_word' id='word_1_410' title='bbox 1934 417 1996 447; x_wconf 87' lang='lat' dir='ltr'><strong>est,</strong></span> <span class='ocrx_word' id='word_1_411' title='bbox 2020 411 2227 442; x_wconf 84' lang='lat' dir='ltr'><strong>committunt</strong></span> 
     </span>
     <span class='ocr_line' id='line_1_65' title="bbox 1246 450 2227 494; baseline 0.002 -12"><span class='ocrx_word' id='word_1_412' title='bbox 1246 450 1344 482; x_wconf 85' lang='lat' dir='ltr'><strong>alicui</strong></span> <span class='ocrx_word' id='word_1_413' title='bbox 1368 452 1492 483; x_wconf 85' lang='lat' dir='ltr'><strong>reditus</strong></span> <span class='ocrx_word' id='word_1_414' title='bbox 1516 452 1725 492; x_wconf 82' lang='lat' dir='ltr'><strong>provinciae,</strong></span> <span class='ocrx_word' id='word_1_415' title='bbox 1753 458 1789 482; x_wconf 91' lang='lat' dir='ltr'><strong>ut</strong></span> <span class='ocrx_word' id='word_1_416' title='bbox 1812 458 1934 483; x_wconf 85' lang='lat' dir='ltr'><strong>certam</strong></span> <span class='ocrx_word' id='word_1_417' title='bbox 1958 453 2032 483; x_wconf 89' lang='lat' dir='ltr'><strong>inde</strong></span> <span class='ocrx_word' id='word_1_418' title='bbox 2056 453 2227 494; x_wconf 85' lang='lat' dir='ltr'><strong>pecuniam</strong></span> 
     </span>
     <span class='ocr_line' id='line_1_66' title="bbox 1246 494 2226 536; baseline 0 -11"><span class='ocrx_word' id='word_1_419' title='bbox 1246 494 1327 535; x_wconf 87' lang='lat' dir='ltr'><strong>ipsis</strong></span> <span class='ocrx_word' id='word_1_420' title='bbox 1351 501 1518 525; x_wconf 86' lang='lat' dir='ltr'><strong>numeret:</strong></span> <span class='ocrx_word' id='word_1_421' title='bbox 1547 495 1618 536; x_wconf 89' lang='lat' dir='ltr'><strong>qui,</strong></span> <span class='ocrx_word' id='word_1_422' title='bbox 1648 504 1721 525; x_wconf 90' lang='lat' dir='ltr'><strong>cnm</strong></span> <span class='ocrx_word' id='word_1_423' title='bbox 1749 500 1860 536; x_wconf 87' lang='lat' dir='ltr'><strong>potest</strong></span> <span class='ocrx_word' id='word_1_424' title='bbox 1883 494 2004 536; x_wconf 83' lang='lat' dir='ltr'><strong>aliquid</strong></span> <span class='ocrx_word' id='word_1_425' title='bbox 2028 494 2167 533; x_wconf 87' lang='lat' dir='ltr'><strong>lucrari,</strong></span> <span class='ocrx_word' id='word_1_426' title='bbox 2196 496 2226 525; x_wconf 90' lang='lat' dir='ltr'><strong>id</strong></span> 
     </span>
     <span class='ocr_line' id='line_1_67' title="bbox 1246 537 1684 578; baseline 0.002 -11"><span class='ocrx_word' id='word_1_427' title='bbox 1246 547 1307 578; x_wconf 88' lang='lat' dir='ltr'><strong>pro</strong></span> <span class='ocrx_word' id='word_1_428' title='bbox 1331 547 1391 568; x_wconf 92' lang='lat' dir='ltr'><strong>suo</strong></span> <span class='ocrx_word' id='word_1_429' title='bbox 1416 537 1533 568; x_wconf 87' lang='lat' dir='ltr'><strong>labore</strong></span> <span class='ocrx_word' id='word_1_430' title='bbox 1555 539 1684 568; x_wconf 84' lang='lat' dir='ltr'><strong>retinet.</strong></span> 
     </span>
    </p>

    <p class='ocr_par' dir='ltr' id='par_1_14' title="bbox 1245 578 2230 1217">
     <span class='ocr_line' id='line_1_68' title="bbox 1333 578 2228 621; baseline 0.001 -11"><span class='ocrx_word' id='word_1_431' title='bbox 1333 580 1431 620; x_wconf 83' lang='lat' dir='ltr'><strong>Apud</strong></span> <span class='ocrx_word' id='word_1_432' title='bbox 1466 580 1669 611; x_wconf 82' lang='lat' dir='ltr'><strong>Herodotum</strong></span> <span class='ocrx_word' id='word_1_433' title='bbox 1711 586 1744 610; x_wconf 87' lang='lat' dir='ltr'><strong>et</strong></span> <span class='ocrx_word' id='word_1_434' title='bbox 1777 578 2029 621; x_wconf 79' lang='lat' dir='ltr'><strong>Xenophontem</strong></span> <span class='ocrx_word' id='word_1_435' title='bbox 2064 586 2228 617; x_wconf 74' lang='lat' dir='ltr'><strong>narratur,</strong></span> 
     </span>
     <span class='ocr_line' id='line_1_69' title="bbox 1246 621 2227 664; baseline -0.002 -10"><span class='ocrx_word' id='word_1_436' title='bbox 1246 629 1396 664; x_wconf 86' lang='lat' dir='ltr'><strong>tempore</strong></span> <span class='ocrx_word' id='word_1_437' title='bbox 1408 621 1486 664; x_wconf 79' lang='lat' dir='ltr'><strong>Cyri</strong></span> <span class='ocrx_word' id='word_1_438' title='bbox 1499 623 1643 654; x_wconf 81' lang='lat' dir='ltr'><strong>nondum</strong></span> <span class='ocrx_word' id='word_1_439' title='bbox 1668 623 1790 653; x_wconf 83' lang='lat' dir='ltr'><strong>indicta</strong></span> <span class='ocrx_word' id='word_1_440' title='bbox 1812 623 1917 654; x_wconf 76' lang='lat' dir='ltr'><strong>tuisse</strong></span> <span class='ocrx_word' id='word_1_441' title='bbox 1936 623 2056 654; x_wconf 86' lang='lat' dir='ltr'><strong>tributa</strong></span> <span class='ocrx_word' id='word_1_442' title='bbox 2074 622 2227 660; x_wconf 82' lang='lat' dir='ltr'><strong>subditis,</strong></span> 
     </span>
     <span class='ocr_line' id='line_1_70' title="bbox 1247 663 2225 705; baseline 0.001 -9"><span class='ocrx_word' id='word_1_443' title='bbox 1247 666 1307 696; x_wconf 87' lang='lat' dir='ltr'><strong>sed</strong></span> <span class='ocrx_word' id='word_1_444' title='bbox 1337 666 1426 697; x_wconf 81' lang='lat' dir='ltr'><strong>dona</strong></span> <span class='ocrx_word' id='word_1_445' title='bbox 1455 675 1514 696; x_wconf 90' lang='lat' dir='ltr'><strong>seu</strong></span> <span class='ocrx_word' id='word_1_446' title='bbox 1542 675 1677 697; x_wconf 87' lang='lat' dir='ltr'><strong>munera</strong></span> <span class='ocrx_word' id='word_1_447' title='bbox 1702 671 1821 705; x_wconf 86' lang='lat' dir='ltr'><strong>sponte</strong></span> <span class='ocrx_word' id='word_1_448' title='bbox 1852 663 1995 696; x_wconf 87' lang='lat' dir='ltr'><strong>conferri</strong></span> <span class='ocrx_word' id='word_1_449' title='bbox 2017 665 2118 697; x_wconf 82' lang='lat' dir='ltr'><strong>solita</strong></span> <span class='ocrx_word' id='word_1_450' title='bbox 2140 675 2225 697; x_wconf 26' lang='lat' dir='ltr'><strong>esse*</strong></span> 
     </span>
     <span class='ocr_line' id='line_1_71' title="bbox 1247 707 2228 749; baseline 0 -10"><span class='ocrx_word' id='word_1_451' title='bbox 1247 707 1394 739; x_wconf 84' lang='lat' dir='ltr'><strong>Croesus</strong></span> <span class='ocrx_word' id='word_1_452' title='bbox 1418 710 1504 739; x_wconf 89' lang='lat' dir='ltr'><strong>enim</strong></span> <span class='ocrx_word' id='word_1_453' title='bbox 1517 707 1640 749; x_wconf 81' lang='lat' dir='ltr'><strong>Cyrum</strong></span> <span class='ocrx_word' id='word_1_454' title='bbox 1663 707 1826 745; x_wconf 70' lang='lat' dir='ltr'><strong>hortatur,</strong></span> <span class='ocrx_word' id='word_1_455' title='bbox 1849 715 1884 739; x_wconf 91' lang='lat' dir='ltr'><strong>ut</strong></span> <span class='ocrx_word' id='word_1_456' title='bbox 1907 718 2045 740; x_wconf 86' lang='lat' dir='ltr'><strong>censum</strong></span> <span class='ocrx_word' id='word_1_457' title='bbox 2067 708 2228 746; x_wconf 83' lang='lat' dir='ltr'><strong>instituat,</strong></span> 
     </span>
     <span class='ocr_line' id='line_1_72' title="bbox 1247 751 2228 792; baseline 0 -10"><span class='ocrx_word' id='word_1_458' title='bbox 1247 757 1279 782; x_wconf 89' lang='lat' dir='ltr'><strong>et</strong></span> <span class='ocrx_word' id='word_1_459' title='bbox 1302 752 1457 782; x_wconf 86' lang='lat' dir='ltr'><strong>tributum</strong></span> <span class='ocrx_word' id='word_1_460' title='bbox 1482 751 1612 782; x_wconf 85' lang='lat' dir='ltr'><strong>indicet.</strong></span> <span class='ocrx_word' id='word_1_461' title='bbox 1659 751 1769 792; x_wconf 54' lang='lat' dir='ltr'><strong>Cyrus</strong></span> <span class='ocrx_word' id='word_1_462' title='bbox 1794 751 1922 792; x_wconf 80' lang='lat' dir='ltr'><strong>quaerit</strong></span> <span class='ocrx_word' id='word_1_463' title='bbox 1945 761 1987 782; x_wconf 90' lang='lat' dir='ltr'><strong>ex</strong></span> <span class='ocrx_word' id='word_1_464' title='bbox 2009 752 2099 789; x_wconf 82' lang='lat' dir='ltr'><strong>suis,</strong></span> <span class='ocrx_word' id='word_1_465' title='bbox 2127 761 2228 792; x_wconf 78' lang='lat' dir='ltr'><strong>quan-</strong></span> 
     </span>
     <span class='ocr_line' id='line_1_73' title="bbox 1246 793 2227 835; baseline -0.001 -10"><span class='ocrx_word' id='word_1_466' title='bbox 1246 800 1313 825; x_wconf 86' lang='lat' dir='ltr'><strong>tum</strong></span> <span class='ocrx_word' id='word_1_467' title='bbox 1337 794 1446 825; x_wconf 86' lang='lat' dir='ltr'><strong>adhuc</strong></span> <span class='ocrx_word' id='word_1_468' title='bbox 1470 795 1630 834; x_wconf 87' lang='lat' dir='ltr'><strong>pecuniae</strong></span> <span class='ocrx_word' id='word_1_469' title='bbox 1651 794 1798 825; x_wconf 82' lang='lat' dir='ltr'><strong>habeant</strong></span> <span class='ocrx_word' id='word_1_470' title='bbox 1820 794 1853 824; x_wconf 92' lang='lat' dir='ltr'><strong>in</strong></span> <span class='ocrx_word' id='word_1_471' title='bbox 1876 799 2040 835; x_wconf 88' lang='lat' dir='ltr'><strong>promptu.</strong></span> <span class='ocrx_word' id='word_1_472' title='bbox 2076 793 2159 825; x_wconf 81' lang='lat' dir='ltr'><strong>Cum</strong></span> <span class='ocrx_word' id='word_1_473' title='bbox 2181 794 2227 825; x_wconf 88' lang='lat' dir='ltr'><strong>in·</strong></span> 
     </span>
     <span class='ocr_line' id='line_1_74' title="bbox 1247 835 2228 877; baseline 0 -9"><span class='ocrx_word' id='word_1_474' title='bbox 1247 837 1395 868; x_wconf 80' lang='lat' dir='ltr'><strong>venisset</strong></span> <span class='ocrx_word' id='word_1_475' title='bbox 1417 836 1518 868; x_wconf 88' lang='lat' dir='ltr'><strong>multo</strong></span> <span class='ocrx_word' id='word_1_476' title='bbox 1542 835 1618 877; x_wconf 83' lang='lat' dir='ltr'><strong>plus</strong></span> <span class='ocrx_word' id='word_1_477' title='bbox 1641 846 1739 877; x_wconf 79' lang='lat' dir='ltr'><strong>quam</strong></span> <span class='ocrx_word' id='word_1_478' title='bbox 1762 838 1936 877; x_wconf 73' lang='lat' dir='ltr'><strong>sperabat,</strong></span> <span class='ocrx_word' id='word_1_479' title='bbox 1966 843 2103 868; x_wconf 78' lang='lat' dir='ltr'><strong>revocat</strong></span> <span class='ocrx_word' id='word_1_480' title='bbox 2125 836 2168 867; x_wconf 82' lang='lat' dir='ltr'><strong>ad</strong></span> <span class='ocrx_word' id='word_1_481' title='bbox 2191 846 2228 868; x_wconf 80' lang='lat' dir='ltr'><strong>se</strong></span> 
     </span>
     <span class='ocr_line' id='line_1_75' title="bbox 1248 879 2227 921; baseline 0.002 -13"><span class='ocrx_word' id='word_1_482' title='bbox 1248 879 1425 910; x_wconf 67' lang='lat' dir='ltr'><strong>Croesum:</strong></span> <span class='ocrx_word' id='word_1_483' title='bbox 1461 881 1522 918; x_wconf 83' lang='grc' dir='ltr'><strong>Αη,</strong></span> <span class='ocrx_word' id='word_1_484' title='bbox 1546 880 1666 921; x_wconf 86' lang='lat' dir='ltr'><strong>inquit,</strong></span> <span class='ocrx_word' id='word_1_485' title='bbox 1689 880 1801 911; x_wconf 72' lang='lat' dir='ltr'><strong>melius</strong></span> <span class='ocrx_word' id='word_1_486' title='bbox 1824 884 1874 911; x_wconf 73' lang='lat' dir='ltr'><strong>est</strong></span> <span class='ocrx_word' id='word_1_487' title='bbox 1894 881 2116 911; x_wconf 69' lang='lat' dir='ltr'><strong>commendare</strong></span> <span class='ocrx_word' id='word_1_488' title='bbox 2135 888 2227 919; x_wconf 82' lang='lat' dir='ltr'><strong>pecu-</strong></span> 
     </span>
     <span class='ocr_line' id='line_1_76' title="bbox 1248 921 2229 963; baseline 0.001 -10"><span class='ocrx_word' id='word_1_489' title='bbox 1248 926 1332 954; x_wconf 79' lang='lat' dir='ltr'><strong>niam</strong></span> <span class='ocrx_word' id='word_1_490' title='bbox 1353 926 1478 959; x_wconf 74' lang='lat' dir='ltr'><strong>amicis,</strong></span> <span class='ocrx_word' id='word_1_491' title='bbox 1502 932 1596 962; x_wconf 81' lang='lat' dir='ltr'><strong>quam</strong></span> <span class='ocrx_word' id='word_1_492' title='bbox 1617 921 1744 953; x_wconf 68' lang='lat' dir='ltr'><strong>serris?</strong></span> <span class='ocrx_word' id='word_1_493' title='bbox 1789 921 1982 963; x_wconf 85' lang='lat' dir='ltr'><strong>Respondet</strong></span> <span class='ocrx_word' id='word_1_494' title='bbox 2005 921 2077 954; x_wconf 84' lang='lat' dir='ltr'><strong>ille:</strong></span> <span class='ocrx_word' id='word_1_495' title='bbox 2108 924 2229 954; x_wconf 68' lang='lat' dir='ltr'><strong>Amicis</strong></span> 
     </span>
     <span class='ocr_line' id='line_1_77' title="bbox 1245 964 2227 1006; baseline 0 -10"><span class='ocrx_word' id='word_1_496' title='bbox 1245 969 1362 1006; x_wconf 77' lang='lat' dir='ltr'><strong>potius.</strong></span> <span class='ocrx_word' id='word_1_497' title='bbox 1420 966 1519 1004; x_wconf 70' lang='lat' dir='ltr'><strong>Eryo,</strong></span> <span class='ocrx_word' id='word_1_498' title='bbox 1554 966 1657 1006; x_wconf 90' lang='lat' dir='ltr'><strong>inquit</strong></span> <span class='ocrx_word' id='word_1_499' title='bbox 1692 964 1818 1006; x_wconf 78' lang='lat' dir='ltr'><strong>Cyrus,</strong></span> <span class='ocrx_word' id='word_1_500' title='bbox 1851 967 2070 1004; x_wconf 67' lang='lat' dir='ltr'><strong>relinquamus</strong></span> <span class='ocrx_word' id='word_1_501' title='bbox 2104 968 2227 996; x_wconf 70' lang='lat' dir='ltr'><strong>enticis.</strong></span> 
     </span>
     <span class='ocr_line' id='line_1_78' title="bbox 1247 1005 2230 1048; baseline -0.001 -9"><span class='ocrx_word' id='word_1_502' title='bbox 1247 1010 1330 1040; x_wconf 75' lang='lat' dir='ltr'><strong>Nam</strong></span> <span class='ocrx_word' id='word_1_503' title='bbox 1358 1010 1389 1039; x_wconf 73' lang='lat' dir='ltr'><strong>si</strong></span> <span class='ocrx_word' id='word_1_504' title='bbox 1416 1009 1502 1039; x_wconf 70' lang='lat' dir='ltr'><strong>serm·</strong></span> <span class='ocrx_word' id='word_1_505' title='bbox 1530 1011 1724 1048; x_wconf 67' lang='lat' dir='ltr'><strong>acciperent,</strong></span> <span class='ocrx_word' id='word_1_506' title='bbox 1758 1011 1869 1039; x_wconf 78' lang='lat' dir='ltr'><strong>statim</strong></span> <span class='ocrx_word' id='word_1_507' title='bbox 1892 1008 2118 1039; x_wconf 69' lang='lat' dir='ltr'><strong>distraherent.</strong></span> <span class='ocrx_word' id='word_1_508' title='bbox 2161 1005 2230 1038; x_wconf 80' lang='lat' dir='ltr'><strong>Da-</strong></span> 
     </span>
     <span class='ocr_line' id='line_1_79' title="bbox 1247 1050 2229 1091; baseline 0 -10"><span class='ocrx_word' id='word_1_509' title='bbox 1247 1051 1315 1081; x_wconf 87' lang='lat' dir='ltr'><strong>rius</strong></span> <span class='ocrx_word' id='word_1_510' title='bbox 1341 1050 1518 1091; x_wconf 78' lang='lat' dir='ltr'><strong>Hystaspis</strong></span> <span class='ocrx_word' id='word_1_511' title='bbox 1551 1056 1669 1090; x_wconf 79' lang='lat' dir='ltr'><strong>postea</strong></span> <span class='ocrx_word' id='word_1_512' title='bbox 1702 1051 1824 1082; x_wconf 84' lang='lat' dir='ltr'><strong>tributa</strong></span> <span class='ocrx_word' id='word_1_513' title='bbox 1857 1051 2026 1082; x_wconf 81' lang='lat' dir='ltr'><strong>constituit</strong></span> <span class='ocrx_word' id='word_1_514' title='bbox 2059 1050 2092 1081; x_wconf 77' lang='lat' dir='ltr'><strong>ln</strong></span> <span class='ocrx_word' id='word_1_515' title='bbox 2125 1058 2229 1090; x_wconf 80' lang='lat' dir='ltr'><strong>regno</strong></span> 
     </span>
     <span class='ocr_line' id='line_1_80' title="bbox 1248 1091 2230 1134; baseline -0.001 -10"><span class='ocrx_word' id='word_1_516' title='bbox 1248 1093 1406 1130; x_wconf 82' lang='lat' dir='ltr'><strong>Persico,</strong></span> <span class='ocrx_word' id='word_1_517' title='bbox 1434 1093 1522 1123; x_wconf 90' lang='lat' dir='ltr'><strong>unde</strong></span> <span class='ocrx_word' id='word_1_518' title='bbox 1544 1098 1698 1132; x_wconf 71' lang='lat' dir='ltr'><strong>quaestor</strong></span> <span class='ocrx_word' id='word_1_519' title='bbox 1720 1099 1771 1124; x_wconf 80' lang='lat' dir='ltr'><strong>est</strong></span> <span class='ocrx_word' id='word_1_520' title='bbox 1793 1099 2014 1134; x_wconf 81' lang='lat' dir='ltr'><strong>nuncupatus.</strong></span> <span class='ocrx_word' id='word_1_521' title='bbox 2059 1092 2144 1124; x_wconf 80' lang='lat' dir='ltr'><strong>Nam</strong></span> <span class='ocrx_word' id='word_1_522' title='bbox 2166 1091 2230 1133; x_wconf 86' lang='lat' dir='ltr'><strong>Cy-</strong></span> 
     </span>
     <span class='ocr_line' id='line_1_81' title="bbox 1249 1135 2230 1177; baseline 0 -11"><span class='ocrx_word' id='word_1_523' title='bbox 1249 1147 1320 1167; x_wconf 92' lang='lat' dir='ltr'><strong>rum</strong></span> <span class='ocrx_word' id='word_1_524' title='bbox 1342 1136 1556 1166; x_wconf 83' lang='lat' dir='ltr'><strong>nominabant</strong></span> <span class='ocrx_word' id='word_1_525' title='bbox 1576 1141 1714 1175; x_wconf 82' lang='lat' dir='ltr'><strong>palrem,</strong></span> <span class='ocrx_word' id='word_1_526' title='bbox 1737 1135 1926 1177; x_wconf 77' lang='lat' dir='ltr'><strong>Cambysen</strong></span> <span class='ocrx_word' id='word_1_527' title='bbox 1948 1137 2059 1167; x_wconf 71' lang='lat' dir='ltr'><strong>lterum</strong></span> <span class='ocrx_word' id='word_1_528' title='bbox 2081 1145 2142 1167; x_wconf 81' lang='lat' dir='ltr'><strong>seu</strong></span> <span class='ocrx_word' id='word_1_529' title='bbox 2166 1137 2230 1167; x_wconf 85' lang='lat' dir='ltr'><strong>Do-</strong></span> 
     </span>
     <span class='ocr_line' id='line_1_82' title="bbox 1248 1178 1791 1217; baseline -0.004 -7"><span class='ocrx_word' id='word_1_530' title='bbox 1248 1182 1385 1213; x_wconf 79' lang='lat' dir='ltr'><strong>minum;</strong></span> <span class='ocrx_word' id='word_1_531' title='bbox 1410 1178 1558 1216; x_wconf 87' lang='lat' dir='ltr'><strong>Darium,</strong></span> <span class='ocrx_word' id='word_1_532' title='bbox 1582 1182 1791 1217; x_wconf 78' lang='lat' dir='ltr'><strong>quaestorem.</strong></span> 
     </span>
    </p>

    <p class='ocr_par' dir='ltr' id='par_1_15' title="bbox 1248 1218 2233 1473">
     <span class='ocr_line' id='line_1_83' title="bbox 1333 1218 2229 1262; baseline 0 -11"><span class='ocrx_word' id='word_1_533' title='bbox 1333 1220 1440 1252; x_wconf 86' lang='lat' dir='ltr'><strong>Taxat</strong></span> <span class='ocrx_word' id='word_1_534' title='bbox 1459 1227 1568 1252; x_wconf 83' lang='lat' dir='ltr'><strong>autem</strong></span> <span class='ocrx_word' id='word_1_535' title='bbox 1589 1219 1751 1251; x_wconf 88' lang='lat' dir='ltr'><strong>lohannes</strong></span> <span class='ocrx_word' id='word_1_536' title='bbox 1776 1223 1948 1258; x_wconf 70' lang='grc' dir='ltr'><em>πλεονεξίαν</em></span> <span class='ocrx_word' id='word_1_537' title='bbox 1966 1218 2229 1262; x_wconf 72' lang='lat' dir='ltr'><strong>publicanorum,</strong></span> 
     </span>
     <span class='ocr_line' id='line_1_84' title="bbox 1249 1262 2231 1305; baseline -0.002 -10"><span class='ocrx_word' id='word_1_538' title='bbox 1249 1273 1288 1295; x_wconf 85' lang='lat' dir='ltr'><strong>eo</strong></span> <span class='ocrx_word' id='word_1_539' title='bbox 1312 1264 1405 1304; x_wconf 80' lang='lat' dir='ltr'><strong>ipso,</strong></span> <span class='ocrx_word' id='word_1_540' title='bbox 1441 1264 1530 1304; x_wconf 89' lang='lat' dir='ltr'><strong>quod</strong></span> <span class='ocrx_word' id='word_1_541' title='bbox 1564 1269 1654 1294; x_wconf 81' lang='lat' dir='ltr'><strong>vetat</strong></span> <span class='ocrx_word' id='word_1_542' title='bbox 1688 1262 1762 1304; x_wconf 82' lang='lat' dir='ltr'><strong>plus</strong></span> <span class='ocrx_word' id='word_1_543' title='bbox 1786 1264 1930 1305; x_wconf 75' lang='lat' dir='ltr'><strong>exigere,</strong></span> <span class='ocrx_word' id='word_1_544' title='bbox 1954 1272 2052 1304; x_wconf 84' lang='lat' dir='ltr'><strong>quam</strong></span> <span class='ocrx_word' id='word_1_545' title='bbox 2075 1262 2231 1300; x_wconf 84' lang='lat' dir='ltr'><strong>constitu-</strong></span> 
     </span>
     <span class='ocr_line' id='line_1_85' title="bbox 1447 1306 2229 1348; baseline 0 -12"><span class='ocrx_word' id='word_1_546' title='bbox 1447 1306 1548 1343; x_wconf 87' lang='lat' dir='ltr'><strong>Nam,</strong></span> <span class='ocrx_word' id='word_1_547' title='bbox 1570 1312 1605 1337; x_wconf 91' lang='lat' dir='ltr'><strong>ut</strong></span> <span class='ocrx_word' id='word_1_548' title='bbox 1629 1312 1862 1347; x_wconf 83' lang='lat' dir='ltr'><strong>compararent</strong></span> <span class='ocrx_word' id='word_1_549' title='bbox 1886 1306 1948 1337; x_wconf 87' lang='lat' dir='ltr'><strong>sibi</strong></span> <span class='ocrx_word' id='word_1_550' title='bbox 1972 1314 2111 1348; x_wconf 74' lang='lat' dir='ltr'><strong>magnas</strong></span> <span class='ocrx_word' id='word_1_551' title='bbox 2135 1314 2229 1346; x_wconf 80' lang='lat' dir='ltr'><strong>opeS,</strong></span> 
     </span>
     <span class='ocr_line' id='line_1_86' title="bbox 1248 1346 2233 1390; baseline -0.002 -10"><span class='ocrx_word' id='word_1_552' title='bbox 1248 1359 1314 1380; x_wconf 81' lang='lat' dir='ltr'><strong>non</strong></span> <span class='ocrx_word' id='word_1_553' title='bbox 1338 1354 1462 1380; x_wconf 86' lang='lat' dir='ltr'><strong>tantum</strong></span> <span class='ocrx_word' id='word_1_554' title='bbox 1486 1347 1542 1379; x_wconf 85' lang='lat' dir='ltr'><strong>illa</strong></span> <span class='ocrx_word' id='word_1_555' title='bbox 1565 1350 1820 1390; x_wconf 80' lang='lat' dir='ltr'><strong>extorquebant,</strong></span> <span class='ocrx_word' id='word_1_556' title='bbox 1844 1358 1930 1390; x_wconf 88' lang='lat' dir='ltr'><strong>quae</strong></span> <span class='ocrx_word' id='word_1_557' title='bbox 1953 1354 2047 1380; x_wconf 82' lang='lat' dir='ltr'><strong>erant</strong></span> <span class='ocrx_word' id='word_1_558' title='bbox 2070 1346 2233 1378; x_wconf 85' lang='lat' dir='ltr'><strong>solvenda</strong></span> 
     </span>
     <span class='ocr_line' id='line_1_87' title="bbox 1249 1389 2232 1432; baseline -0.002 -9"><span class='ocrx_word' id='word_1_559' title='bbox 1249 1392 1495 1432; x_wconf 76' lang='lat' dir='ltr'><strong>superioribus,</strong></span> <span class='ocrx_word' id='word_1_560' title='bbox 1530 1391 1590 1422; x_wconf 86' lang='lat' dir='ltr'><strong>sed</strong></span> <span class='ocrx_word' id='word_1_561' title='bbox 1624 1390 1690 1423; x_wconf 86' lang='lat' dir='ltr'><strong>alia</strong></span> <span class='ocrx_word' id='word_1_562' title='bbox 1717 1392 1865 1432; x_wconf 89' lang='lat' dir='ltr'><strong>insuper,</strong></span> <span class='ocrx_word' id='word_1_563' title='bbox 1897 1391 1986 1424; x_wconf 84' lang='lat' dir='ltr'><strong>unde</strong></span> <span class='ocrx_word' id='word_1_564' title='bbox 2013 1391 2075 1432; x_wconf 88' lang='lat' dir='ltr'><strong>ipsi</strong></span> <span class='ocrx_word' id='word_1_565' title='bbox 2104 1389 2232 1422; x_wconf 87' lang='lat' dir='ltr'><strong>lucrum</strong></span> 
     </span>
     <span class='ocr_line' id='line_1_88' title="bbox 1248 1433 2232 1473; baseline -0.003 -7"><span class='ocrx_word' id='word_1_566' title='bbox 1248 1435 1408 1466; x_wconf 79' lang='lat' dir='ltr'><strong>facerent.</strong></span> <span class='ocrx_word' id='word_1_567' title='bbox 1453 1434 1532 1465; x_wconf 85' lang='lat' dir='ltr'><strong>Inde</strong></span> <span class='ocrx_word' id='word_1_568' title='bbox 1562 1434 1686 1465; x_wconf 85' lang='lat' dir='ltr'><strong>Romae</strong></span> <span class='ocrx_word' id='word_1_569' title='bbox 1714 1433 1803 1466; x_wconf 86' lang='lat' dir='ltr'><strong>sacta</strong></span> <span class='ocrx_word' id='word_1_570' title='bbox 1830 1440 1908 1465; x_wconf 89' lang='lat' dir='ltr'><strong>sunt</strong></span> <span class='ocrx_word' id='word_1_571' title='bbox 1936 1435 2055 1465; x_wconf 74' lang='lat' dir='ltr'><strong>iudicia</strong></span> <span class='ocrx_word' id='word_1_572' title='bbox 2083 1437 2232 1473; x_wconf 83' lang='lat' dir='ltr'><strong>repetun-</strong></span> 
     </span>
    </p>
   </div>
   <div class='ocr_carea' id='block_1_14' title="bbox 1221 1475 2232 1518">
    <p class='ocr_par' dir='ltr' id='par_1_16' title="bbox 1221 1475 2232 1518">
     <span class='ocr_line' id='line_1_89' title="bbox 1221 1475 2232 1518; baseline -0.003 -8"><span class='ocrx_word' id='word_1_573' title='bbox 1221 1490 1224 1500; x_wconf 77' lang='lat'>=</span> <span class='ocrx_word' id='word_1_574' title='bbox 1248 1480 1363 1510; x_wconf 79' lang='lat' dir='ltr'><strong>darum</strong></span> <span class='ocrx_word' id='word_1_575' title='bbox 1386 1482 1417 1509; x_wconf 79' lang='lat' dir='ltr'><strong>cc</strong></span> <span class='ocrx_word' id='word_1_576' title='bbox 1434 1480 1611 1518; x_wconf 77' lang='lat' dir='ltr'><strong>peculatus,</strong></span> <span class='ocrx_word' id='word_1_577' title='bbox 1635 1477 1754 1518; x_wconf 87' lang='lat' dir='ltr'><strong>quibus</strong></span> <span class='ocrx_word' id='word_1_578' title='bbox 1777 1477 2034 1514; x_wconf 67' lang='lat' dir='ltr'><strong>accusabantur,</strong></span> <span class='ocrx_word' id='word_1_579' title='bbox 2057 1476 2113 1517; x_wconf 91' lang='lat' dir='ltr'><strong>qui</strong></span> <span class='ocrx_word' id='word_1_580' title='bbox 2135 1475 2232 1507; x_wconf 85' lang='lat' dir='ltr'><strong>nimis</strong></span> 
     </span>
    </p>
   </div>
   <div class='ocr_carea' id='block_1_15' title="bbox 1249 1518 2234 2077">
    <p class='ocr_par' dir='ltr' id='par_1_17' title="bbox 1249 1518 2232 1595">
     <span class='ocr_line' id='line_1_90' title="bbox 1249 1518 2232 1562; baseline -0.002 -10"><span class='ocrx_word' id='word_1_581' title='bbox 1249 1519 1475 1562; x_wconf 81' lang='lat' dir='ltr'><strong>expilaverant</strong></span> <span class='ocrx_word' id='word_1_582' title='bbox 1508 1520 1674 1557; x_wconf 86' lang='lat' dir='ltr'><strong>homines,</strong></span> <span class='ocrx_word' id='word_1_583' title='bbox 1720 1530 1820 1561; x_wconf 82' lang='lat' dir='ltr'><strong>supra</strong></span> <span class='ocrx_word' id='word_1_584' title='bbox 1856 1529 1953 1560; x_wconf 88' lang='lat' dir='ltr'><strong>quam</strong></span> <span class='ocrx_word' id='word_1_585' title='bbox 1986 1518 2080 1561; x_wconf 83' lang='lat' dir='ltr'><strong>leges</strong></span> <span class='ocrx_word' id='word_1_586' title='bbox 2115 1527 2232 1550; x_wconf 80' lang='lat' dir='ltr'><strong>conce-</strong></span> 
     </span>
     <span class='ocr_line' id='line_1_91' title="bbox 1250 1565 1381 1595; baseline -0.015 0"><span class='ocrx_word' id='word_1_587' title='bbox 1250 1565 1381 1595; x_wconf 86' lang='lat' dir='ltr'><strong>debant.</strong></span> 
     </span>
    </p>

    <p class='ocr_par' dir='ltr' id='par_1_18' title="bbox 1249 1602 2234 2077">
     <span class='ocr_line' id='line_1_92' title="bbox 1335 1602 2233 1646; baseline -0.004 -8"><span class='ocrx_word' id='word_1_588' title='bbox 1335 1605 1475 1638; x_wconf 84' lang='lat' dir='ltr'><strong>Multum</strong></span> <span class='ocrx_word' id='word_1_589' title='bbox 1505 1612 1614 1637; x_wconf 85' lang='lat' dir='ltr'><strong>tamen</strong></span> <span class='ocrx_word' id='word_1_590' title='bbox 1638 1604 1854 1646; x_wconf 78' lang='lat' dir='ltr'><strong>indulgebant</strong></span> <span class='ocrx_word' id='word_1_591' title='bbox 1877 1603 2017 1636; x_wconf 84' lang='lat' dir='ltr'><strong>Romani</strong></span> <span class='ocrx_word' id='word_1_592' title='bbox 2046 1602 2233 1645; x_wconf 79' lang='lat' dir='ltr'><strong>publicanis</strong></span> 
     </span>
     <span class='ocr_line' id='line_1_93' title="bbox 1249 1646 2234 1690; baseline -0.002 -11"><span class='ocrx_word' id='word_1_593' title='bbox 1249 1650 1336 1680; x_wconf 86' lang='lat' dir='ltr'><strong>suis:</strong></span> <span class='ocrx_word' id='word_1_594' title='bbox 1359 1650 1435 1690; x_wconf 90' lang='lat' dir='ltr'><strong>quia</strong></span> <span class='ocrx_word' id='word_1_595' title='bbox 1460 1650 1491 1680; x_wconf 90' lang='lat' dir='ltr'><strong>in</strong></span> <span class='ocrx_word' id='word_1_596' title='bbox 1509 1648 1619 1690; x_wconf 87' lang='lat' dir='ltr'><strong>ampla</strong></span> <span class='ocrx_word' id='word_1_597' title='bbox 1638 1648 1876 1689; x_wconf 79' lang='lat' dir='ltr'><strong>gubernatione</strong></span> <span class='ocrx_word' id='word_1_598' title='bbox 1894 1657 1979 1689; x_wconf 90' lang='lat' dir='ltr'><strong>opus</strong></span> <span class='ocrx_word' id='word_1_599' title='bbox 1998 1653 2051 1678; x_wconf 87' lang='lat' dir='ltr'><strong>est</strong></span> <span class='ocrx_word' id='word_1_600' title='bbox 2073 1646 2234 1678; x_wconf 87' lang='lat' dir='ltr'><strong>eiusmodi</strong></span> 
     </span>
     <span class='ocr_line' id='line_1_94' title="bbox 1249 1689 2233 1732; baseline -0.004 -9"><span class='ocrx_word' id='word_1_601' title='bbox 1249 1693 1444 1723; x_wconf 77' lang='lat' dir='ltr'><strong>hominibus:</strong></span> <span class='ocrx_word' id='word_1_602' title='bbox 1468 1701 1572 1732; x_wconf 85' lang='lat' dir='ltr'><strong>penes</strong></span> <span class='ocrx_word' id='word_1_603' title='bbox 1596 1701 1681 1732; x_wconf 86' lang='lat' dir='ltr'><strong>quos</strong></span> <span class='ocrx_word' id='word_1_604' title='bbox 1704 1691 1746 1721; x_wconf 84' lang='lat' dir='ltr'><strong>sit</strong></span> <span class='ocrx_word' id='word_1_605' title='bbox 1770 1690 1910 1731; x_wconf 85' lang='lat' dir='ltr'><strong>pecunia</strong></span> <span class='ocrx_word' id='word_1_606' title='bbox 1939 1696 2066 1730; x_wconf 86' lang='lat' dir='ltr'><strong>parata.</strong></span> <span class='ocrx_word' id='word_1_607' title='bbox 2112 1689 2233 1720; x_wconf 86' lang='lat' dir='ltr'><strong>Cicero</strong></span> 
     </span>
     <span class='ocr_line' id='line_1_95' title="bbox 1249 1732 2233 1775; baseline -0.004 -9"><span class='ocrx_word' id='word_1_608' title='bbox 1249 1735 1362 1766; x_wconf 84' lang='lat' dir='ltr'><strong>habuit</strong></span> <span class='ocrx_word' id='word_1_609' title='bbox 1386 1733 1582 1775; x_wconf 85' lang='lat' dir='ltr'><strong>publicanos</strong></span> <span class='ocrx_word' id='word_1_610' title='bbox 1607 1735 1639 1765; x_wconf 89' lang='lat' dir='ltr'><strong>in</strong></span> <span class='ocrx_word' id='word_1_611' title='bbox 1663 1734 1809 1771; x_wconf 85' lang='lat' dir='ltr'><strong>honore,</strong></span> <span class='ocrx_word' id='word_1_612' title='bbox 1838 1739 1873 1764; x_wconf 89' lang='lat' dir='ltr'><strong>ut.</strong></span> <span class='ocrx_word' id='word_1_613' title='bbox 1902 1738 2019 1774; x_wconf 86' lang='lat' dir='ltr'><strong>posset</strong></span> <span class='ocrx_word' id='word_1_614' title='bbox 2049 1732 2092 1763; x_wconf 91' lang='lat' dir='ltr'><strong>ad</strong></span> <span class='ocrx_word' id='word_1_615' title='bbox 2116 1741 2233 1763; x_wconf 73' lang='lat' dir='ltr'><strong>omnes</strong></span> 
     </span>
     <span class='ocr_line' id='line_1_96' title="bbox 1250 1773 2234 1818; baseline -0.004 -9"><span class='ocrx_word' id='word_1_616' title='bbox 1250 1788 1350 1809; x_wconf 81' lang='lat' dir='ltr'><strong>casus</strong></span> <span class='ocrx_word' id='word_1_617' title='bbox 1374 1779 1502 1808; x_wconf 89' lang='lat' dir='ltr'><strong>subitos</strong></span> <span class='ocrx_word' id='word_1_618' title='bbox 1532 1778 1564 1807; x_wconf 94' lang='lat' dir='ltr'><strong>in</strong></span> <span class='ocrx_word' id='word_1_619' title='bbox 1595 1782 1749 1818; x_wconf 88' lang='lat' dir='ltr'><strong>promptu</strong></span> <span class='ocrx_word' id='word_1_620' title='bbox 1779 1776 1906 1806; x_wconf 89' lang='lat' dir='ltr'><strong>habere</strong></span> <span class='ocrx_word' id='word_1_621' title='bbox 1933 1776 2117 1816; x_wconf 77' lang='lat' dir='ltr'><strong>pecuniam.</strong></span> <span class='ocrx_word' id='word_1_622' title='bbox 2161 1773 2234 1806; x_wconf 83' lang='lat' dir='ltr'><strong>Rex</strong></span> 
     </span>
     <span class='ocr_line' id='line_1_97' title="bbox 1250 1817 2233 1860; baseline -0.004 -9"><span class='ocrx_word' id='word_1_623' title='bbox 1250 1819 1398 1851; x_wconf 88' lang='lat' dir='ltr'><strong>Gallicus</strong></span> <span class='ocrx_word' id='word_1_624' title='bbox 1419 1818 1622 1851; x_wconf 81' lang='lat' dir='ltr'><strong>Franciscus</strong></span> <span class='ocrx_word' id='word_1_625' title='bbox 1650 1818 1763 1850; x_wconf 78' lang='lat' dir='ltr'><strong>habuit</strong></span> <span class='ocrx_word' id='word_1_626' title='bbox 1791 1819 1956 1860; x_wconf 86' lang='lat' dir='ltr'><strong>quendam</strong></span> <span class='ocrx_word' id='word_1_627' title='bbox 1984 1817 2233 1854; x_wconf 84' lang='lat' dir='ltr'><strong>thesaurarium,</strong></span> 
     </span>
     <span class='ocr_line' id='line_1_98' title="bbox 1250 1862 2233 1905; baseline -0.003 -11"><span class='ocrx_word' id='word_1_628' title='bbox 1250 1874 1346 1905; x_wconf 87' lang='lat' dir='ltr'><strong>quem</strong></span> <span class='ocrx_word' id='word_1_629' title='bbox 1367 1867 1494 1903; x_wconf 75' lang='lat' dir='ltr'><strong>patrem</strong></span> <span class='ocrx_word' id='word_1_630' title='bbox 1513 1873 1608 1894; x_wconf 78' lang='lat' dir='ltr'><strong>suum</strong></span> <span class='ocrx_word' id='word_1_631' title='bbox 1631 1862 1835 1899; x_wconf 82' lang='lat' dir='ltr'><strong>nominavit,</strong></span> <span class='ocrx_word' id='word_1_632' title='bbox 1869 1862 1930 1892; x_wconf 87' lang='lat' dir='ltr'><strong>etsi</strong></span> <span class='ocrx_word' id='word_1_633' title='bbox 1953 1866 2071 1901; x_wconf 84' lang='lat' dir='ltr'><strong>postea</strong></span> <span class='ocrx_word' id='word_1_634' title='bbox 2094 1869 2233 1900; x_wconf 85' lang='lat' dir='ltr'><strong>suspen-</strong></span> 
     </span>
     <span class='ocr_line' id='line_1_99' title="bbox 1250 1902 2233 1946; baseline -0.004 -9"><span class='ocrx_word' id='word_1_635' title='bbox 1250 1908 1295 1937; x_wconf 87' lang='lat' dir='ltr'><strong>dit</strong></span> <span class='ocrx_word' id='word_1_636' title='bbox 1320 1916 1405 1943; x_wconf 88' lang='lat' dir='ltr'><strong>eum,</strong></span> <span class='ocrx_word' id='word_1_637' title='bbox 1430 1906 1517 1946; x_wconf 88' lang='lat' dir='ltr'><strong>quod</strong></span> <span class='ocrx_word' id='word_1_638' title='bbox 1541 1904 1601 1937; x_wconf 86' lang='lat' dir='ltr'><strong>fuit</strong></span> <span class='ocrx_word' id='word_1_639' title='bbox 1624 1905 1788 1942; x_wconf 87' lang='lat' dir='ltr'><strong>atrocius,</strong></span> <span class='ocrx_word' id='word_1_640' title='bbox 1819 1914 1917 1945; x_wconf 86' lang='lat' dir='ltr'><strong>quam</strong></span> <span class='ocrx_word' id='word_1_641' title='bbox 1950 1913 2024 1934; x_wconf 89' lang='lat' dir='ltr'><strong>cum</strong></span> <span class='ocrx_word' id='word_1_642' title='bbox 2052 1903 2140 1933; x_wconf 83' lang='lat' dir='ltr'><strong>idem</strong></span> <span class='ocrx_word' id='word_1_643' title='bbox 2162 1902 2233 1934; x_wconf 82' lang='lat' dir='ltr'><strong>Rex</strong></span> 
     </span>
     <span class='ocr_line' id='line_1_100' title="bbox 1251 1946 2232 1987; baseline -0.004 -8"><span class='ocrx_word' id='word_1_644' title='bbox 1251 1948 1419 1980; x_wconf 88' lang='lat' dir='ltr'><strong>Cardinali</strong></span> <span class='ocrx_word' id='word_1_645' title='bbox 1439 1947 1612 1986; x_wconf 85' lang='lat' dir='ltr'><strong>Marcello,</strong></span> <span class='ocrx_word' id='word_1_646' title='bbox 1635 1946 1846 1979; x_wconf 87' lang='lat' dir='ltr'><strong>Cancellario</strong></span> <span class='ocrx_word' id='word_1_647' title='bbox 1870 1957 1944 1983; x_wconf 78' lang='lat' dir='ltr'><strong>suo,</strong></span> <span class='ocrx_word' id='word_1_648' title='bbox 1968 1956 2065 1987; x_wconf 84' lang='lat' dir='ltr'><strong>quem</strong></span> <span class='ocrx_word' id='word_1_649' title='bbox 2088 1954 2151 1987; x_wconf 79' lang='lat' dir='ltr'><strong>ego</strong></span> <span class='ocrx_word' id='word_1_650' title='bbox 2175 1955 2232 1987; x_wconf 89' lang='lat' dir='ltr'><strong>op—</strong></span> 
     </span>
     <span class='ocr_line' id='line_1_101' title="bbox 1252 1988 2233 2031; baseline -0.003 -9"><span class='ocrx_word' id='word_1_651' title='bbox 1252 1993 1329 2023; x_wconf 86' lang='lat' dir='ltr'><strong>time</strong></span> <span class='ocrx_word' id='word_1_652' title='bbox 1361 1993 1462 2029; x_wconf 86' lang='lat' dir='ltr'><strong>novi,</strong></span> <span class='ocrx_word' id='word_1_653' title='bbox 1495 1992 1615 2023; x_wconf 83' lang='lat' dir='ltr'><strong>ademit</strong></span> <span class='ocrx_word' id='word_1_654' title='bbox 1648 1990 1831 2031; x_wconf 87' lang='lat' dir='ltr'><strong>pecuniam,</strong></span> <span class='ocrx_word' id='word_1_655' title='bbox 1865 1989 2023 2020; x_wconf 80' lang='lat' dir='ltr'><strong>ambienti</strong></span> <span class='ocrx_word' id='word_1_656' title='bbox 2056 1988 2233 2020; x_wconf 85' lang='lat' dir='ltr'><strong>admodum</strong></span> 
     </span>
     <span class='ocr_line' id='line_1_102' title="bbox 1253 2030 2233 2077; baseline -0.005 -11"><span class='ocrx_word' id='word_1_657' title='bbox 1253 2035 1445 2077; x_wconf 85' lang='lat' dir='ltr'><strong>dignitatem</strong></span> <span class='ocrx_word' id='word_1_658' title='bbox 1469 2041 1501 2065; x_wconf 89' lang='lat' dir='ltr'><strong>et</strong></span> <span class='ocrx_word' id='word_1_659' title='bbox 1524 2033 1652 2065; x_wconf 85' lang='lat' dir='ltr'><strong>titulum</strong></span> <span class='ocrx_word' id='word_1_660' title='bbox 1676 2031 1898 2074; x_wconf 78' lang='lat' dir='ltr'><strong>pontificatus.</strong></span> <span class='ocrx_word' id='word_1_661' title='bbox 1943 2030 2028 2062; x_wconf 85' lang='lat' dir='ltr'><strong>Cum</strong></span> <span class='ocrx_word' id='word_1_662' title='bbox 2050 2030 2123 2062; x_wconf 80' lang='lat' dir='ltr'><strong>Rex</strong></span> <span class='ocrx_word' id='word_1_663' title='bbox 2151 2030 2233 2062; x_wconf 84' lang='lat' dir='ltr'><strong>indi-</strong></span> 
     </span>
    </p>
   </div>
   <div class='ocr_carea' id='block_1_16' title="bbox 1227 2073 2233 2120">
    <p class='ocr_par' dir='ltr' id='par_1_19' title="bbox 1227 2073 2233 2120">
     <span class='ocr_line' id='line_1_103' title="bbox 1227 2073 2233 2120; baseline -0.004 -12"><span class='ocrx_word' id='word_1_664' title='bbox 1227 2084 1229 2095; x_wconf 63' lang='lat'>*</span> <span class='ocrx_word' id='word_1_665' title='bbox 1253 2084 1347 2120; x_wconf 81' lang='lat' dir='ltr'><strong>geret.</strong></span> <span class='ocrx_word' id='word_1_666' title='bbox 1369 2077 1527 2118; x_wconf 84' lang='lat' dir='ltr'><strong>pecunia,</strong></span> <span class='ocrx_word' id='word_1_667' title='bbox 1551 2077 1729 2107; x_wconf 79' lang='lat' dir='ltr'><strong>accersivit</strong></span> <span class='ocrx_word' id='word_1_668' title='bbox 1751 2076 1793 2106; x_wconf 77' lang='lat' dir='ltr'><strong>ad</strong></span> <span class='ocrx_word' id='word_1_669' title='bbox 1817 2084 1856 2106; x_wconf 85' lang='lat' dir='ltr'><strong>se</strong></span> <span class='ocrx_word' id='word_1_670' title='bbox 1878 2073 2105 2111; x_wconf 73' lang='lat' dir='ltr'><strong>Cardiualem,</strong></span> <span class='ocrx_word' id='word_1_671' title='bbox 2135 2083 2233 2115; x_wconf 88' lang='lat' dir='ltr'><strong>quem</strong></span> 
     </span>
    </p>
   </div>
   <div class='ocr_carea' id='block_1_17' title="bbox 1252 2115 2233 2672">
    <p class='ocr_par' dir='ltr' id='par_1_20' title="bbox 1252 2115 2233 2672">
     <span class='ocr_line' id='line_1_104' title="bbox 1253 2115 2233 2158; baseline -0.004 -7"><span class='ocrx_word' id='word_1_672' title='bbox 1253 2121 1381 2151; x_wconf 85' lang='lat' dir='ltr'><strong>sciebat</strong></span> <span class='ocrx_word' id='word_1_673' title='bbox 1403 2120 1612 2151; x_wconf 83' lang='lat' dir='ltr'><strong>ambitiosum</strong></span> <span class='ocrx_word' id='word_1_674' title='bbox 1636 2128 1724 2149; x_wconf 83' lang='lat' dir='ltr'><strong>esse.</strong></span> <span class='ocrx_word' id='word_1_675' title='bbox 1759 2117 1916 2149; x_wconf 76' lang='lat' dir='ltr'><strong>Narravit</strong></span> <span class='ocrx_word' id='word_1_676' title='bbox 1928 2118 1968 2155; x_wconf 87' lang='lat' dir='ltr'><strong>ei,</strong></span> <span class='ocrx_word' id='word_1_677' title='bbox 1992 2115 2129 2149; x_wconf 89' lang='lat' dir='ltr'><strong>Paulum</strong></span> <span class='ocrx_word' id='word_1_678' title='bbox 2151 2126 2233 2158; x_wconf 89' lang='lat' dir='ltr'><strong>pon-</strong></span> 
     </span>
     <span class='ocr_line' id='line_1_105' title="bbox 1252 2158 2233 2194; baseline -0.006 0"><span class='ocrx_word' id='word_1_679' title='bbox 1252 2163 1373 2194; x_wconf 78' lang='lat' dir='ltr'><strong>tificem</strong></span> <span class='ocrx_word' id='word_1_680' title='bbox 1401 2173 1479 2194; x_wconf 88' lang='lat' dir='ltr'><strong>esse</strong></span> <span class='ocrx_word' id='word_1_681' title='bbox 1502 2168 1676 2193; x_wconf 87' lang='lat' dir='ltr'><strong>mortuum.</strong></span> <span class='ocrx_word' id='word_1_682' title='bbox 1722 2159 1780 2191; x_wconf 91' lang='lat' dir='ltr'><strong>llle</strong></span> <span class='ocrx_word' id='word_1_683' title='bbox 1810 2161 1921 2191; x_wconf 83' lang='lat' dir='ltr'><strong>statim</strong></span> <span class='ocrx_word' id='word_1_684' title='bbox 1946 2160 2134 2192; x_wconf 63' lang='lat' dir='ltr'><strong>subiunxit:</strong></span> <span class='ocrx_word' id='word_1_685' title='bbox 2174 2158 2233 2189; x_wconf 86' lang='lat' dir='ltr'><strong>Se-</strong></span> 
     </span>
     <span class='ocr_line' id='line_1_106' title="bbox 1253 2202 2233 2243; baseline -0.004 -6"><span class='ocrx_word' id='word_1_686' title='bbox 1253 2206 1424 2238; x_wconf 76' lang='lat' dir='ltr'><strong>renissime</strong></span> <span class='ocrx_word' id='word_1_687' title='bbox 1447 2205 1536 2243; x_wconf 79' lang='lat' dir='ltr'><strong>Rex,</strong></span> <span class='ocrx_word' id='word_1_688' title='bbox 1571 2205 1748 2235; x_wconf 81' lang='lat' dir='ltr'><strong>interesset</strong></span> <span class='ocrx_word' id='word_1_689' title='bbox 1782 2210 1893 2234; x_wconf 81' lang='lat' dir='ltr'><strong>vestra</strong></span> <span class='ocrx_word' id='word_1_690' title='bbox 1927 2210 1958 2234; x_wconf 85' lang='lat' dir='ltr'><strong>et</strong></span> <span class='ocrx_word' id='word_1_691' title='bbox 1987 2202 2175 2239; x_wconf 87' lang='lat' dir='ltr'><strong>multorum,</strong></span> <span class='ocrx_word' id='word_1_692' title='bbox 2197 2207 2233 2233; x_wconf 91' lang='lat' dir='ltr'><strong>ut</strong></span> 
     </span>
     <span class='ocr_line' id='line_1_107' title="bbox 1253 2245 2232 2290; baseline -0.004 -11"><span class='ocrx_word' id='word_1_693' title='bbox 1253 2248 1372 2290; x_wconf 83' lang='lat' dir='ltr'><strong>aliquis</strong></span> <span class='ocrx_word' id='word_1_694' title='bbox 1407 2248 1597 2290; x_wconf 83' lang='lat' dir='ltr'><strong>eligeretur,</strong></span> <span class='ocrx_word' id='word_1_695' title='bbox 1631 2248 1684 2287; x_wconf 92' lang='lat' dir='ltr'><strong>qui</strong></span> <span class='ocrx_word' id='word_1_696' title='bbox 1719 2247 1777 2277; x_wconf 86' lang='lat' dir='ltr'><strong>tibi</strong></span> <span class='ocrx_word' id='word_1_697' title='bbox 1811 2253 1843 2277; x_wconf 82' lang='lat' dir='ltr'><strong>et</strong></span> <span class='ocrx_word' id='word_1_698' title='bbox 1876 2255 1980 2287; x_wconf 76' lang='lat' dir='ltr'><strong>regno</strong></span> <span class='ocrx_word' id='word_1_699' title='bbox 2016 2252 2072 2276; x_wconf 92' lang='lat' dir='ltr'><strong>tuo</strong></span> <span class='ocrx_word' id='word_1_700' title='bbox 2106 2245 2232 2276; x_wconf 80' lang='lat' dir='ltr'><strong>amicus</strong></span> 
     </span>
     <span class='ocr_line' id='line_1_108' title="bbox 1254 2288 2233 2332; baseline -0.006 -9"><span class='ocrx_word' id='word_1_701' title='bbox 1254 2299 1355 2323; x_wconf 77' lang='lat' dir='ltr'><strong>esset.</strong></span> <span class='ocrx_word' id='word_1_702' title='bbox 1400 2290 1583 2332; x_wconf 82' lang='lat' dir='ltr'><strong>Respondit</strong></span> <span class='ocrx_word' id='word_1_703' title='bbox 1605 2289 1690 2320; x_wconf 78' lang='lat' dir='ltr'><strong>Rex:</strong></span> <span class='ocrx_word' id='word_1_704' title='bbox 1731 2288 1854 2320; x_wconf 79' lang='lat' dir='ltr'><strong>Verum</strong></span> <span class='ocrx_word' id='word_1_705' title='bbox 1880 2296 1945 2319; x_wconf 86' lang='lat' dir='ltr'><strong>est:</strong></span> <span class='ocrx_word' id='word_1_706' title='bbox 1970 2294 2002 2319; x_wconf 86' lang='lat' dir='ltr'><strong>et</strong></span> <span class='ocrx_word' id='word_1_707' title='bbox 2026 2288 2128 2329; x_wconf 70' lang='lat' dir='ltr'><strong>quid?</strong></span> <span class='ocrx_word' id='word_1_708' title='bbox 2150 2288 2178 2318; x_wconf 85' lang='lat' dir='ltr'><strong>si</strong></span> <span class='ocrx_word' id='word_1_709' title='bbox 2201 2293 2233 2317; x_wconf 83' lang='lat' dir='ltr'><strong>te</strong></span> 
     </span>
     <span class='ocr_line' id='line_1_109' title="bbox 1254 2330 2233 2375; baseline -0.003 -12"><span class='ocrx_word' id='word_1_710' title='bbox 1254 2344 1428 2375; x_wconf 73' lang='lat' dir='ltr'><strong>possemus</strong></span> <span class='ocrx_word' id='word_1_711' title='bbox 1453 2332 1608 2365; x_wconf 80' lang='lat' dir='ltr'><strong>sufficere</strong></span> <span class='ocrx_word' id='word_1_712' title='bbox 1631 2333 1663 2363; x_wconf 91' lang='lat' dir='ltr'><strong>in</strong></span> <span class='ocrx_word' id='word_1_713' title='bbox 1687 2331 1774 2363; x_wconf 81' lang='lat' dir='ltr'><strong>illius</strong></span> <span class='ocrx_word' id='word_1_714' title='bbox 1798 2331 1932 2364; x_wconf 77' lang='lat' dir='ltr'><strong>locum?</strong></span> <span class='ocrx_word' id='word_1_715' title='bbox 1965 2331 2107 2367; x_wconf 67' lang='lat' dir='ltr'><strong>Utinam,</strong></span> <span class='ocrx_word' id='word_1_716' title='bbox 2129 2330 2233 2372; x_wconf 88' lang='lat' dir='ltr'><strong>inquit</strong></span> 
     </span>
     <span class='ocr_line' id='line_1_110' title="bbox 1254 2373 2233 2416; baseline -0.005 -8"><span class='ocrx_word' id='word_1_717' title='bbox 1254 2377 1321 2413; x_wconf 81' lang='lat' dir='ltr'><strong>ille,</strong></span> <span class='ocrx_word' id='word_1_718' title='bbox 1345 2378 1410 2408; x_wconf 88' lang='lat' dir='ltr'><strong>hoc</strong></span> <span class='ocrx_word' id='word_1_719' title='bbox 1433 2376 1502 2408; x_wconf 82' lang='lat' dir='ltr'><strong>ficri</strong></span> <span class='ocrx_word' id='word_1_720' title='bbox 1532 2381 1656 2416; x_wconf 81' lang='lat' dir='ltr'><strong>posset.</strong></span> <span class='ocrx_word' id='word_1_721' title='bbox 1703 2376 1770 2406; x_wconf 87' lang='lat' dir='ltr'><strong>Sed</strong></span> <span class='ocrx_word' id='word_1_722' title='bbox 1804 2385 1886 2416; x_wconf 85' lang='lat' dir='ltr'><strong>opus</strong></span> <span class='ocrx_word' id='word_1_723' title='bbox 1916 2381 1967 2405; x_wconf 88' lang='lat' dir='ltr'><strong>est</strong></span> <span class='ocrx_word' id='word_1_724' title='bbox 1996 2375 2153 2415; x_wconf 82' lang='lat' dir='ltr'><strong>pecunia,</strong></span> <span class='ocrx_word' id='word_1_725' title='bbox 2189 2373 2233 2403; x_wconf 76' lang='lat' dir='ltr'><strong>ait</strong></span> 
     </span>
     <span class='ocr_line' id='line_1_111' title="bbox 1254 2417 2232 2459; baseline -0.005 -8"><span class='ocrx_word' id='word_1_726' title='bbox 1254 2420 1337 2458; x_wconf 82' lang='lat' dir='ltr'><strong>Rex,</strong></span> <span class='ocrx_word' id='word_1_727' title='bbox 1361 2420 1402 2450; x_wconf 81' lang='lat' dir='ltr'><strong>ad</strong></span> <span class='ocrx_word' id='word_1_728' title='bbox 1425 2419 1512 2450; x_wconf 83' lang='lat' dir='ltr'><strong>hanc</strong></span> <span class='ocrx_word' id='word_1_729' title='bbox 1535 2428 1603 2449; x_wconf 86' lang='lat' dir='ltr'><strong>rem</strong></span> <span class='ocrx_word' id='word_1_730' title='bbox 1628 2417 1884 2455; x_wconf 84' lang='lat' dir='ltr'><strong>conficiendam,</strong></span> <span class='ocrx_word' id='word_1_731' title='bbox 1912 2428 2009 2459; x_wconf 86' lang='lat' dir='ltr'><strong>quam</strong></span> <span class='ocrx_word' id='word_1_732' title='bbox 2038 2418 2136 2448; x_wconf 87' lang='lat' dir='ltr'><strong>modo</strong></span> <span class='ocrx_word' id='word_1_733' title='bbox 2167 2425 2232 2447; x_wconf 92' lang='lat' dir='ltr'><strong>non</strong></span> 
     </span>
     <span class='ocr_line' id='line_1_112' title="bbox 1254 2458 2233 2497; baseline -0.005 -4"><span class='ocrx_word' id='word_1_734' title='bbox 1254 2462 1372 2494; x_wconf 84' lang='lat' dir='ltr'><strong>haheo.</strong></span> <span class='ocrx_word' id='word_1_735' title='bbox 1420 2461 1604 2492; x_wconf 58' lang='lat' dir='ltr'><strong>cardinalis</strong></span> <span class='ocrx_word' id='word_1_736' title='bbox 1639 2461 1729 2497; x_wconf 69' lang='lat' dir='ltr'><strong>dixit,</strong></span> <span class='ocrx_word' id='word_1_737' title='bbox 1765 2471 1803 2491; x_wconf 87' lang='lat' dir='ltr'><strong>se</strong></span> <span class='ocrx_word' id='word_1_738' title='bbox 1837 2461 1961 2491; x_wconf 85' lang='lat' dir='ltr'><strong>habere</strong></span> <span class='ocrx_word' id='word_1_739' title='bbox 1985 2460 2117 2491; x_wconf 88' lang='lat' dir='ltr'><strong>circiter</strong></span> <span class='ocrx_word' id='word_1_740' title='bbox 2149 2458 2233 2489; x_wconf 83' lang='lat' dir='ltr'><strong>duas</strong></span> 
     </span>
     <span class='ocr_line' id='line_1_113' title="bbox 1535 2503 2231 2544; baseline -0.004 -10"><span class='ocrx_word' id='word_1_741' title='bbox 1535 2504 1625 2542; x_wconf 88' lang='lat' dir='ltr'><strong>Rex,</strong></span> <span class='ocrx_word' id='word_1_742' title='bbox 1656 2505 1736 2534; x_wconf 80' lang='lat' dir='ltr'><strong>satis</strong></span> <span class='ocrx_word' id='word_1_743' title='bbox 1767 2513 1863 2541; x_wconf 87' lang='lat' dir='ltr'><strong>esse,</strong></span> <span class='ocrx_word' id='word_1_744' title='bbox 1897 2504 2016 2544; x_wconf 82' lang='lat' dir='ltr'><strong>inquit;</strong></span> <span class='ocrx_word' id='word_1_745' title='bbox 2045 2512 2082 2534; x_wconf 85' lang='lat' dir='ltr'><strong>se</strong></span> <span class='ocrx_word' id='word_1_746' title='bbox 2106 2503 2146 2542; x_wconf 79' lang='lat' dir='ltr'><strong>de</strong></span> <span class='ocrx_word' id='word_1_747' title='bbox 2168 2510 2231 2532; x_wconf 89' lang='lat' dir='ltr'><strong>suo</strong></span> 
     </span>
     <span class='ocr_line' id='line_1_114' title="bbox 1255 2544 2232 2588; baseline -0.006 -9"><span class='ocrx_word' id='word_1_748' title='bbox 1255 2549 1440 2580; x_wconf 85' lang='lat' dir='ltr'><strong>additurum</strong></span> <span class='ocrx_word' id='word_1_749' title='bbox 1474 2545 1607 2588; x_wconf 86' lang='lat' dir='ltr'><strong>aliquid.</strong></span> <span class='ocrx_word' id='word_1_750' title='bbox 1654 2547 1723 2578; x_wconf 89' lang='lat' dir='ltr'><strong>Sed</strong></span> <span class='ocrx_word' id='word_1_751' title='bbox 1757 2545 1856 2586; x_wconf 77' lang='lat' dir='ltr'><strong>paulo</strong></span> <span class='ocrx_word' id='word_1_752' title='bbox 1890 2551 1966 2587; x_wconf 82' lang='lat' dir='ltr'><strong>post</strong></span> <span class='ocrx_word' id='word_1_753' title='bbox 1999 2544 2122 2577; x_wconf 83' lang='lat' dir='ltr'><strong>allatae</strong></span> <span class='ocrx_word' id='word_1_754' title='bbox 2155 2549 2232 2575; x_wconf 87' lang='lat' dir='ltr'><strong>sunt</strong></span> 
     </span>
     <span class='ocr_line' id='line_1_115' title="bbox 1252 2587 2231 2632; baseline -0.004 -11"><span class='ocrx_word' id='word_1_755' title='bbox 1252 2590 1384 2630; x_wconf 83' lang='lat' dir='ltr'><strong>literae,</strong></span> <span class='ocrx_word' id='word_1_756' title='bbox 1416 2600 1500 2632; x_wconf 88' lang='lat' dir='ltr'><strong>quac</strong></span> <span class='ocrx_word' id='word_1_757' title='bbox 1522 2588 1711 2621; x_wconf 86' lang='lat' dir='ltr'><strong>referebant</strong></span> <span class='ocrx_word' id='word_1_758' title='bbox 1736 2587 1873 2620; x_wconf 88' lang='lat' dir='ltr'><strong>Paulum</strong></span> <span class='ocrx_word' id='word_1_759' title='bbox 1896 2589 2018 2629; x_wconf 80' lang='lat' dir='ltr'><strong>Papam</strong></span> <span class='ocrx_word' id='word_1_760' title='bbox 2049 2587 2157 2619; x_wconf 87' lang='lat' dir='ltr'><strong>adhuc</strong></span> <span class='ocrx_word' id='word_1_761' title='bbox 2187 2587 2231 2616; x_wconf 89' lang='lat' dir='ltr'><strong>vi-</strong></span> 
     </span>
     <span class='ocr_line' id='line_1_116' title="bbox 1254 2630 1982 2672; baseline -0.005 -7"><span class='ocrx_word' id='word_1_762' title='bbox 1254 2645 1342 2666; x_wconf 78' lang='lat' dir='ltr'><strong>vere.</strong></span> <span class='ocrx_word' id='word_1_763' title='bbox 1389 2633 1436 2665; x_wconf 88' lang='lat' dir='ltr'><strong>lta</strong></span> <span class='ocrx_word' id='word_1_764' title='bbox 1459 2633 1531 2664; x_wconf 86' lang='lat' dir='ltr'><strong>Rex</strong></span> <span class='ocrx_word' id='word_1_765' title='bbox 1553 2633 1697 2664; x_wconf 78' lang='lat' dir='ltr'><strong>emunxit</strong></span> <span class='ocrx_word' id='word_1_766' title='bbox 1719 2630 1809 2664; x_wconf 91' lang='lat' dir='ltr'><strong>illum</strong></span> <span class='ocrx_word' id='word_1_767' title='bbox 1832 2632 1982 2672; x_wconf 85' lang='lat' dir='ltr'><strong>pecunia.</strong></span> 
     </span>
    </p>
   </div>
  </div>
 </body>
</html>
