2374 2985
241 153 283 185 95

242 248 319 288 quia
341 257 407 278 non
431 247 570 278 dabatur
589 249 738 288 pecunia,
763 248 820 277 scd
847 257 912 285 res,
936 248 1055 288 quibus
1078 247 1110 278 in
1135 247 1224 278 victu

242 299 329 330 opus
353 295 435 327 erat,
459 290 805 328 subministrabantur,
829 297 863 321 ut
888 300 988 327 caro,
1017 288 1128 327 olera,
1158 288 1224 320 sru-

242 338 361 363 menta.
396 331 491 363 Haec
516 339 607 363 certo
632 343 780 369 numero,
804 339 857 364 aut
882 342 1037 363 mensura
1060 332 1224 363 (labantur

241 374 380 416 singulis
422 376 453 405 in
493 375 622 415 stipem.
678 374 851 406 Dabantur
885 382 913 406 et
951 380 1073 406 vestes.
1131 374 1223 406 Haec

241 418 447 449 consuetudo
471 416 567 448 valde
591 418 761 449 commode
784 418 934 449 ordinata
948 415 1018 455 suit,
1044 417 1119 458 quia
1143 417 1223 448 (lare

240 461 271 491 in
308 461 462 501 pecunia,
497 466 547 491 cst
581 461 685 491 maius
721 471 819 491 onus:
854 460 894 490 Et
929 470 968 490 cx
1003 459 1222 500 praefecturis

240 509 391 544 poterant
427 514 485 543 per
514 502 727 544 Magistratus
765 502 860 534 facile
890 504 996 533 curari
1029 501 1102 540 illa,
1137 513 1222 544 quae

242 546 446 587 pertinebant
470 546 514 576 ad
537 546 667 577 victum.
697 544 827 577 Atieubi
846 551 953 576 tamen
979 546 1121 586 pecunia
1144 555 1221 576 enu-

240 589 429 620 merabatur
452 588 605 628 stipendii
628 587 723 625 loco,
756 595 787 617 ct
817 589 979 618 dabantur
1002 586 1141 629 singulis
1165 589 1220 619 mi-
1246 603 1251 638 Ι

240 630 350 662 litibus
374 631 518 672 quotidie
543 629 592 660 vel
617 642 700 668 nna,
739 631 790 662 vel
819 631 903 661 duae
928 631 1123 668 drachmae,
1160 641 1219 662 seu

239 674 304 705 duo
329 674 463 704 denarii.

324 715 461 753 Verum,
485 723 517 746 ut
541 724 589 745 est
617 718 646 746 in
672 727 784 747 xci-su:
830 717 926 747 Nulla
946 718 1029 754 sides
1053 719 1220 756 pietasque

239 761 325 797 viris,
349 762 403 798 qui
423 764 533 790 castra
555 764 738 798 sequuntur.
769 759 824 789 Sic
837 757 957 789 milites
979 758 1119 790 Romani
1132 769 1220 790 sum-

238 808 354 832 serunt
381 802 444 832 sibi
473 804 553 832 sati.
577 812 727 842 magnam
748 800 932 839 licentiam,
968 802 1044 842 quia
1077 802 1218 832 maxima

238 854 316 884 pars
341 843 454 875 militat
478 854 542 875 non
566 845 693 875 virtutis
717 853 855 881 caussa,
884 844 944 874 sed
974 852 1008 876 ut
1038 843 1155 875 habeat
1181 843 1218 875 li-

239 887 377 917 centiam
401 898 503 918 suam.
556 886 602 916 lta
626 887 703 917 dixit
728 885 896 928 Philippus
922 887 1080 924 Macedo,
1109 894 1142 919 ut
1168 893 1217 918 est

237 930 323 969 apud
357 929 539 961 Diodorum
578 928 736 960 Siculum:
786 932 903 962 Mile'les
934 933 1120 970 plerumque
1147 940 1218 962 csse

235 974 317 1004 talos
329 995 338 1010 ,
373 977 408 1003 ut
439 975 480 1003 iis
512 973 625 1003 bellum
658 973 703 1003 sz‘t
729 982 819 1012 pax,
853 977 885 1004 ec
912 983 984 1012 pua:
1016 977 1061 1005 sit
1091 974 1215 1005 bellum.

235 1014 375 1050 Quando
399 1021 448 1045 est
472 1025 552 1055 pax,
582 1021 744 1055 coguntur
767 1026 885 1056 parere
908 1014 1054 1056 legibus:
1083 1017 1216 1056 quando

235 1063 285 1087 est
311 1056 442 1094 bellum,
467 1057 589 1088 habent
612 1056 788 1095 licentiam,
813 1064 844 1088 et
866 1058 1052 1099 petulanter
1074 1059 1215 1099 plerum-

234 1110 297 1140 que
319 1107 430 1139 agunt.

320 1143 394 1173 Nou
423 1142 555 1173 dubium
587 1149 637 1173 cst
665 1149 792 1180 autem,
822 1144 899 1184 quin
930 1144 1133 1185 significetur
1163 1143 1216 1175 hic

235 1196 318 1216 onus
342 1185 480 1216 Romani
504 1185 649 1226 imperii,
684 1186 772 1226 quod
807 1187 904 1217 ctiam
928 1187 958 1216 in
984 1185 1124 1217 Daniele
1147 1187 1216 1228 pin—

234 1229 322 1269 gitur
344 1227 504 1265 ferreum,
527 1234 559 1259 et
583 1227 752 1259 confertur
776 1239 847 1260 cum
873 1230 996 1267 bestia,
1024 1239 1109 1270 quae
1139 1240 1215 1260 con·

235 1269 340 1302 calcat
365 1272 472 1302 onmia
495 1271 645 1311 pedibus.
691 1271 800 1309 Quod,
826 1272 888 1302 etsi
911 1272 953 1302 ad
975 1272 1115 1302 Turcam
1139 1283 1216 1313 quo—

234 1324 311 1355 quc:
336 1314 714 1355 accommodaripotest,
733 1315 861 1355 quipiis
885 1320 936 1345 est.
949 1315 1089 1346 maximo
1113 1315 1216 1351 oneri,

233 1362 266 1387 et
288 1357 395 1388 onmia
426 1355 599 1388 conculcat
628 1362 660 1388 et
681 1363 806 1393 vastat3
838 1357 923 1389 sicut
952 1367 1072 1389 nomen
1098 1358 1216 1398 ipsum,

233 1398 382 1438 'I'nrcae,
422 1399 588 1441 significat
622 1402 836 1432 vastatorem:
882 1406 990 1431 tamen
1030 1400 1216 1432 Romanum

234 1443 331 1473 etiam
361 1443 530 1483 imperium
558 1441 618 1474 suit
645 1443 820 1474 admodum
842 1453 1006 1484 asperum.
1052 1443 1121 1474 Sub
1146 1443 1215 1474 Sci-

234 1485 348 1526 pione,
373 1486 428 1526 qui
450 1484 511 1516 fuit
533 1490 689 1516 strenuus
713 1491 745 1516 et
768 1496 907 1517 severus
933 1487 1018 1524 dux,
1049 1486 1216 1526 praesidia

234 1527 311 1568 plus
341 1529 531 1569 rapinarum
560 1534 792 1566 exercuerunt,
815 1539 912 1570 quam
936 1527 1051 1571 Scylla
1075 1534 1105 1560 et
1129 1529 1214 1561 Cha-

235 1570 361 1612 rybdis.
424 1569 544 1602 Nullus
583 1570 750 1610 Prae-ses,
790 1572 1000 1613 quantumvis
1040 1573 1147 1603 bonus
1182 1578 1215 1602 et

233 1614 351 1651 iustus,
374 1620 485 1654 potest
509 1614 617 1645 omnia
641 1613 729 1645 mala
752 1625 882 1646 cavere.
916 1614 1072 1646 Lucanus
1096 1615 1214 1656 inquit:

235 1667 319 1685 »amn
344 1658 459 1686 tenenti
482 1658 582 1686 omnia
606 1657 674 1695 dut,
697 1659 751 1696 qui
772 1659 855 1687 iusta
878 1662 986 1696 nequi:
1010 1659 1042 1689 id
1066 1664 1134 1696 est,
1160 1659 1214 1699 qui
1238 1620 1242 1693 l

235 1705 283 1729 est
308 1698 518 1737 imbecillior,
542 1701 670 1741 cogitur
693 1701 773 1730 dare
796 1701 868 1731 sive
891 1700 1027 1739 volens,
1063 1702 1133 1731 sive
1156 1711 1214 1731 no-
1238 1697 1241 1749 Ξ

234 1740 319 1772 lens.
365 1742 411 1772 Ita
440 1741 597 1773 militibus
628 1741 762 1774 difficile
786 1753 851 1773 non
876 1749 927 1774 est
949 1744 1090 1775 miseros
1113 1743 1214 1775 homi·
1237 1752 1240 1785 ς

233 1795 293 1815 nes
318 1785 515 1825 opprimere,
539 1793 569 1816 et
595 1785 719 1816 iniuriis
742 1784 888 1817 afficere.
1236 1792 1240 1844 i

319 1827 385 1858 ista
409 1828 482 1858 dico
506 1828 548 1858 ad
572 1828 738 1859 vocabula
762 1835 870 1860 textus
894 1828 1112 1866 declaranda,
1137 1830 1212 1870 quia
1236 1850 1239 1864 ,

233 1870 296 1900 hoc
320 1876 371 1901 est
395 1881 501 1902 meum
528 1870 684 1909 osticium,
720 1877 752 1903 ut
777 1878 910 1913 propter
934 1882 1056 1912 pueros
1080 1878 1110 1902 et
1134 1872 1212 1902 ado-
1235 1867 1239 1907 ἱ

233 1912 412 1950 tementes,
446 1913 561 1955 quales
584 1913 732 1955 plerique
761 1920 854 1952 sunt,
889 1915 943 1956 qui
960 1918 1029 1945 ”me
1063 1915 1209 1952 audiunt,
1235 1908 1238 1954 Ι

233 1962 370 1986 tractem
389 1958 646 1998 grammaticam,
672 1964 702 1988 et
726 1956 778 1987 his
801 1956 960 1998 exemplis
974 1967 1033 1988 eos
1045 1967 1209 1995 moneam,
1235 1958 1238 1984 l

232 2005 264 2029 ut
290 2004 398 2029 ament
423 2005 532 2031 textus
556 2000 760 2040 Scripturae.
800 2000 860 2030 Est
883 2001 967 2031 enim
991 2002 1098 2031 bonae
1122 2010 1210 2032 men-
1234 1991 1238 2046 ἓ

233 2042 285 2078 tis,
310 2040 447 2083 diligere
467 2048 603 2080 textum,
627 2048 659 2073 ct
682 2049 863 2080 auctorem,
886 2043 916 2073 id
941 2048 1001 2077 est,
1025 2042 1144 2074 Deum.
1234 2060 1237 2084 f

318 2083 395 2115 Dixi
419 2092 527 2116 autem
555 2085 718 2116 hactenus
743 2085 920 2117 iohannem
944 2085 1128 2127 Baptistam
1152 2087 1208 2117 do·
1233 2086 1237 2120 t

233 2128 343 2158 cuissc
366 2126 472 2168 legem
497 2134 527 2159 ct
551 2127 782 2170 Evangelium:
818 2129 893 2170 quia
916 2129 1133 2159 concionatus
1157 2135 1207 2159 est
1233 2121 1236 2164 ἲ

233 2170 273 2200 de
298 2171 509 2210 poenitentia,
535 2172 575 2201 de
600 2172 663 2201 tide
686 2171 719 2201 in
744 2170 927 2208 Christum,
958 2177 989 2203 et
1013 2172 1208 2203 remissione
1232 2177 1236 2210 1

232 2223 453 2252 peccatorum.
501 2214 635 2245 Addidit
659 2219 690 2245 et
714 2214 893 2245 conciones
917 2215 957 2244 de
981 2215 1077 2245 bonis
1101 2215 1208 2255 operi·
1231 2212 1235 2258 Ξ

232 2256 306 2292 bus,
341 2257 380 2286 de
415 2256 554 2287 diversis
589 2257 675 2287 vitae
715 2258 910 2298 generibus,
945 2257 985 2287 de
1022 2257 1235 2289 discriminet

234 2299 501 2337 ceremoniarum,
526 2306 557 2330 et
576 2310 711 2340 operum
733 2298 915 2331 moralium.
940 2300 1069 2331 Addam
1082 2301 1207 2341 paucis,
1231 2298 1234 2309 ⁴

232 2342 396 2381 qiwniodo
420 2349 570 2374 caeteros
595 2353 725 2384 quoque
748 2342 905 2374 articulos
934 2343 1026 2379 fidei,
1057 2343 1205 2374 doctrina

233 2382 385 2415 lobannis
408 2384 579 2426 complexa
603 2385 709 2416 fuerit.

854 153 962 184 Ptin..
988 155 1087 184 MEL.
1113 153 1297 186 SCRlPTA
1322 155 1584 186 EXEGETICA.

2221 161 2264 192 96

1277 250 1358 292 Ubi
1396 251 1561 293 tradidit
1599 253 1800 294 Iohannes
1839 256 2049 296 articulum
2088 257 2139 297 de
2173 257 2261 298 Tri-

1689 331 1815 371 nitate
1830 332 1846 372 ⁸?

1362 435 1530 478 Expresse
1555 439 1651 469 docet
1683 439 1723 469 de
1754 439 1859 470 tribus
1882 441 2037 481 personis
2067 441 2259 480 divinitatis,

1276 489 1349 510 cum
1373 479 1490 521 inquit:
1557 481 1655 511 Nemo
1678 481 1778 510 Deum
1799 482 1880 512 vidit
1903 493 2041 522 unquam.
2087 484 2189 514 Filius
2206 488 2260 525 qui

1275 525 1320 551 est
1343 523 1375 551 ἰη
1399 524 1466 552 sinn
1487 525 1602 562 patris,
1627 526 1783 554 enarravit
1802 525 1899 554 nobis.
1936 525 2117 568 Distinguit
2140 526 2255 560 Filium

1275 564 1416 603 aPatre‚
1441 565 1518 598 facit
1543 567 1639 597 ctiam
1664 568 1862 599 mentionem
1875 568 2015 609 Spiritus
2036 571 2155 608 sancti,
2180 580 2254 602 cum

1274 608 1335 638 ait:
1403 608 1462 637 Ille
1502 609 1672 648 baptizabit
1712 620 1765 639 vos
1798 610 1921 649 Spiritu
1955 616 1985 641 et
2017 614 2094 651 ἰφιὶ.
2159 613 2253 644 item:

1274 649 1373 679 Pater
1396 651 1504 690 diliffl'e
1530 652 1656 687 fllium,
1688 656 1718 682 et
1741 653 1799 682 dat
1821 655 1850 682 ei
1872 656 1904 683 in
1927 665 2033 684 manue
2055 657 2166 685 omnia.
2211 654 2255 686 Et

1272 692 1425 732 Spiritum
1443 695 1500 723 dut
1525 696 1563 727 ei,
1588 706 1648 724 non
1672 696 1838 726 secundum
1861 707 2038 727 mensuram.
2073 697 2255 730 Confirmat

1273 736 1372 767 etiam
1406 736 1494 769 hunc
1530 738 1702 769 articulum
1737 738 1888 780 exemplo
1922 738 2154 781 patefactionis
2190 741 2253 772 sibi

1272 778 1450 818 exhibitae,
1485 791 1558 812 cum
1582 782 1702 822 inquit:
1749 783 1811 815 Qui
1844 784 1929 812 misit
1962 793 2015 823 me,
2050 784 2136 814 dixit
2169 783 2253 822 mihi,

1271 821 1371 860 Super
1393 833 1478 862 quem
1511 824 1629 853 videris
1657 824 1809 863 Spiritum
1840 830 1979 855 sumtum
2009 826 2253 864 descendentem,

1271 868 1301 893 et
1322 870 1488 895 manentem
1511 877 1602 905 super
1625 877 1670 899 eo,
1694 867 1747 897 ille
1770 871 1831 900 est:
1866 868 1908 898 Et
1931 879 1988 907 ‘2‘10
2013 869 2086 908 vicli,
2111 873 2141 898 et
2163 873 2252 898 testa-

1270 911 1320 937 tus
1343 918 1416 940 snm.
1440 910 1524 948 qvod
1547 911 1589 939 sit
1611 910 1712 939 Filius
1734 910 1804 940 Dei.

1269 1055 1349 1095 Ubi
1382 1056 1519 1096 docuit
1551 1057 1602 1096 de
1635 1057 1792 1098 duabus
1823 1059 1974 1098 naturis
2006 1059 2047 1098 in
2065 1057 2251 1098 Christo?

1357 1154 1418 1188 Qui
1436 1157 1529 1193 prior
1552 1165 1596 1184 me
1617 1159 1673 1189 est,
1697 1158 1779 1185 venit
1799 1160 1874 1195 post
1895 1167 1957 1190 me,
1989 1158 2109 1198 inquit3
2155 1157 2250 1188 item:

1268 1197 1302 1225 Is
1324 1200 1378 1233 est,
1400 1199 1454 1236 qui
1471 1201 1547 1236 post
1570 1208 1615 1226 me
1637 1199 1728 1231 venit,
1752 1203 1781 1228 et
1801 1199 1866 1236 fuit
1889 1203 1959 1228 ante
1982 1209 2036 1230 7110.
2061 1199 2249 1231 Secundum

1268 1239 1444 1271 humanam
1474 1246 1625 1272 naturam
1650 1240 1801 1273 Christus
1835 1242 1925 1272 venit
1957 1248 2034 1283 post.
2058 1241 2249 1273 Iohannem:

1268 1283 1452 1314 secundum
1486 1283 1705 1321 divinitatem,
1749 1290 1799 1315 est
1833 1291 1910 1315 ante
1943 1284 2140 1322 Iohannem,
2173 1291 2249 1316 ante

1268 1324 1508 1363 Abrahamum,
1531 1332 1588 1357 aut
1609 1327 1722 1359 mundi
1745 1327 1877 1359 initium.

1473 1490 1554 1532 Ubi
1587 1492 1638 1531 de
1670 1490 1846 1531 Ecclesia
1878 1491 2042 1532 docuit?

1353 1598 1465 1628 Potest
1494 1599 1580 1628 Deus
1614 1600 1653 1629 tle
1687 1598 1847 1638 lapidibus
1879 1601 1950 1628 istis
1981 1601 2135 1629 suscitare
2164 1600 2249 1638 filios

1266 1641 1421 1672 ΑΙη-ιιΙιασ.
1457 1641 1620 1684 Loquitur
1643 1643 1683 1673 de
1704 1640 1902 1673 collectione
1914 1641 2090 1673 Ecclesiae
2109 1652 2149 1674 ex
2171 1652 2247 1683 gen-

1267 1685 1367 1715 tibus.
1401 1684 1441 1715 Et
1467 1686 1564 1716 docet
1578 1684 1762 1716 Ecclesiam
1787 1694 1863 1715 esse
1883 1684 2100 1723 Cafflolicam,
2121 1690 2154 1716 et
2176 1686 2248 1726 ipse

1267 1727 1401 1758 inchoat
1424 1727 1511 1759 hanc
1535 1727 1732 1766 Ecclesiam,
1757 1728 1921 1768 recipiens
1946 1727 2086 1759 ludaeos
2116 1733 2147 1758 et
2169 1737 2248 1769 gen—

1267 1776 1329 1801 tes.
1374 1769 1483 1802 Docet
1518 1771 1604 1802 hanc
1640 1781 1718 1802 csse
1741 1780 1853 1801 veram
1876 1769 2081 1809 Ecclesiam,
2115 1770 2148 1801 in
2181 1780 2246 1811 qua

1266 1819 1361 1843 sonat
1386 1824 1452 1844 vox
1475 1812 1657 1855 Evangelii.
1690 1813 1842 1844 Ostendit
1867 1811 1955 1844 illam
1977 1811 2123 1855 politiam
2146 1811 2244 1854 paulo

1265 1861 1342 1896 post
1372 1856 1615 1897 dissipandam,
1649 1862 1679 1887 et
1704 1863 1812 1887 tamen
1836 1854 2022 1888 Ecclesiam
2047 1865 2243 1886 conservan-

1265 1899 1339 1930 dam
1362 1908 1449 1930 esse.

1262 2047 1459 2087 Differtne
1499 2048 1722 2101 baptismus
1754 2047 1943 2086 Iohannis
1986 2063 2007 2086 a
2041 2046 2241 2100 baptismo

1458 2131 1615 2182 Clm‘sti,
1649 2139 1690 2172 et
1721 2131 2041 2186 Apostolorum?

1348 2222 1543 2254 Ceremonia
1566 2222 1644 2254 nihil
1670 2222 1785 2254 differt.
1830 2222 1898 2253 Sed
1922 2222 2085 2253 lohannes
2104 2228 2157 2253 est
2179 2223 2240 2262 pri-

1261 2276 1352 2303 mus,
1385 2275 1443 2306 per
1472 2276 1568 2306 quem
1604 2266 1790 2297 ceremonia
1827 2266 1982 2296 divinitus
2006 2265 2155 2296 instituta
2179 2271 2239 2296 est.

1261 2308 1383 2340 Postea
1407 2307 1560 2340 Christus-
1584 2318 1644 2349 per
1667 2307 1852 2349 Apostolos
1875 2308 2015 2340 eundem
2043 2308 2239 2348 baptismum

1259 2351 1478 2383 administrari
1503 2350 1623 2388 voluit;
1646 2351 1796 2392 primum,
1820 2352 1904 2382 inter
1927 2350 2086 2386 ludaeos3
2110 2350 2240 2388 deinde,

1259 2395 1344 2425 inter
1367 2400 1495 2435 gentes.
1524 2394 1596 2425 Nec
1620 2394 1758 2426 effectus
1782 2394 1898 2425 differt.
1928 2393 2120 2435 Requiritur
2142 2393 2237 2431 fides,

1260 2438 1333 2468 sive
1355 2436 1532 2476 lohannes,
1557 2438 1630 2468 sive
1647 2436 1801 2478 Apostoli
1826 2437 2002 2478 baptizent.
2037 2434 2080 2467 Et
2102 2437 2152 2467 sic
2174 2435 2239 2467 fide

1258 2481 1415 2521 proderat
1436 2479 1626 2520 Baptismus
1650 2479 1804 2511 iohannis
1836 2480 1922 2510 sicut
1948 2486 1980 2511 et
2001 2477 2238 2520 Apostolorum

1259 2524 1452 2564 baptismus.
1497 2522 1636 2554 Tantum
1658 2523 1724 2554 hoc
1746 2524 1895 2561 interest,
1917 2523 2006 2564 quod
2018 2521 2182 2553 lohannes
2204 2521 2236 2552 in

1258 2575 1451 2606 passurum,
1484 2564 1637 2607 Apostoli
1670 2571 1746 2607 post
1768 2565 1891 2597 Christi
1923 2564 2171 2601 ascensionem,
2205 2565 2236 2594 in

1258 2618 1394 2650 passum
1418 2614 1451 2639 et
1473 2609 1704 2640 resuscitatum
1728 2607 1894 2640 Christum
1919 2608 2138 2650 baptizabant.
