2343 2970
137 192 201 224 921

137 284 301 320 mirabilia
323 283 424 316 bella.
469 283 595 315 Eodem
618 289 767 324 tempore
783 285 894 325 vagati
918 289 994 315 sunt
1016 284 1049 314 in
1069 283 1117 315 Iu-

771 187 884 219 PHIL.
907 186 1012 220 MEL.
1036 186 1225 219 SCRIPTA
1246 185 1512 218 EXEGETICA.

2085 185 2148 217 922

1259 282 1351 325 Ergo
1375 287 1453 314 sunt
1477 280 1555 313 Duo
1580 286 1695 313 coetus
1720 281 1753 312 in
1776 279 1936 312 Ecclesia.
1982 281 2093 321 Unus,
2117 283 2149 313 in

138 330 222 362 daca
245 329 409 360 exercitus
426 328 644 369 pessimorum
669 326 851 363 hominunm
874 325 1004 358 illorum
1027 325 1118 357 mali·
1141 326 1148 363 ί
1171 337 1236 368 quo
1262 332 1339 358 sunt
1362 323 1475 367 angeli
1509 325 1742 366 praecinentes
1769 325 1888 364 nobis,
1923 330 1953 356 et
1990 325 2149 356 docentes

138 373 184 404 tia
218 378 309 404 tanta
342 370 418 409 suit,
452 378 574 411 quanta
615 380 703 401 nunc
736 380 803 401 non
838 376 890 401 est
924 369 1118 407 Tui-carum,

139 416 233 447 seind
255 416 308 446 die
331 415 413 446 aller
436 414 581 446 bosesteu
603 415 667 445 [eut
690 413 767 453 μηθ’
783 413 883 444 erden
902 422 1052 454 gerzo-esen.
1079 411 1117 442 ll-

1170 380 1233 400 nos
1258 368 1422 400 laetantes
1448 374 1564 400 nostra
1586 367 1695 399 solute
1729 373 1791 399 etc.
1839 367 1873 399 ln
1909 366 2013 399 altero
2051 374 2149 400 coetu

1170 418 1220 443 est
1244 411 1434 451 Diabolus,
1470 411 1578 442 hostis
1613 410 1669 442 filii
1700 410 1787 448 Dei,
1821 410 1950 443 habens
1995 421 2149 452 magnum

139 458 180 490 lis
200 465 266 490 tam
291 457 440 489 tristibus
465 458 668 498 temporibus
691 456 838 488 lecerunt
864 458 924 488 iter
954 457 996 487 ad
1020 455 1118 486 Beth·
1139 451 1146 478 ²
1170 465 1300 498 agmen,
1323 456 1410 497 quod
1434 461 1546 486 cantat
1568 453 1805 497 blasphemium
1830 461 1894 495 etc.

136 500 255 534 lehem.
300 499 466 531 Nazareth
492 507 600 531 autem
624 501 724 531 distat
746 510 767 530 a
789 498 969 531 Ierusalem
997 499 1037 530 19
1060 499 1115 530 mi—

137 545 294 581 liaribus3
316 542 510 575 Bethlehem
534 553 554 574 a
577 542 756 574 Ierusalem
779 552 838 574 sex
861 541 1042 574 miliaribus
1055 541 1114 573 Ita-

136 587 231 626 licis,
263 588 296 618 311
319 594 386 625 est,
414 597 480 617 uno
505 585 620 617 miliari
651 587 840 628 germanico
865 596 938 616 cum
973 585 1115 616 semissi.

137 631 233 663 Deus
257 641 322 662 non
347 629 417 662 vult
435 629 621 661 Ecclesiam
646 640 738 661 suam
764 639 841 660 csse
864 628 1034 659 Eleusinia
1058 628 1118 658 sed

137 674 211 706 vult
233 679 346 706 extare
369 680 402 705 et
425 674 573 713 conspici
597 673 784 704 testimonia
801 673 842 703 de
862 671 1009 703 articulis
1032 671 1118 702 fidei.

137 716 283 749 Volebat
309 718 406 758 igitur
428 722 507 747 tunc
529 717 606 747 sciri
629 716 786 747 Messinm
809 721 992 746 venturum.
1042 713 1120 745 Ideo

139 767 325 802 congregat
344 758 519 791 concilium
540 769 601 800 per
623 757 774 800 angelos
787 758 937 795 Mariam,
953 757 1071 798 loseph
1089 762 1121 788 et

137 809 314 845 pastorem
341 808 419 834 sunt
441 808 472 833 et
490 802 580 843 Magi
604 808 725 838 testes3
748 801 869 843 loseph
892 808 925 833 et
944 800 1051 832 Maria
1066 799 1122 831 ha-

138 847 282 878 buerunt
293 845 432 888 plurima
452 845 648 877 testimonia.

400 966 507 996 Maria
529 965 730 996 conservabat
754 966 864 995 omnia.

139 1071 250 1122 Quid
296 1071 370 1112 fuit
423 1086 524 1127 opus
572 1072 726 1113 Mariae
777 1072 944 1112 aliorum
1004 1071 1120 1111 testi-

540 1132 707 1174 monio?

226 1240 439 1282 Respondeo.
483 1240 610 1272 Mariae
631 1250 699 1272 non
722 1239 781 1271 fuit
805 1250 902 1280 opus,
925 1241 986 1272 sed
1008 1245 1118 1270 tamen

140 1283 398 1315 confirmabatur
434 1284 632 1315 testimoniis
667 1284 763 1315 etiam
796 1293 837 1314 cx
870 1282 944 1314 aliis
984 1283 1116 1314 auditis.

137 1326 180 1358 Et
202 1332 296 1359 nota:
320 1326 425 1358 Maria
459 1327 491 1358 in
525 1327 690 1367 scriptura
723 1336 856 1367 semper
886 1331 1118 1367 repraesentat

138 1368 345 1406 Ecclesiam3
373 1368 528 1400 Ecclesia
551 1376 741 1407 conservat,
764 1369 955 1400 considerat
978 1369 1062 1400 haec
1074 1375 1117 1400 te-

137 1413 303 1449 stimonia,
324 1412 538 1443 confirmatur
560 1418 594 1443 et
616 1412 762 1444 eruditur
783 1413 834 1443 iis.

224 1454 269 1484 Ec
290 1456 323 1483 ‘in
346 1459 430 1484 terra
448 1458 544 1494 pua]
568 1453 688 1496 Angeli
711 1465 777 1486 non
801 1460 878 1486 sunt
896 1455 1069 1496 redempti,
1084 1460 1117 1485 et

136 1503 248 1529 tamen
271 1498 333 1538 ipsi
357 1496 550 1529 mirabiliter
571 1497 735 1529 laetantur
761 1504 877 1529 nostra
899 1497 1019 1530 salute.
1066 1496 1117 1529 Illi

138 1546 217 1572 sunt
235 1541 323 1571 servi
346 1539 470 1572 Christi
493 1547 525 1571 et
547 1541 647 1572 totius
671 1539 858 1579 Ecclesiae,
879 1551 946 1571 non
969 1541 1117 1572 invident

137 1584 255 1620 nobis3
288 1593 351 1614 nos
386 1590 493 1614 autem
527 1583 678 1614 homines
709 1594 807 1625 quam
831 1585 965 1624 superbi
989 1595 1117 1622 sumuS‚

138 1628 197 1657 wie
219 1626 326 1656 elemlc
350 1626 479 1665 tropffen
503 1626 593 1655 wind,
615 1628 694 1664 wir,
728 1628 840 1667 quanti
875 1626 1005 1658 furores
1040 1634 1117 1659 sunt

140 1671 173 1700 in
196 1670 305 1706 nobis,
328 1680 394 1700 non
419 1668 575 1700 volumus
597 1678 674 1700 esse
697 1669 769 1708 Dii,
792 1680 859 1701 non
887 1669 1040 1701 volumus
1064 1681 1117 1702 ce-

141 1713 221 1744 dere
244 1711 329 1750 aliis,
354 1714 410 1741 uvir
432 1711 540 1741 wellen
561 1712 666 1743 immer
688 1712 825 1743 lzinuber.

228 1756 371 1786 Primum
384 1755 537 1786 tribuitur
555 1755 743 1794 ylore‘aDco
766 1756 798 1787 in
823 1766 944 1796 genere
963 1755 1118 1791 humano,

140 1798 207 1830 hoc
228 1797 297 1830 filio
320 1799 451 1839 agnito.
483 1804 516 1829 et
534 1804 671 1839 propter
688 1798 777 1830 hunc
799 1799 900 1830 filium
924 1799 1119 1837 exhibitum,

140 1847 264 1879 natum,
287 1851 420 1882 passum
441 1847 503 1871 etc.
548 1840 713 1882 Epicurus
737 1852 803 1873 non
828 1842 939 1873 tribuit
950 1841 1025 1873 Deo
1052 1840 1119 1884 glo-

140 1885 234 1922 riam,
253 1885 331 1925 quia
354 1883 434 1915 dicit
457 1883 566 1915 Deum
590 1883 669 1915 nihil
699 1894 808 1916 essex.

141 1927 211 1958 buit
233 1926 308 1958 Deo
331 1926 483 1969 gloriam,
507 1927 582 1968 quia
606 1927 684 1958 (licit
706 1927 815 1959 Deum
839 1938 917 1959 esse
940 1927 1119 1969 crudelem3

138 1970 200 2001 sed
222 1969 333 2002 David
356 1970 467 2001 tribuit
479 1969 552 2001 Deo
577 1969 730 2012 gloriam.
775 1971 847 2002 Nisi
869 1972 983 2013 agnito
1007 1976 1039 2002 et
1063 1981 1119 2002 ex·

138 2012 243 2044 hibito
267 2012 402 2044 Christo
434 2023 501 2044 non
536 2020 647 2054 petest
671 2013 745 2045 Deo
776 2015 874 2046 tribui
908 2013 1026 2056 gloria.
1071 2014 1119 2046 Ita

138 2054 250 2087 David
273 2057 384 2087 tribuit
396 2055 469 2087 Deo
493 2054 644 2097 gloriam,
667 2057 756 2099 quod
775 2057 896 2088 habeat
919 2067 1033 2089 omncs
1055 2058 1118 2089 vir-

139 2104 241 2136 tutes,
265 2099 354 2139 quod
377 2100 420 2130 sit
439 2101 545 2130 iustus
569 2101 600 2130 in
621 2101 808 2140 puniendo,
843 2102 932 2142 quod
956 2101 999 2131 sit
1021 2101 1118 2132 mise-

139 2142 248 2174 ricors
270 2142 304 2172 in
327 2140 489 2173 salvando
513 2149 649 2183 propter
672 2143 783 2174 filium.

228 2184 265 2215 II.
312 2184 354 2214 Et
377 2186 410 2213 in
433 2188 516 2214 terra
531 2195 613 2224 pam,
635 2187 667 2217 id
691 2192 764 2225 est,
799 2197 863 2228 pax
898 2192 1011 2218 mutua
1033 2187 1118 2218 inter

139 2226 249 2260 Deum
273 2234 305 2259 et
327 2226 497 2267 homines,
531 2228 682 2261 homines
716 2230 780 2260 iam
809 2240 877 2261 non
900 2228 1039 2271 amplius
1062 2231 1117 2261 da-

140 2276 272 2302 mnatos
296 2281 382 2302 esse.
429 2270 582 2309 Laetitia,
605 2272 637 2302 id
660 2278 734 2311 est,
768 2274 857 2315 quod
880 2273 1030 2304 homines
1053 2273 1116 2304 iam

140 2312 309 2345 laetentur
331 2314 363 2344 in
387 2312 475 2352 Deo,
497 2315 530 2344 in
552 2312 616 2345 ‘hae
638 2317 716 2354 vita,
740 2323 773 2348 et
793 2322 873 2358 post
895 2317 982 2348 hanc
1005 2317 1117 2355 vitam,

139 2357 218 2398 quia
253 2356 412 2388 inchoata
441 2357 710 2390 reconciliatione
743 2360 775 2390 in
810 2360 907 2391 nobis
941 2358 1117 2391 inchoatur

138 2397 275 2431 laetitia.
317 2399 478 2432 Homines
500 2407 724 2441 agnoscentes
748 2402 857 2435 Deum
890 2401 1055 2434 laetentur
1082 2403 1116 2434 in

138 2441 227 2481 Deo,
250 2448 351 2484 agant
375 2444 512 2482 ‹ri-arias,
536 2443 610 2474 Deo
635 2446 812 2484 obediant,
840 2452 874 2477 et
897 2445 1117 2478 confiteantur

139 2484 226 2517 Deo.
272 2485 314 2517 Et
348 2469 423 2517 talis
446 2484 572 2517 laetitia
595 2489 798 2520 consumitur
824 2489 858 2520 in
880 2489 948 2521 vita
970 2495 1115 2521 aeterna.

139 2527 236 2559 Hanc
259 2526 458 2560 cantilenam
481 2534 616 2561 cantant
638 2531 748 2573 angeli
770 2537 907 2574 propter
939 2541 1019 2569 nos;
1041 2542 1116 2563 con-

139 2575 192 2602 tra
214 2577 323 2603 autem
347 2570 428 2603 facit
445 2573 587 2604 mundus
600 2596 610 2611 ‚
643 2584 710 2605 non
732 2576 845 2607 tribuit
867 2575 941 2607 Deo
966 2574 1116 2617 gloriam,

137 2612 232 2689 mugi
257 2620 471 2647 contemnunt
493 2615 601 2648 Deum
615 2639 624 2655 ,
657 2624 690 2649 et
723 2627 791 2650 non
813 2618 938 2651 habent
959 2617 1117 2650 laetitiam

136 2666 193 2688 m,
229 2667 279 2690 eo.

855 1883 938 1916 Saul
966 1895 1034 1916 non
1064 1886 1117 1915 tri·
1141 1881 1147 1930 fl

1369 533 1410 563 IN
1440 532 1515 564 DIE
1539 531 1699 564 SANCTI
1722 531 1953 563 STEPHANI.

1482 584 1673 616 Actorum
1696 584 1727 616 6.
1752 590 1789 615 et
1812 584 1840 616 7.

1378 634 1481 675 (cons.
1501 635 1578 667 Vol.
1602 635 1724 667 XXIV.
1749 647 1780 678 p.
1799 636 1842 667 83
1860 642 1947 678 sqq.)

1260 705 1295 735 ln
1318 704 1382 737 hac
1404 704 1542 736 historia
1571 710 1624 736 est
1657 705 1901 736 consideranda
1937 715 2081 744 caussa,
2115 712 2152 738 ut

1175 748 1308 780 dicitur:
1353 748 1547 787 Supplicium
1569 758 1629 777 uon
1649 748 1733 786 facit
1756 752 1931 789 martyrem,
1950 748 2006 778 sed
2030 759 2150 779 caussa.

1177 791 1291 823 Genus
1314 792 1413 833 igitur
1435 792 1628 830 doctrinae,
1664 792 1706 822 (le
1739 801 1805 833 quo
1837 791 1891 823 hic
1920 793 2078 833 disputat,
2101 799 2153 824 est

1176 844 1308 866 caussa.

1273 877 1465 910 Accusatur
1498 877 1709 919 StephanuS,
1743 878 1831 920 quod
1867 878 1954 910 (licat
1987 879 2153 911 contraria

1176 920 1256 962 legi,
1279 921 1367 963 quod
1391 921 1478 952 dicat
1500 920 1584 959 sore,
1602 927 1637 952 ut
1666 920 1720 952 lex
1743 920 1910 959 deleatur3
1944 922 2020 953 item
2054 923 2154 954 istum

1174 964 1298 996 cultum
1330 969 1540 1005 praesentem
1573 963 1662 996 illius
1696 963 1809 1006 templi
1843 975 1911 996 non
1935 975 2012 997 esse
2036 976 2152 998 verum

1175 1006 1296 1040 cultum
1329 1006 1416 1046 Dei,
1449 1005 1545 1045 sore,
1578 1014 1615 1039 ut
1648 1008 1711 1039 ista
1739 1007 1854 1050 politia
1877 1007 2037 1040 deleatur.
2082 1008 2154 1040 Hae

1173 1056 1251 1082 sunt
1272 1061 1415 1093 magnae
1437 1060 1492 1082 res
1516 1056 1548 1082 et
1571 1051 1747 1083 durissime
1780 1052 1986 1093 accipiuntur
2019 1054 2061 1083 ab
2095 1052 2153 1084 ho-

1172 1095 1325 1126 minibus,
1372 1093 1506 1125 Summa
1529 1100 1639 1126 autem
1660 1095 1890 1137 disputationis
1913 1095 1998 1126 haec
2020 1101 2108 1127 erat:

1303 1153 1489 1194 Cultu-galai
1511 1164 1571 1183 non
1590 1155 1655 1191 fuit
1679 1155 1717 1183 ab
1735 1156 1828 1184 initio
1852 1155 1938 1194 apud
1952 1159 2071 1195 patres,
2091 1166 2151 1186 uon

1344 1201 1390 1228 esc
1413 1197 1512 1227 cult-ns
1535 1197 1735 1237 principalis.

1301 1240 1366 1270 Iste
1387 1245 1487 1270 vester
1509 1241 1608 1271 cultus
1630 1251 1693 1271 non
1711 1242 1775 1280 ficit
1799 1241 1886 1281 apud
1904 1246 2036 1281 patres.-

1300 1282 1389 1323 Eryo
1412 1288 1511 1314 vester
1533 1284 1633 1314 mellus
1654 1295 1715 1315 ηοιι
1739 1288 1785 1314 est
1804 1286 2004 1324 principalis,

1299 1326 1450 1358 Patribus
1464 1329 1555 1365 facta
1572 1331 1619 1357 est
1632 1329 1819 1367 promissio:
1841 1328 1879 1357 In
1891 1330 2005 1359 semine
2027 1333 2080 1359 tuo
2093 1333 2149 1360 etc.

1299 1370 1390 1400 Haec
1413 1371 1531 1411 politia
1567 1375 1596 1400 et
1629 1371 1690 1402 hoc
1722 1382 1846 1412 requam
1880 1381 1940 1402 nou
1969 1374 2035 1410 fuit
2064 1373 2151 1413 apud

1337 1417 1466 1453 patres:

1298 1455 1387 1497 Eryo
1408 1457 1525 1496 politia
1548 1457 1625 1487 haec
1647 1468 1708 1488 non
1732 1462 1777 1488 est
1796 1459 1963 1498 promissa.

1253 1524 1308 1557 Dc
1330 1525 1382 1557 his
1402 1532 1530 1567 postea.

1256 1568 1498 1610 Stephanus
1522 1568 1583 1601 fuit
1605 1569 1790 1602 Diaconus.
1836 1571 1912 1600 Man
1946 1570 2002 1600 luat
2031 1571 2063 1602 in
2086 1570 2150 1603 Ec-

1170 1611 1273 1644 clesia
1307 1613 1504 1644 souderlselze
1538 1614 1663 1655 gradus
1685 1613 1838 1652 yelealten.
1890 1613 2091 1653 Episcopus7
2117 1615 2149 1646 id

1170 1662 1233 1692 esi,
1258 1656 1439 1696 inspector.
1485 1655 1671 1697 Episcopus
1695 1667 1827 1698 panum,
1840 1658 1890 1686 ein
1914 1658 1983 1687 brot
2001 1657 2146 1689 sclwtzer.

1169 1697 1413 1739 Keisersperg‚
1454 1699 1672 1730 concionator
1697 1700 1976 1741 Argentinensis,
2020 1701 2150 1732 dicebat

1170 1740 1311 1779 Bisclzoff
1334 1742 1400 1772 (lici
1425 1742 1520 1783 quasi
1540 1742 1596 1782 bey
1619 1742 1678 1771 deu
1702 1743 1851 1781 schusen,
1885 1744 1918 1774 id
1955 1748 2028 1782 est,
2062 1744 2150 1785 apud

1171 1793 1264 1815 oveS.
1310 1783 1529 1824 Presbyteros,
1551 1785 1583 1815 id
1607 1791 1671 1823 est,
1695 1787 1817 1818 senior·

1257 1827 1399 1857 Diacom'
1420 1828 1733 1860 administraverunt
1762 1828 1828 1861 alia
1856 1830 1990 1871 negotia
2023 1830 2055 1861 in
2089 1829 2151 1862 Ec-

1172 1868 1296 1904 clesiis‚
1311 1870 1474 1902 redituum
1493 1878 1524 1902 et
1549 1871 1836 1914 eleemosynarum
1859 1874 2151 1915 conscriptionem,

1171 1914 1246 1954 quia
1279 1911 1356 1945 olim
1393 1915 1479 1946 bona
1512 1915 1744 1947 dividebantur
1783 1917 1817 1947 in
1851 1922 1993 1957 quatuor
2026 1923 2150 1957 partes.

1170 1955 1245 1987 Una
1268 1962 1341 1988 erat
1363 1967 1441 1998 pars
1466 1958 1658 1996 ministerii,
1691 1959 1781 1991 unde
1804 1960 1982 1991 ministeris
2006 1960 2151 1991 docenti-

1171 2000 1234 2030 bus
1254 2000 1417 2032 (labantur
1439 2002 1621 2041 stipenda„
1643 2000 1748 2033 altera
1771 2013 1850 2044 pars
1864 2002 2073 2039 scholaruum
2090 2010 2151 2035 ter-

1171 2044 1216 2074 tia
1238 2053 1435 2084 pauperum3
1459 2051 1576 2086 quarta
1599 2044 1852 2077 aedificationis.
1899 2046 1956 2078 Sic
1985 2047 2150 2088 quondam

1171 2084 1303 2118 suerunt
1328 2087 1490 2125 ordinata,
1513 2094 1546 2119 et
1568 2093 1719 2130 tempora
1742 2088 1853 2120 solent.
1876 2088 1955 2120 talia
1978 2096 2116 2121 mutare.

1256 2128 1439 2166 Ἀκόλουθος,
1463 2131 1494 2162 id
1517 2137 1581 2169 est,
1607 2142 1731 2167 comes,
1755 2138 1912 2170 sectator,
1936 2134 1990 2174 qui
2014 2134 2149 2164 comita-

1171 2172 1268 2204 batur
1290 2178 1458 2214 pastorem
1481 2184 1541 2206 seu
1565 2174 1778 2216 Episcopum,
1802 2175 1862 2206 ἀπὸ
1886 2178 1938 2206 τοῦ
1961 2175 2149 2215 ἀκολουθεῖν,

1170 2216 1202 2247 id
1226 2222 1289 2253 est,
1313 2227 1333 2247 a
1356 2217 1538 2258 sequendo.
1584 2218 1764 2261 Λειτουργὸς
1785 2230 1805 2250 a
1829 2221 1921 2257 λεῖιιι,
1941 2220 1971 2250 icl
1986 2221 2149 2258 est‚bona

1170 2257 1303 2300 publica
1326 2265 1358 2291 et
1381 2261 1473 2302 ἔργον.
1499 2270 1595 2302 opus.

1256 2301 1445 2343 Stephanus
1467 2303 1527 2336 tuit
1556 2304 1751 2343 Diaconus,
1784 2304 1926 2346 praefuit
1960 2304 2148 2337 collectioni

1170 2343 1467 2388 eleemosynarnm,
1485 2354 1524 2379 -et
1547 2348 1797 2389 dispensationi.
1843 2348 1883 2379 Et
1916 2359 2037 2390 magna
2069 2355 2149 2380 tunc

1169 2386 1230 2420 fuit
1253 2387 1436 2421 liberalitas
1460 2389 1651 2428 Ecclesiae;
1684 2390 1776 2423 multi
1810 2392 1896 2422 enim
1930 2392 2148 2423 conferebant

1169 2441 1249 2463 suas
1271 2431 1448 2465 facultates
1471 2435 1504 2466 in
1528 2445 1722 2472 commune,
1755 2440 1790 2466 ut
1815 2435 1988 2476 egentibus
2011 2435 2148 2476 praebe-

1169 2480 1260 2507 retur
1282 2476 1390 2508 victus
1413 2487 1454 2509 ex
1476 2476 1534 2509 illa
1557 2478 1661 2519 stipe3
1686 2478 1762 2509 hinc
1785 2485 1836 2508 est
1859 2478 2020 2519 quaestio.

1530 2556 1781 2597 Argumentum.

1300 2623 1521 2662 Apostolorum
1545 2624 1685 2663 exempla
1705 2628 1775 2653 sunt
1798 2624 1959 2654 imitanda.

1299 2666 1447 2706 Apostoli
1469 2667 1659 2696 ronrnlerunt
1684 2678 1732 2696 res
1755 2678 1827 2696 suus
1849 2669 1880 2697 in
1905 2677 2077 2697 commune:
