2343 2970
202 145 265 177 ‘235

202 250 275 272 mus
299 249 361 271 nos
385 250 483 282 pares
497 250 575 271 esse
589 238 828 270 excellentibus
848 237 913 268 iilis
934 238 1022 275 viris,
1038 247 1178 278 quorum
1203 238 1206 283 j

200 290 316 326 gestus
340 289 372 314 et
397 281 484 315 sarta
508 283 625 314 imitari
651 281 801 313 volumus
826 287 941 311 contra
960 280 1178 311 vocationem.

287 325 339 357 De
362 325 426 357 hoc
450 326 540 363 vitio,
565 333 596 357 ut
623 326 717 365 coepi
742 325 862 361 dicere,
887 321 984 354 valde
1007 321 1110 354 multa
1133 323 1178 353 di-

201 375 319 401 cuntur
342 370 374 400 in
399 370 550 400 omnibus
579 369 728 408 scriptis3
764 367 838 408 quia
870 371 920 397 est
949 365 1178 397 communissi-

199 424 286 444 mum
311 413 434 443 vitium.
492 410 585 442 Multi
615 411 735 452 ubique
766 409 882 441 volunt
912 418 1030 450 regere
1059 408 1179 446 aliena,

201 462 232 487 et
262 467 327 487 non
358 455 521 486 mandata.
578 452 727 484 Phalaris
759 454 800 483 ad
831 451 1058 483 Stesichorum
1084 452 1178 482 dixit:

199 499 304 528 Audio
330 502 358 528 te
377 498 470 527 multa
490 496 712 535 reprehendere
730 498 763 525 ιἰι
782 497 853 524 meis
871 496 1018 534 negotiis:
1048 494 1076 523 Τ
1073 506 1092 524 ιι
1105 505 1180 524 cura
1203 502 1207 548 Ι

200 546 270 572 tuas
292 542 414 575 Elusus„
448 543 562 579 μέλοιέν
584 552 631 570 σοι
656 542 686 569 αἱ
720 538 831 569 ἀοιδαί.
889 538 963 569 Sint
995 538 1049 569 tibi
1080 547 1180 570 curae

199 584 318 616 Musae
352 590 437 615 tuae.
494 583 652 614 Erasmus
688 582 821 622 scripsit
858 581 981 612 Romae
1017 581 1057 612 (le
1091 579 1179 612 bello

200 627 289 666 lulii,
323 628 384 658 etsi
414 627 526 657 habuit
557 626 676 657 iustam
705 635 859 656 caussam
890 625 1115 665 conquerendi
1140 624 1181 654 de

201 669 279 708 illo,
313 676 421 701 tamen
457 679 523 700 non
554 667 613 700 suit
648 667 736 699 illius
772 666 893 705 officii,
929 666 1007 699 talia
1041 673 1179 698 tentare.

200 713 277 744 Ideo
303 724 375 744 cum
399 712 558 743 Erasmus
584 712 663 743 vidit
692 721 729 741 se
754 711 911 741 incidisse
933 711 965 741 in
989 710 1099 741 odium
1123 708 1180 740 illo

201 756 339 797 scripto,
356 754 453 787 valde
477 756 539 786 sibi
563 755 685 792 metuit,
705 754 764 785 fuit
788 754 874 784 enim
898 759 1014 784 natura
1037 753 1180 784 timidus.

200 799 310 837 Dixit,
344 809 381 829 se
411 799 443 829 in
475 809 536 830 sua
566 798 633 829 vita
662 808 726 828 non
757 795 862 827 fuisse
887 798 917 828 in
942 797 1058 828 maiori
1081 803 1181 834 metu,

201 853 298 884 quam
322 853 395 873 cum
419 848 508 873 esset
532 846 670 872 vocatus
694 841 736 871 ad
761 839 895 880 Papam,
921 841 975 881 qui
998 840 1180 880 interroga—

200 886 245 917 vit
281 895 355 916 eum
391 895 517 915 coram:
568 884 611 913 Tu
645 894 677 913 es
710 885 786 917 iste,
821 884 874 922 qni
909 884 1069 922 scripsisti
1102 882 1180 911 illa?

200 928 358 959 Erasmus
382 929 523 969 ingenue
546 926 710 958 fatebatur
733 937 751 956 a
775 936 812 957 se
835 924 916 957 illud
940 927 1099 966 scriptum
1124 936 1181 966 pu·

202 970 355 1002 blicatum
379 981 466 1001 esse.
512 970 581 1000 Nisi
607 971 694 1001 enim
719 968 896 1000 confessus
920 968 1056 1007 suisset,
1075 969 1181 1010 magis

199 1014 440 1045 inflammasset
463 1024 590 1054 papam.
637 1013 727 1053 Papa
753 1013 867 1043 dimisit
896 1023 985 1049 eum,
1015 1023 1089 1043 cum
1119 1011 1181 1042 hac

200 1057 437 1089 admonitione:
460 1057 528 1086 Ista
552 1057 679 1095 neycz‘ia
703 1059 772 1085 snut
795 1055 884 1090 talia,
909 1066 987 1095 quae
1007 1055 1050 1084 ad
1073 1059 1103 1084 te
1122 1065 1181 1084 ,⁴:071

198 1102 369 1140 pertinent,
400 1099 520 1129 scribas
548 1099 694 1133 utiliore,
718 1098 794 1127 llaec
823 1098 995 1138 relinquite.
1042 1097 1098 1128 Sic
1123 1108 1181 1127 rex

200 1142 362 1185 Anglicus
391 1153 464 1174 cum
487 1143 720 1173 admoneretur
750 1142 791 1172 de
819 1142 961 1182 negotiis
985 1141 1182 1182 quibusdam

201 1186 372 1228 religionis
400 1197 417 1216 a
443 1186 580 1227 Legatis
612 1185 804 1223 saxonicis,
840 1185 935 1215 dixit:
972 1184 1102 1223 In'eyutis
1132 1194 1183 1212 vos

199 1234 328 1260 vestram
348 1231 507 1268 patriam,
530 1230 643 1257 sinatis
665 1239 710 1257 me
733 1238 840 1267 reyere
862 1238 956 1256 meum
980 1238 1113 1266 reynum.

286 1272 323 1303 ln
347 1283 485 1310 summa,
505 1272 645 1313 quisque
669 1270 828 1312 intelligat
852 1281 947 1301 suum
971 1269 1127 1308 officium,
1153 1275 1184 1300 et
1210 1278 1212 1306 ζ

200 1315 351 1358 expleret
374 1325 469 1346 suum
493 1324 577 1356 opus
601 1316 691 1346 iuxta
720 1320 931 1355 praeceptum
957 1312 1065 1344 Pauli:
1101 1312 1184 1342 Pro·
1210 1308 1213 1319 '

202 1360 251 1389 bet
274 1360 481 1398 unusquisque
504 1369 589 1387 suum
612 1368 706 1396 opus.
731 1358 778 1385 sic
801 1367 861 1385 ηοη
883 1355 1032 1395 pendebit
1061 1366 1101 1385 ex
1131 1365 1184 1394 ap-
1212 1366 1213 1369 ¹

196 1403 311 1443 plausu
335 1401 477 1431 aliorum.
524 1400 597 1432 Huc
620 1401 760 1441 pertinet
783 1398 880 1431 illud:
904 1399 1052 1438 Spartam
1075 1402 1185 1428 nactus

202 1457 248 1481 es,
272 1445 352 1474 hanc
371 1455 500 1474 aroma.
549 1443 667 1475 Cicero
691 1444 790 1475 utitur
813 1443 878 1474 hoc
910 1443 998 1473 dicto
1029 1442 1071 1473 ad
1103 1441 1185 1472 Atti-

202 1500 286 1522 cum.
333 1488 454 1529 Sparta
475 1487 536 1518 fuit
560 1487 676 1518 civitas
700 1487 732 1518 in
756 1485 916 1517 Laconia.
968 1485 1034 1516 Sed
1063 1484 1096 1516 in
1120 1485 1184 1516 isto

202 1531 380 1574 proverbio
405 1530 571 1573 significat
594 1530 770 1561 honestam
793 1529 1001 1560 vocationem
1027 1527 1080 1559 vel
1110 1538 1186 1568 pro·

201 1576 353 1606 vinciam·

289 1615 530 1658 Aristophanes
562 1617 593 1647 in
623 1615 747 1657 Vespis
772 1615 929 1646 describit
950 1613 1186 1656 Polypragmo-
1210 1606 1213 1647 i

203 1661 326 1692 nicum:
358 1659 406 1690 τὸν
434 1661 546 1697 πῆλον,
582 1657 685 1700 ὥσπερ
710 1657 836 1697 ἄτταγας
865 1658 1017 1699 τυρβάζεις
1044 1656 1185 1698 βαδίζων.

197 1704 335 1743 ’Ἀιταγας
363 1702 528 1745 significat
564 1704 647 1731 tinen
674 1701 840 1741 pircklum,
869 1701 926 1730 der
956 1700 1095 1729 sellari-et
1124 1699 1188 1729 und

207 1748 297 1787 wirffl
320 1746 381 1776 viel
401 1745 497 1775 drecl:
520 1745 657 1774 wnblzer:
687 1745 839 1785 τυρβτὶζειν
863 1750 915 1774 est
934 1744 1098 1775 turbando
1123 1743 1187 1773 (lis—
1211 1734 1214 1746 ⁴

205 1792 326 1831 sipare.
372 1789 463 1820 Haec
486 1787 612 1819 faciunt
642 1786 762 1825 Cleon,
792 1785 958 1824 Pericles,
991 1785 1188 1817 Demosthe-

205 1844 282 1872 nes,
316 1833 370 1875 qui
393 1838 470 1874 post
500 1838 637 1862 mortem
668 1830 737 1861 lulii
767 1828 837 1861 vult
869 1830 1054 1871 opprimere
1083 1829 1188 1860 Anto-

206 1878 305 1914 nium,
324 1881 356 1907 et
380 1886 446 1906 non
469 1880 589 1915 potest.
625 1874 680 1905 Sic
704 1872 827 1904 faciunt
851 1871 1013 1915 Theologi
1036 1874 1069 1903 in
1092 1870 1188 1910 aulis,

205 1921 237 1951 in
262 1919 452 1961 gynaeceis‚
469 1918 601 1949 turbant
624 1915 813 1948 volunvates
832 1917 1027 1957 principum,
1045 1921 1187 1952 struunt,

207 1962 384 1994 moliuntur
408 1960 518 1992 multa.
572 1960 703 1989 Riclzten
735 1959 796 1988 viel
822 1969 940 1998 gyewerr
967 1969 1021 1993 (ιιι,
1054 1957 1189 1990 convel-

206 2005 277 2037 lunt
302 2010 393 2036 recte
417 2004 555 2040 tradita,
590 2013 655 2033 non
678 2002 742 2033 hoc
767 2008 888 2043 agunt,
917 2008 951 2033 ut
976 2008 1066 2033 recte
1090 2000 1188 2042 expli-

209 2055 315 2080 catum
340 2047 510 2078 doctrinae
534 2056 657 2087 corpus
680 2047 848 2077 retineant.

295 2090 494 2131 Plerumque
530 2095 636 2121 autem
671 2089 838 2129 practicae
877 2088 1000 2118 habent
1036 2086 1189 2118 infelices

208 2140 357 2166 eventus.

297 2176 450 2207 Christus
473 2175 527 2206 hic
551 2175 640 2205 dicit:
666 2174 774 2205 Unum
792 2179 843 2204 est
864 2173 1106 2204 necessarium:
1129 2173 1189 2203 sci·
1213 2210 1215 2215 ,

210 2220 286 2252 licet
310 2220 423 2251 audire
446 2219 602 2255 verbum,
626 2224 655 2248 et
681 2217 816 2248 obedire
840 2217 867 2246 ei
892 2217 1001 2257 quoad
1026 2216 1133 2249 tidem,
1158 2221 1189 2246 et
1213 2227 1215 2248 r

211 2262 324 2295 facere
359 2260 470 2293 officia
504 2261 700 2291 vocationis.
757 2258 889 2290 Martha
924 2258 1001 2290 favit
1036 2254 1216 2301 magnum}

836 143 944 175 PHlL.
970 143 1073 175 MEL.
1098 141 1282 174 sotur'rA
1309 141 1572 173 EXEtiE'l'lCA.

1210 1471 1213 1481 >
1238 1457 1339 1489 multa
1363 1457 1551 1488 ministeria.

211 2307 381 2348 strepitum
406 2310 437 2336 et
461 2304 696 2336 turbationem:
728 2303 786 2333 sed
820 2302 973 2333 Christus
1003 2313 1069 2333 non
1099 2304 1217 2346 curat]

211 2348 285 2381 illos
314 2354 492 2389 apparatus
523 2346 729 2388 splendidos,
785 2344 844 2375 Est
875 2346 1043 2386 antiquum
1068 2345 1217 2376 dietum¹

212 2393 296 2424 inter
320 2392 504 2432 sapientes:
535 2390 692 2420 Modicum
715 2393 743 2418 ei
767 2388 874 2417 bonum
898 2392 966 2417 sunt
989 2392 1099 2427 yratue
1123 2398 1192 2426 ‘'pu-
1216 2392 1217 2399 ¹

213 2436 279 2465 lae:
302 2434 363 2463 Ee'n
385 2438 442 2474 yut
465 2433 594 2464 reinlt'rlz
617 2443 712 2469 essen,
735 2431 799 2461 und
823 2432 870 2459 εἰη
883 2435 938 2469 911!
957 2431 1077 2462 trum-lc.
1119 2430 1194 2460 lVas

213 2480 286 2511 ists,
318 2488 399 2507 wenn
430 2488 499 2507 vum
529 2478 616 2506 ez‘nrn
646 2479 773 2515 gyantzen
800 2474 918 2503 ochsen
939 2474 1088 2511 fnrsetzl?
1135 2472 1194 2505 llla

214 2522 311 2562 copia
347 2519 425 2551 facit
455 2519 622 2551 fastidium
646 2524 677 2550 et
700 2527 878 2555 nauseam,
913 2517 1108 2559 praesertim
1131 2517 1195 2548 ista

216 2563 430 2601 Germanica,
465 2569 497 2594 et
521 2562 683 2594 Polonica
714 2561 810 2603 copia
833 2561 903 2591 sive
926 2559 1096 2601 profusio,
1126 2560 1197 2589 Dus

214 2617 289 2646 yros
311 2607 454 2646 yesi-esse.

2149 144 2213 176 235

1320 235 1473 267 Christus
1503 238 1643 267 intuetur
1676 247 1881 268 communem
1914 239 2010 269 vitam
2036 239 2213 272 hominum.

1231 277 1392 320 Exempla
1412 280 1639 321 tiriusquisque
1664 280 1867 317 consideret,
1903 280 1970 309 wie
1997 292 2058 319 yur
2080 282 2214 323 umuliiy

1233 323 1285 351 die
1308 321 1370 351 lent
1392 322 1464 351 siud
1487 322 1605 351 konnen
1629 322 1713 351 nieht
1736 322 1881 361 sclzlaffen
1901 324 1955 361 fm-
1974 325 2068 353 iltrem
2085 334 2213 363 9cwerr,

1235 365 1297 394 das
1320 367 1365 394 sie
1387 365 1563 404 [Indenea-en
1587 365 1790 396 maurianen.
1836 365 1996 407 Exempla
2025 369 2215 408 praesentia

1233 414 1309 439 sunt
1334 409 1466 439 odiosa:
1492 409 1590 449 igitur
1616 409 1792 449 peregrina
1818 410 1931 440 recito.
1973 409 2114 441 Dicebat
2133 411 2211 443 mihi

1233 450 1382 493 Longius
1407 450 1612 489 Cardinalis,
1636 451 1823 492 Episcopus
1847 451 2135 493 saltzburgensi&
2159 454 2215 496 qui

1234 494 1288 525 diu
1313 494 1419 525 suerat
1450 494 1479 524 in
1511 493 1587 525 aula
1616 493 1829 526 Maximiliani
1860 496 1972 536 primi,
2007 492 2110 527 fuisse
2139 507 2214 528 cum

1234 538 1306 578 ipso
1342 537 1522 578 sapientem
1559 538 1681 575 virum,
1720 548 1816 579 quem
1855 548 1927 569 cum
1961 539 2214 580 interrogasset,

1234 581 1398 622 quomodo
1429 580 1491 620 ipsi
1521 578 1666 620 placeret
1696 579 1772 612 aula
1802 580 2013 612 Maximiliani
2037 582 2214 622 Imperato-

1234 625 1298 661 ris,
1323 623 1492 664 respondit
1517 622 1587 653 ille:
1612 623 1686 654 Non
1709 624 1885 655 admodum
1910 625 2006 655 bene.
2059 624 2131 656 Vos
2159 625 2214 657 ha-

1235 667 1319 697 betis
1344 665 1488 697 fortasse
1512 673 1642 697 centum
1668 668 1768 705 viros,
1791 677 1849 708 per
1872 678 1956 708 quos
1981 667 2090 698 omnia
2113 679 2214 709 agun-

1234 716 1305 747 tur,
1330 716 1361 740 et
1385 710 1467 740 inter
1497 707 1573 739 illos
1606 709 1659 740 vix
1690 716 1767 740 sunt
1797 710 1940 751 quinque
1968 709 2020 741 vel
2050 720 2129 742 sex.
2161 711 2215 752 qui

1234 758 1430 794 promovent
1454 753 1600 793 negotia:
1626 753 1747 783 caeteri
1772 753 1959 793 impediunt.
1996 752 2215 786 Considerate

1235 796 1381 836 pondera
1407 796 1595 833 verborum,
1620 797 1738 837 quibus
1763 795 1917 827 Christus
1941 795 2041 827 utitur
2064 796 2106 827 ad
2128 796 2215 828 Mar-

1234 839 1341 875 tham‚
1365 839 1510 878 μεριμνὸς
1533 840 1582 868 καὶ
1606 834 1734 880 ιυρβάζῃ
1756 841 1827 880 περὶ
1850 839 1957 869 πολλά.
2010 838 2055 868 Es
2076 839 2216 870 sollicita

1234 886 1264 911 et
1284 882 1438 912 turbando
1463 882 1610 920 dissipas.

1321 923 1427 955 Maria
1451 922 1503 955 vel
1527 924 1652 953 Miriam
1676 925 1771 955 etiam
1796 925 1913 956 dicitur
1937 925 2064 956 doctrix
2089 924 2215 967 populi.

1236 966 1300 998 Alii
1335 968 1447 998 dicunt
1480 968 1521 998 ab
1556 968 1791 998 amaritudine:
1827 968 1868 998 sit
1902 969 1947 999 ita
1981 978 2085 1003 sane;
2127 968 2216 1009 quia,

1236 1011 1368 1052 quando
1393 1011 1466 1051 quis
1491 1016 1543 1041 est
1566 1009 1674 1041 fidelis
1699 1011 1827 1049 doctor,
1846 1011 1946 1042 habet
1969 1010 2071 1042 multa
2093 1021 2216 1042 amaru.

1235 1054 1374 1094 Semper
1397 1060 1474 1084 sunt
1498 1053 1743 1084 venenatissimi
1768 1054 2007 1095 sycophantae,
2032 1053 2216 1095 sophistae,

1236 1097 1519 1133 obtrectactores,
1555 1102 1587 1125 et
1620 1094 1674 1126 alii
1709 1095 1802 1134 muli,
1840 1103 2090 1138 corrumpentes
2125 1102 2218 1128 recte

1236 1141 1366 1170 tradita.
1421 1138 1527 1169 Etiam
1559 1138 1700 1169 Hebraei
1725 1139 1837 1169 dicunt
1868 1140 1955 1168 More
1979 1141 2168 1177 doctorem,
2197 1149 2219 1171 a

1235 1182 1313 1211 Ιιινα
1338 1182 1462 1213 docuit:
1494 1182 1569 1223 Syri
1594 1192 1653 1221 pro
1679 1180 1844 1212 vocabulo
1871 1182 2051 1220 Dominus,
2081 1188 2218 1214 utuntur

1209 1239 1211 1253 ;
1236 1225 1367 1256 nomine
1398 1225 1502 1259 Mora,
1532 1225 1619 1266 quod
1647 1225 1710 1255 vidi
1734 1226 1765 1255 in
1789 1224 1854 1255 illis
1878 1226 2066 1256 recentibus
2091 1225 2218 1256 vensio-

1236 1270 1332 1300 nibus
1355 1267 1534 1299 Missurum
1558 1276 1591 1298 et
1614 1266 1886 1309 Evangeliorurn.

1324 1328 1429 1360 Maria
1453 1326 1583 1359 excellit
1607 1326 1790 1365 Martham3
1809 1329 1886 1370 quia
1909 1328 2035 1359 assidet
2053 1328 2096 1359 ad
2116 1327 2219 1368 pedes

1238 1372 1378 1409 Christi,
1403 1371 1492 1402 audit
1515 1376 1548 1401 et
1571 1369 1650 1402 facit
1675 1369 1786 1402 officia
1808 1371 1994 1402 vocationis
2017 1371 2108 1402 iuxta
2130 1380 2220 1402 man-

1238 1415 1368 1446 datum:
1404 1414 1496 1443 Hunc
1525 1414 1643 1444 audite.
1694 1413 1761 1445 Sed
1789 1413 1921 1445 Martha
1945 1413 2138 1445 distrahitur
2160 1422 2220 1455 per

1597 1456 1658 1487 Est
1675 1456 1852 1498 Emphasis
1876 1458 1908 1489 in
1930 1457 2043 1489 verbis
2068 1456 2221 1495 Graecss,

1239 1511 1324 1543 quae
1348 1500 1538 1542 significant
1565 1499 1671 1541 ipsam
1703 1500 1896 1532 distractam
1925 1500 2030 1532 fuisse
2052 1500 2085 1531 in
2108 1504 2221 1541 partes

1239 1544 1410 1580 diversas;
1439 1542 1456 1581 ἡ
1476 1539 1602 1584 Μάρθα
1626 1544 1809 1584 περιεσπᾶτο
1831 1546 1903 1585 περὶ
1925 1543 2034 1581 πολλὴν
2058 1542 2219 1574 διακονίαν.

1238 1588 1407 1629 Περισπᾶν,
1428 1592 1480 1617 est
1497 1585 1684 1617 distrahere
1701 1586 1733 1617 in
1752 1586 1862 1618 varias
1875 1592 2005 1628 ρει-τεᾶς
2028 1592 2073 1621 ut,
2087 1586 2220 1627 quando

1240 1629 1357 1672 aliquis
1391 1628 1543 1660 distrahit
1578 1629 1798 1670 cogitationes
1834 1631 1865 1660 in
1906 1630 2039 1661 diversa
2075 1629 2220 1668 negotia.

1240 1672 1430 1713 Xenophon
1453 1673 1556 1713 inquit
1581 1672 1613 1701 in
1637 1671 1778 1716 παιδείᾳξ,
1811 1671 1908 1701 Nemo
1927 1675 2036 1711 potest
2062 1671 2158 1701 multa
2181 1671 2222 1700 si·

1240 1716 1303 1746 mul
1319 1716 1427 1754 facere
1449 1719 1479 1744 et
1502 1715 1608 1744 eadem
1631 1718 1723 1744 vecce.
1770 1714 1822 1746 De
1847 1716 1984 1746 canibus
2009 1714 2145 1752 dicitur,
2176 1712 2222 1743 Es

1240 1759 1312 1789 siml
1335 1758 1420 1788 nicht
1442 1761 1515 1796 ‚qnee
1543 1757 1731 1796 iaytlzunde,
1763 1758 1816 1787 die
1840 1758 1883 1787 da
1910 1757 2097 1796 naclzfolyen
2121 1755 2221 1791 ollem,

1241 1813 1305 1832 was
1327 1802 1417 1830 ilmen
1435 1800 1610 1840 fa'c'rkompt.
1644 1800 1719 1832 Non
1737 1808 1814 1832 sunt
1839 1801 1915 1832 boni
1940 1810 2042 1832 canes
2067 1800 2221 1838 venatici,

1241 1848 1295 1887 qui
1331 1846 1363 1876 in
1393 1845 1568 1875 venatione
1597 1851 1778 1885 sequentes
1807 1843 1929 1881 feram,
1963 1853 2038 1874 mox
2062 1841 2127 1874 alia
2149 1840 2224 1874 fera

1242 1888 1372 1926 oblata,
1413 1886 1601 1929 relinquunt
1637 1897 1727 1925 eam,
1766 1897 1861 1928 quam
1897 1887 2034 1927 primum
2069 1885 2223 1916 insectati

1241 1937 1330 1963 sunt.
1377 1930 1432 1962 Sic
1455 1929 1519 1968 illi,
1543 1930 1597 1971 qui
1621 1928 1724 1961 multa
1752 1935 1873 1971 agunt,
1901 1939 2010 1970 pauca
2034 1928 2223 1969 proficiunt,

1241 1975 1327 2005 sicut
1364 1983 1482 2011 caneS,
1517 1973 1593 2003 dum
1627 1972 1761 2003 student
1795 1973 1940 2014 arripere
1975 1973 2091 2003 ambas
2120 1970 2224 2010 feras,

1241 2018 1393 2048 amittunt
1410 2022 1595 2057 utramque.
1630 2013 1741 2046 Aulici
1758 2013 1861 2046 multa
1878 2015 2047 2056 incipiunt,
2066 2020 2099 2046 et
2115 2024 2224 2056 pauca

1241 2059 1428 2092 absolvunt.

1330 2119 1476 2149 Pluribus
1494 2120 1630 2148 intentus
1652 2119 1750 2146 minor
1774 2122 1819 2148 est
1843 2119 1886 2147 ml
1910 2117 2034 2158 sinyula
2057 2128 2172 2147 sensus.

1683 2178 1778 2209 Item:

1332 2240 1394 2273 Qui
1413 2239 1500 2268 binos
1523 2238 1644 2277 lepores
1666 2249 1727 2267 una
1751 2239 1920 2268 sectabitur
1942 2237 2029 2270 hora.

1333 2283 1401 2312 Uno
1425 2281 1625 2321 quandoque,
1650 2281 1834 2321 quandoque
1857 2280 1975 2311 carebit
1997 2284 2134 2320 utroque-

1330 2340 1472 2374 Carolus
1496 2341 1677 2382 Imperator
1701 2351 1803 2382 prope
1821 2339 2076 2382 Heidelbergam
2099 2345 2170 2370 erat
2191 2340 2224 2370 iu

1244 2386 1438 2423 venatione,
1472 2385 1560 2426 apud
1595 2383 1785 2415 Palatinos:
1809 2384 2044 2425 insequebatur
2072 2392 2223 2414 cervum:

1245 2436 1363 2472 postea
1386 2428 1530 2460 occurrit
1553 2426 1666 2468 lupus:
1691 2437 1764 2458 eum
1787 2438 1861 2458 cum
1883 2427 2021 2464 videret,
2043 2427 2224 2456 insectatur

1246 2471 1362 2504 relicto
1386 2482 1497 2502 cervo.
1533 2470 1600 2501 Sed
1620 2471 1703 2501 inter
1721 2471 1915 2501 sectandum
1936 2470 2023 2500 cadit
2042 2479 2115 2500 cum
2138 2477 2224 2509 equo

1247 2522 1278 2547 et
1299 2514 1423 2557 frangit
1446 2523 1540 2551 cruS,
1563 2514 1647 2544 adeo
1672 2519 1707 2544 ut
1730 2514 1827 2544 etiam
1851 2513 2055 2544 dubitaretur
2083 2511 2123 2542 de
2147 2511 2224 2542 vita.

1247 2558 1375 2590 Vectus
1404 2562 1456 2588 est
1484 2556 1720 2593 Ratisbonam‚
1750 2556 1794 2587 ibi
1823 2555 1949 2597 aliquot
1971 2554 2088 2586 medici
2112 2551 2226 2584 volue-

1247 2608 1342 2638 runt,
1370 2606 1405 2632 ut
1430 2610 1505 2630 crus
1530 2600 1591 2640 ipsi
1615 2600 1880 2640 praecidet-etum
1914 2599 1973 2629 sed
1996 2596 2224 2628 Ferdinandus
