2374 2985
208 183 250 214 43
842 178 952 209 PIllL.
975 176 1080 208 MEL.
1105 175 1292 207 SCRIPTA
1314 172 1577 205 EXEGETICA.
2168 171 2212 202 44

210 277 294 307 sicut
318 275 370 306 hic
394 276 483 305 iubet
507 275 716 304 introducere
740 271 889 309 claudos,
926 279 1059 307 coecos,
1093 269 1185 299 muti·
1209 267 1213 269 “
1235 269 1339 299 tinere
1361 268 1416 298 (Ιίιι
1438 277 1459 298 a
1481 268 1696 298 conmmm'bus
1729 266 1897 296 conviciis:
1929 267 2010 296 ,Nam
2039 274 2212 296 commone-

208 318 269 349 lus.
326 318 414 348 ilaec
444 324 562 358 postca
590 315 842 356 explicabiinus;
878 314 966 354 prius
991 311 1185 342 (irannnati-
1233 313 1337 350 factio
1359 320 1415 340 scu
1437 311 1580 340 redtulit}
1603 313 1635 340 lu
1655 312 1836 339 mwnortmn
1859 308 1931 345 ista,
1951 312 2047 346 yram
2070 312 2125 338 esc.

209 361 292 392 ealia
316 361 475 401 quaedam
499 370 712 400 exponemus.
1322 351 1479 383 Homines
1497 351 1627 382 honesti
1646 350 1851 381 delectantur
1871 351 2019 381 honestis
2038 350 2211 386 conviviis,

297 404 433 433 Veteres
458 409 580 432 tantum
605 400 706 431 semel
730 400 865 431 ederunt
900 399 931 428 in
963 397 1026 432 die,
1060 403 1091 426 et
1116 396 1184 436 qui·
1238 401 1270 426 ut
1294 400 1473 426 renovetur
1506 400 1535 425 et
1562 400 1775 424 conservetur
1809 394 1959 424 amicitia.
2015 392 2113 423 Tales
2137 402 2213 423 con-

209 448 281 477 dem
317 446 511 485 grandiores
548 451 668 475 tantum
700 450 794 480 natu,
829 448 859 472 et
888 440 1116 475 honestiores,
1151 444 1185 468 ut
1236 448 1373 477 egressus
1406 437 1543 468 instituti
1566 442 1641 467 sunt
1675 438 1706 466 in
1742 436 1876 475 nuptiis,
1911 436 1943 466 in
1973 436 2214 467 renuntiatione

209 489 391 528 Principes,
415 496 444 518 et
471 486 522 517 alii
547 486 689 527 pri-narii
713 486 772 515 viri
796 484 1019 515 accubuerunt
1038 490 1183 511 mensae.
1234 480 1408 518 bonorum,
1432 481 1462 510 in
1486 478 1607 510 laetitia
1630 478 1771 518 publica.

208 532 241 563 ld
278 532 485 562 nominarunt
519 530 643 563 δεῖπνον,
673 537 813 559 coenam.
876 525 958 555 Nam
998 524 1087 565 quod
1122 534 1183 554 nos
1321 523 1374 553 Ab
1410 524 1471 554 hoe
1495 532 1597 559 more,
1632 532 1691 552 seu
1715 521 1955 552 consuetudine
1978 520 2143 551 hominum
2167 521 2214 551 in-

208 586 294 605 nnnc
324 583 483 603 xocanins
514 573 694 611 prandium,
728 570 774 600 illi
808 566 1019 608 appellabant
1052 565 1184 606 ἄριστον,
1235 566 1435 596 stituentium
1461 565 1624 601 convivia,
1649 565 1902 595 consue-antium
1924 565 2062 601 amieos,
2086 570 2118 594 et
2137 574 2214 593 con-

207 616 261 648 alii
287 618 474 648 1‘1·11mcalm.11
499 621 680 649 vocarunt3
704 612 789 653 quod
814 611 1032 651 praebebatur
1054 610 1184 639 iuniori·
1235 609 1433 639 venientium
1457 608 1617 638 amicitiae
1641 614 1671 637 et
1698 606 1945 638 benevolentiae
1958 617 2092 643 caussa,
2116 606 2215 636 sumit

208 660 282 696 bus,
317 666 345 688 ct
382 658 558 698 operariis:
601 657 686 686 unde
720 654 872 685 fortassis
907 662 1026 682 nomen
1059 651 1183 682 factum
1235 661 1343 682 sermo
1379 652 1509 682 divinus
1543 649 1753 681 collationem
1795 660 1855 680 seu
1889 648 2090 688 exemplum,
2124 648 2213 689 quod

208 711 274 733 est:
298 701 371 742 quia
394 699 660 730 adolescentibus
680 704 711 727 et
734 696 922 737 defatigatis
945 693 1072 732 labore,
1102 694 1183 735 opti-
1234 692 1392 724 transfert
1421 694 1462 724 ad
1495 704 1547 724 res
1578 691 1778 733 spirituales,
1813 699 1847 722 ut
1882 691 1935 722 hic
1959 692 2075 723 tlicitur
2100 691 2213 721 Pater-

208 756 293 776 11111111
334 744 482 779 xidetnr‚
529 743 557 771 si
599 742 818 781 praebeantur
859 739 907 769 eis
947 736 1111 768 ientacula
1153 743 1184 768 et
1234 735 1374 767 familias
1408 735 1519 767 saceue
1554 736 1757 771 convivium3
1792 741 1824 765 et
1847 734 1965 764 Esaias
1995 735 2140 774 loquitur
2174 734 2215 764 de

208 788 356 828 prandia.
1235 780 1387 810 convivio
1422 778 1524 816 lauto,
1559 778 1668 819 qualia
1703 779 1824 808 fiebant
1857 778 1944 818 apud
1978 784 2109 808 veteres
2138 782 2214 817 post

293 829 390 869 Apud
415 828 598 858 Germanos
622 836 686 855 non
721 830 772 854 est
806 821 921 853 similis
957 822 1183 863 temperantiffi
1236 822 1442 859 vindemiam,
1468 832 1541 851 cum
1566 832 1647 851 ntae
1678 819 1838 852 collectae
1862 827 1987 853 essent,
2017 820 2105 850 sicut
2127 818 2214 859 apud

208 873 283 903 ideo
307 872 337 901 in
364 871 536 911 proverbio
572 868 702 898 dicitur:
742 868 974 897 (im-manorum
997 868 1124 904 letania,
1153 868 1183 895 et
1236 874 1298 895 nos
1321 872 1396 904 post
1426 874 1579 901 inessent,
1615 864 1753 894 invectis
1777 863 1940 904 frugibuS,
1963 862 2112 893 homines
2137 871 2215 891 con-

208 916 360 946 Italorum
395 913 531 949 ‹lez-otia,
567 921 627 941 non
661 919 756 940 mmm
787 909 900 948 fabam
934 911 1037 939 Talem
1070 911 1181 938 onznia.
1236 908 1381 944 vei-‘unt9
1404 907 1634 943 convivantur,
1666 906 1842 943 laetantur,
1865 912 1966 945 agunt
1990 906 2115 946 gratias
2138 903 2213 935 Deo

207 957 394 997 Antiquitas
420 954 473 985 t'uit
501 952 821 993 valdetenipera11S‚
844 951 904 981 sed
927 957 1035 981 tamen
1059 949 1181 981 habue-
1235 961 1295 990 pro
1330 950 1496 990 perceptis
1538 948 1706 990 frugibus3
1751 957 1779 979 et
1822 949 1854 979 in
1889 948 2043 980 Ecclesia
2083 957 2215 987 semper

208 1007 280 1031 runt
316 998 361 1029 illi
396 998 478 1028 alios
512 996 659 1032 fructus,
694 995 813 1035 quibus
847 1003 909 1024 nos
944 1003 1111 1030 caremus3
1151 998 1183 1023 et
1234 993 1367 1024 fuerunt
1390 992 1571 1029 sacrificia,
1605 993 1637 1022 in
1661 993 1778 1033 quibus
1803 990 1944 1022 familiae
1972 1001 2035 1021 una
2059 991 2214 1021 conviva-

208 1044 324 1083 qniims
370 1051 443 1071 eum
488 1039 626 1080 quadam
676 1037 839 1068 suavitate
883 1041 1060 1077 potuerunt
1105 1045 1182 1066 sese
1237 1037 1365 1066 bantur.
1432 1034 1471 1065 Et
1507 1041 1556 1064 cst
1596 1033 1837 1074 pulcherrimus
1871 1034 1952 1065 ritus
1993 1034 2161 1064 institutus
2195 1043 2215 1062 a

208 1086 355 1115 reticere.
1236 1078 1368 1108 Christo
1396 1078 1502 1109 Coena
1526 1079 1662 1109 Domini.
1719 1078 1785 1107 Sed
1818 1076 1871 1108 hie
1905 1076 2050 1117 loquitur
2079 1076 2119 1106 de
2143 1081 2214 1105 toto

294 1125 467 1156 Pulchram
501 1129 608 1154 autem
631 1122 696 1153 hoc
719 1121 790 1159 suit,
819 1121 908 1163 quod
941 1130 1106 1161 nunquam
1136 1118 1183 1150 illi
1235 1120 1415 1150 ministerio
1448 1118 1630 1160 Evangelii.
1686 1119 1776 1151 Dicit
1810 1130 1846 1150 se
1880 1119 1991 1150 facere
2024 1117 2111 1149 velle
2139 1127 2214 1148 coe-

207 1171 407 1201 aveuherunt
442 1177 592 1200 mensae,
626 1166 689 1196 nisi
723 1164 820 1195 factis
853 1164 1116 1204 precationibus3
1150 1163 1182 1193 id
1235 1173 1327 1200 nam,
1373 1162 1406 1192 id
1441 1169 1509 1199 est,
1547 1172 1734 1193 convocare
1774 1161 1895 1193 multos
1933 1163 1976 1193 ad
2021 1161 2215 1193 societatem

207 1212 306 1243 multo
352 1211 455 1251 magis
498 1211 580 1239 inter
622 1207 830 1238 Christianos
871 1207 1071 1237 servandum
1117 1212 1182 1236 est:
1236 1203 1419 1246 Evangelii.

209 1257 282 1296 quia
308 1253 427 1284 l’anins
453 1253 568 1293 inquit:
603 1252 811 1289 Sunlilicalur
845 1252 933 1281 cibus
961 1259 1024 1290 per
1047 1250 1183 1287 rerbum,
1321 1246 1563 1278 Adolescentes
1591 1248 1739 1288 cogitent
1773 1248 1868 1277 etiam
1902 1246 1966 1277 hoe
1984 1246 2148 1287 pertinere
2170 1245 2213 1275 ad

207 1304 238 1329 et
259 1298 484 1339 prunfli'am'nz.
542 1294 709 1325 potuisset.
731 1293 825 1323 Deus
859 1298 1048 1323 sustentare
1082 1292 1182 1322 homi-
1236 1289 1346 1322 officia
1365 1291 1588 1327 humanitatis,
1622 1297 1658 1321 ut
1691 1296 1799 1320 ament
1824 1289 1963 1320 honesta
1987 1289 2151 1324 convivia,
2185 1292 2218 1317 et

207 1352 278 1372 nem
303 1341 372 1369 sine
396 1340 468 1369 cibo
493 1344 523 1368 et
547 1342 637 1377 potu,
661 1342 716 1367 aut
734 1336 878 1366 condere
900 1345 963 1365 nos
986 1341 1020 1365 ut
1043 1335 1183 1365 arbores
1237 1340 1325 1364 recte
1348 1343 1386 1364 se
1410 1334 1440 1363 in
1466 1334 1504 1363 iis
1528 1340 1662 1374 gerant,
1703 1340 1737 1363 ut
1768 1332 1824 1364 ille
1847 1333 1935 1373 apud
1957 1331 2217 1371 Aristophanem

208 1383 259 1414 vel
284 1382 422 1423 plantas.
469 1380 534 1411 Sed
559 1380 683 1411 creavit
707 1388 786 1416 nos,
821 1383 857 1409 ut
889 1383 1025 1408 naturas
1055 1377 1184 1407 ratione
1237 1378 1294 1407 ait:
1330 1378 1460 1407 Faciam
1483 1379 1514 1406 te
1537 1375 1733 1414 συμποτικόν,
1756 1376 1789 1405 id
1812 1381 1874 1413 est,
1907 1376 2063 1406 leonzae’nem
2087 1382 2218 1404 &lavem

207 1427 383 1466 praeditas,
417 1430 449 1454 et
472 1421 539 1454 vult
574 1433 635 1453 nos
670 1422 719 1452 sic
750 1421 840 1452 vesci
870 1421 944 1451 cibo
969 1425 999 1451 et
1022 1425 1114 1460 potu,
1151 1425 1185 1450 ut
1237 1422 1271 1450 m
1303 1421 1462 1450 conviciis.
1519 1418 1601 1449 Sunt
1631 1417 1746 1458 aliqui,
1790 1419 1844 1458 qui
1885 1417 2001 1448 nolunt
2034 1416 2145 1447 venire
2175 1414 2217 1445 ad

209 1469 350 1510 (piotidie
375 1467 487 1497 harum
512 1476 620 1496 rerum
653 1474 717 1496 usu
750 1464 986 1495 admoneamur
1017 1463 1058 1493 de
1080 1462 1184 1503 ipsius
1237 1462 1418 1492 amicorum
1460 1462 1621 1493 convivia,
1663 1462 1758 1491 etiam
1797 1461 1932 1491 invitati.
2000 1458 2100 1489 'iales
2142 1461 2219 1488 sunt

207 1511 392 1552 praesentia
416 1516 444 1540 et
471 1509 625 1539 bonitate..
1238 1504 1393 1535 'simones
1418 1510 1450 1534 et
1469 1503 1699 1542 μισάνθρωποι,
1725 1503 1779 1544 qui
1797 1503 1976 1534 ostendunt
1993 1512 2032 1532 se
2051 1500 2219 1541 digniores

294 1553 485 1583 Athenaeus
528 1550 640 1581 laudat
680 1549 768 1581 hunc
813 1558 936 1580 morem
981 1547 1185 1579 Graecorum
1238 1556 1316 1578 esse
1341 1556 1494 1584 carcere,
1530 1557 1627 1587 quam
1652 1547 1905 1576 conversatione
1936 1547 2107 1576 bonorum.
2153 1540 2220 1572 Alii

209 1598 293 1637 apud
319 1596 509 1632 Homerum,
545 1595 633 1635 quod
663 1601 830 1633 nunquam
863 1592 1013 1622 assident
1038 1600 1184 1627 mensae,
1239 1601 1314 1621 cum
1347 1590 1511 1620 accedunt
1544 1590 1587 1619 ad
1621 1590 1790 1626 convivia,
1831 1599 1897 1618 non
1932 1589 2072 1623 decore,
2112 1594 2220 1625 neque

209 1641 271 1670 nisi
310 1638 466 1668 libatione
508 1643 539 1668 et
573 1634 764 1677 precatione
798 1633 898 1665 sacta.
962 1632 1186 1674 Reprehendit
1238 1633 1389 1664 modeste
1429 1642 1467 1662 se
1501 1637 1640 1673 gerunt,
1686 1632 1886 1672 ingurgitant
1925 1640 2046 1670 magna
2088 1625 2220 1669 poeula,

209 1683 304 1713 etiam
339 1680 421 1711 alios
462 1681 618 1710 immanes
653 1685 685 1709 et
721 1678 900 1714 barbaros,
944 1677 999 1717 qui
1037 1676 1186 1707 assident
1239 1676 1481 1706 rixantur-cunt
1505 1673 1595 1711 aliis,
1624 1674 1801 1704 verberant
1836 1673 2006 1710 convivas,
2039 1671 2221 1712 impingunt

209 1735 342 1756 nnnsac
366 1725 435 1753 sine
458 1723 665 1763 precatione3
694 1726 726 1751 et
751 1721 829 1751 citat
851 1730 986 1751 versum
1009 1719 1186 1749 Simonidis
1240 1718 1422 1749 cantharos
1445 1715 1582 1748 aliorum
1607 1717 1779 1757 capitibus.

210 1768 250 1798 de
274 1767 413 1807 quadam
437 1766 600 1796 immunda
634 1763 788 1801 muliere,
823 1773 909 1804 quae
943 1762 1123 1793 comederit
1146 1761 1186 1791 de
1325 1759 1426 1791 Tales
1470 1758 1755 1800 reprehenduntur
1801 1758 1889 1788 dicto
1931 1757 2087 1793 Pindari,
2132 1754 2221 1796 quod

210 1810 398 1845 sacrificiis,
433 1817 608 1849 antequam
646 1806 736 1838 facta
770 1811 860 1836 esset
894 1803 1041 1836 oblatio:
1087 1803 1187 1834 ἄθυτα
1239 1801 1381 1834 affirmat
1416 1802 1568 1833 convivio
1609 1802 1789 1833 convenire
1822 1811 1882 1831 seu
1916 1808 2101 1840 congruere
2133 1803 2220 1828 tran-

209 1852 273 1893 2sz
292 1856 455 1882 semmam.
500 1849 588 1882 Talis
620 1849 791 1880 barbaries
818 1853 869 1879 est
898 1846 1066 1889 fugienda.
1111 1846 1187 1877 Non
1241 1845 1450 1886 quillitatem:
1485 1849 1645 1886 συμποσίῳ
1670 1848 1776 1885 πρέπει
1799 1843 1918 1882 ἡσυχία.
1967 1842 2146 1872 Conuiuium
2169 1839 2219 1868 ‹Ie-

211 1903 259 1926 est
282 1895 467 1925 irruendum
491 1894 531 1924 ad
555 1903 700 1924 mensam
724 1902 814 1922 more
832 1891 1004 1932 pecudum.
1242 1890 1290 1918 bet
1313 1899 1378 1917 esse
1400 1888 1557 1916 conditum
1580 1891 1683 1916 ηιιιειια
1705 1886 1872 1915 collatione
1895 1886 2058 1918 sermonis,
2093 1887 2123 1912 et
2144 1892 2218 1922 qna-

296 1938 367 1978 Ego
401 1948 466 1967 non
502 1937 614 1967 dubito
643 1946 662 1966 a
692 1934 845 1965 Patribus
880 1938 1050 1973 acceptam
1083 1931 1188 1963 fuisse
1242 1932 1313 1960 [lam
1337 1931 1487 1960 modestia
1510 1941 1623 1959 morum
1647 1940 1685 1958 ae
1705 1933 1853 1967 yestuum.
1898 1928 1974 1958 Non
1999 1927 2121 1957 debent
2145 1934 2222 1956 esse

211 1980 298 2012 illam
334 1980 614 2017 ‹e‹··nsuetudine1n‚
649 1988 747 2019 quam
782 1976 974 2008 observavit
1006 1975 1187 2016 antiquitas
1243 1973 1407 2005 clamores
1429 1979 1462 2004 et
1484 1971 1718 2004 altereationes
1742 1973 1774 2002 in
1799 1971 1975 2007 conviviis,
2010 1968 2120 2010 qualia
2152 1966 2222 1998 sue-

212 2025 298 2064 apud
323 2029 438 2064 gentes
472 2022 699 2059 honestiores,
732 2025 767 2051 ut
795 2020 827 2050 in
858 2018 1017 2050 conviviis
1041 2018 1190 2049 facerent
1242 2023 1318 2049 runt
1351 2016 1592 2048 Centaurorum
1633 2021 1665 2046 et
1702 2014 1916 2055 Lapitharum
1956 2012 2116 2044 convivia.
2173 2008 2223 2040 llli

212 2067 302 2108 prius
322 2066 541 2106 precationem
559 2063 611 2095 vel
628 2063 833 2095 libationem:
856 2061 951 2093 Sicut
970 2061 1066 2092 etiam
1086 2060 1190 2091 nostri
1243 2060 1376 2092 fuerunt
1398 2060 1525 2100 equites
1549 2055 1754 2094 Thessaliae,
1783 2063 1815 2086 et
1838 2054 1970 2087 fuerunt
1993 2057 2076 2086 inter
2099 2064 2137 2084 se
2159 2053 2223 2093 pri-

213 2110 354 2140 maiores
389 2118 453 2138 non
487 2106 640 2138 solt-bant
679 2106 832 2137 assidere
861 2105 904 2136 ad
938 2113 1085 2135 mensam
1119 2103 1190 2134 sine
1243 2114 1331 2134 mum
1353 2102 1447 2139 socii,
1470 2107 1502 2132 et
1526 2101 1667 2142 praedas
1690 2098 1788 2130 simul
1810 2105 1958 2140 egerunt.
1993 2097 2117 2128 Postea
2140 2095 2222 2127 cele-

214 2152 414 2193 precatione.
452 2146 655 2181 'Voluerunt
677 2148 883 2190 significare,
913 2147 1012 2178 vitam
1042 2151 1190 2177 nostram
1245 2148 1360 2178 bratae
1382 2149 1460 2176 sunt
1483 2144 1625 2184 nuptiae,
1649 2143 1681 2173 in
1705 2142 1823 2183 quibus
1848 2140 1926 2172 faeti
1942 2145 2020 2172 sunt
2038 2139 2223 2171 discordes.

217 2206 292 2226 esse
317 2205 336 2224 a
358 2193 443 2231 Deo,
466 2200 498 2224 et
521 2204 575 2223 res
599 2191 686 2230 illas,
716 2192 834 2233 quibus
865 2195 1094 2221 sustentantur
1118 2199 1191 2219 cor·
1245 2188 1361 2220 Conati
1395 2192 1472 2218 sunt
1507 2196 1624 2227 rapere
1658 2185 1833 2226 coniugem
1867 2183 2016 2221 Pirithoi,
2051 2189 2085 2214 et
2117 2181 2223 2223 perdi-

217 2248 312 2278 pora,
345 2246 420 2267 esse
454 2236 540 2266 dona
564 2235 638 2273 Dei,
667 2240 699 2265 et
728 2245 802 2266 cum
835 2232 932 2264 huius
966 2231 1066 2263 laude
1098 2241 1192 2263 usur·
1244 2232 1363 2263 derunt
1384 2240 1422 2261 se
1445 2236 1564 2260 mutuo.

217 2280 355 2321 pandas,
376 2286 409 2310 et
432 2279 556 2320 gratias
579 2279 608 2309 ei
628 2278 779 2319 agendas
802 2286 890 2308 esse.
918 2275 1010 2307 Haec
1029 2275 1194 2316 pertinent
1331 2273 1495 2304 Homerus
1525 2272 1557 2303 in
1587 2270 1742 2312 Odyssea
1770 2269 1926 2300 describit
1948 2267 2005 2300 illa
2034 2267 2224 2304 certamina,

219 2323 261 2353 ad
285 2323 448 2362 pietatem,
473 2327 503 2351 et
526 2331 635 2351 mores
658 2319 864 2351 formandos
1246 2315 1356 2358 qualia
1394 2324 1495 2356 saepe
1533 2314 1682 2345 videmus
1716 2314 1748 2344 in
1783 2313 1966 2349 conviviis,
1999 2321 2067 2342 non
2100 2315 2225 2341 tantum

307 2365 425 2395 Postea
458 2370 527 2394 tota
560 2363 735 2404 antiquitas
779 2362 932 2403 probavit
966 2361 1063 2392 etiam
1106 2359 1196 2391 hunc
1246 2358 1513 2395 adolescentum,
1558 2357 1613 2397 qui
1646 2356 1727 2386 ebrii
1761 2360 1907 2396 pugnant
1945 2353 2130 2390 cantharis‚
2166 2352 2225 2382 sed

220 2417 355 2444 morem,
383 2407 470 2447 quod
493 2416 639 2437 mensam
662 2404 764 2437 voluit
787 2415 863 2436 esse
885 2402 1060 2436 multorum
1082 2400 1196 2439 simul;
1248 2403 1345 2434 etiam
1379 2410 1511 2437 senum,
1551 2400 1605 2440 qui
1648 2399 1689 2429 (le
1723 2398 1865 2439 negotiis
1901 2397 2027 2428 odiosis
2061 2395 2226 2426 interdum

222 2457 364 2490 suntque
387 2449 597 2490 pulcherrimi
619 2448 673 2479 isti
695 2458 831 2480 versus:
1248 2445 1371 2477 tamdiu
1393 2444 1572 2484 disputant,
1594 2443 1701 2472 donec
1724 2439 1954 2472 exulcerentur
1983 2449 2096 2470 eorum
2117 2437 2226 2474 animi,

1248 2494 1282 2519 et
1305 2497 1371 2518 non
1393 2487 1466 2517 sine
1498 2495 1618 2526 magna
1645 2484 1827 2515 acerbitate
1850 2493 1870 2514 a
1892 2493 1931 2514 se
1952 2482 2092 2513 invicem
2121 2481 2226 2512 disee-

1249 2532 1338 2563 dant.
1385 2529 1476 2560 Haec
1497 2538 1565 2559 non
1588 2527 1753 2558 debebant
1775 2525 1855 2557 fieri.

353 2508 398 2538 Οὐ
417 2508 472 2548 χρῆ
492 2512 685 2548 συμποσίοισι
707 2511 809 2548 φίλους
831 2507 1003 2547 ἅπέχεσθαο
1025 2507 1154 2546 ἑταίρους

352 2552 458 2592 ‘'59⁰²'’
481 2551 643 2590 a'm'mqmg
666 2549 717 2589 ἥδε
739 2551 794 2592 λᾰρ
813 2553 873 2581 ἐστι
895 2549 975 2590 ‘P'M'
1336 2572 1399 2608 Qui
1431 2577 1509 2603 sunt
1541 2570 1574 2601 in
1607 2569 1723 2600 eadem
1756 2578 1886 2606 mensa,
1918 2568 2003 2598 inter
2035 2576 2094 2597 eos
2129 2565 2227 2595 debet

224 2620 261 2652 ld
284 2626 351 2652 est:
385 2622 454 2652 Non
486 2623 611 2660 oportet
641 2620 760 2652 amicos
793 2619 840 2650 vel
871 2621 973 2651 socios
1007 2626 1101 2649 caros
1129 2617 1198 2648 abs·
1250 2626 1329 2648 esse
1359 2623 1530 2647 commune
1564 2612 1701 2650 foedas,
1734 2617 1765 2642 et
1797 2611 1929 2642 sincera
1961 2609 2118 2642 amicitia:
2152 2607 2227 2638 ideo
