2343 2970
255 156 320 189 315

314 255 480 295 Licetne
513 256 713 298 Ecclesiae
754 259 904 297 habere
937 257 1174 310 pecuniam?

339 346 398 377 lta.
442 346 584 378 Colitra:

339 390 450 420 Nolstt·
478 392 612 421 salla-ili
642 401 710 421 esse
744 392 783 421 tle
806 392 962 422 crastino.

381 443 543 474 pauperes
553 444 560 463 :

339 476 426 516 Eryo
469 476 611 507 lim-[esta
651 477 693 507 sit
729 478 954 517 paupercula,
999 487 1062 508 non
1103 478 1234 517 collcqat

378 529 545 559 paenulas.

1007 390 1103 423 Item:
1138 391 1238 423 Beate

336 595 480 627 lulianus
503 597 533 627 in
559 597 698 638 quadam
723 596 874 638 Epistola
903 598 1036 628 mandat
1058 596 1230 638 praesecto

250 639 377 670 cuidam
402 640 433 670 in
458 640 566 682 Syria,
591 646 625 671 ut
648 638 777 671 auferat
800 642 972 681 pecuniam
995 642 1037 672 ab
1062 640 1232 677 Ecclesia;

249 683 336 723 quia,
360 683 481 724 inquit,
516 684 577 724 ipsi
611 683 735 714 habent
765 684 796 714 in
827 694 887 715 sua
915 682 1002 726 lege:
1036 683 1231 725 Beacipau-

245 736 356 766 pel·1‘*s,·
388 729 538 764 quoniam
571 729 681 759 taliam
714 732 762 758 est
793 737 927 766 reynum
966 729 1133 760 coelorum.
1188 727 1231 758 Ut

248 769 348 809 igitur
381 768 512 801 illorum
551 770 593 800 sit
627 780 765 811 regnum
795 769 982 809 coelorum,
1022 770 1101 801 dent
1133 771 1230 802 nobis

248 812 344 843 istam
368 813 550 852 pecuniam.
602 813 719 844 Exstat
749 813 814 845 hoc
838 814 871 844 in
894 812 1053 855 Epistolis
1078 813 1230 845 Graecis.

247 854 322 886 Fuit
356 857 569 892 Sarcasmus3
615 856 799 888 Ausercbat
832 855 996 888 Ecclesiis
1032 857 1230 888 donationes

248 896 471 937 Constantini,
495 905 526 930 et
548 898 658 931 adhuc
688 900 844 931 irridebat
867 910 938 931 eos.
984 899 1080 932 Hune
1102 900 1230 931 imitan-

247 946 300 972 tur
333 949 450 973 nostro
485 949 632 983 tempore
666 943 927 985 gubernatores,
968 944 1023 985 qui
1056 942 1230 975 Ecclesiae

247 984 335 1015 bona
355 986 394 1016 ad
427 996 463 1015 se
498 986 650 1024 trahunt,
685 992 716 1017 et
738 986 850 1017 sinunt
874 986 1020 1024 esurire,
1055 997 1096 1018 ac
1131 997 1231 1028 egere

246 1034 416 1068 pastorum
439 1026 592 1060 familias.
638 1029 684 1060 lta
703 1028 829 1061 Decius
851 1029 918 1060 hoc
941 1030 1073 1071 agebat,
1097 1035 1132 1061 ut
1154 1030 1230 1060 sub-

246 1072 364 1101 tractis
388 1073 511 1110 nervis,
535 1083 600 1103 non
621 1078 760 1113 possent
783 1072 827 1104 ali
852 1072 1010 1111 scholae,
1041 1078 1073 1103 et
1090 1073 1230 1104 ministri

246 1124 286 1144 ac
310 1115 563 1155 gubernatores.
610 1114 720 1153 Nulla,
749 1117 960 1157 quantumvis
983 1126 1088 1157 parva
1111 1117 1231 1157 guber-

245 1158 348 1195 natio,
373 1163 483 1198 potest
519 1169 635 1190 carere
660 1160 811 1200 pecuina.
866 1158 969 1190 Multa
997 1159 1231 1199 impediuntur,

246 1202 378 1241 qnando
413 1202 506 1233 deest
539 1203 695 1243 pecunia3
729 1203 802 1233 sine
831 1203 972 1244 pecunia
1004 1201 1085 1233 nihil
1119 1208 1230 1244 potest

245 1250 337 1275 recte
367 1245 449 1286 geri.
506 1244 631 1277 Decius
666 1244 769 1277 voluit
805 1245 1003 1277 subtrahere
1027 1256 1164 1284 nervos,
1194 1251 1230 1277 ut

245 1285 370 1318 faceret
392 1288 580 1319 vastitatem
603 1289 634 1320 iu
658 1288 821 1320 Ecclesia.

331 1330 534 1372 Respondeo
564 1338 673 1363 autem
708 1333 749 1363 ad
783 1338 1033 1374 argumentum:
1069 1331 1229 1364 Concedo

244 1372 430 1405 Ecclesiam
459 1384 536 1406 esse
570 1374 816 1416 pauperculam.
872 1374 924 1407 De
958 1375 1049 1408 iacto
1084 1376 1128 1407 ita
1162 1381 1229 1406 est:

243 1417 395 1449 sednon
427 1418 468 1449 de
501 1418 582 1449 iure.
640 1418 730 1449 Vera
763 1417 917 1450 Ecclesia
950 1417 1144 1460 plerumque
1178 1424 1230 1450 est

244 1470 418 1501 oppressa.
458 1460 583 1493 Contra
605 1471 685 1493 vero
709 1462 831 1493 crescit
854 1460 1021 1503 opulentia
1042 1461 1131 1494 illius
1154 1471 1230 1494 coe-

243 1508 315 1540 tus3
355 1505 410 1546 qui
443 1504 544 1535 habet
577 1503 706 1536 titulum
740 1504 930 1543 Ecclesiae,
966 1511 999 1537 et
1030 1511 1141 1537 tamen
1177 1510 1229 1536 est

243 1553 440 1587 persecutor
463 1558 564 1579 verae
586 1547 773 1586 Ecclesiae,
796 1554 830 1580 ut
852 1549 989 1587 videtis,
1023 1547 1140 1590 quales
1164 1549 1230 1579 sint

244 1600 327 1631 opes
351 1591 603 1632 Episcoporum.
656 1591 724 1623 Sed
746 1603 813 1623 non
842 1598 954 1632 potest
980 1598 1089 1624 tamen
1112 1590 1229 1623 Eccle-

245 1634 296 1664 sia
320 1644 436 1666 carere
455 1636 607 1666 omnibus
631 1635 789 1666 subsidiis
812 1636 854 1666 ad
878 1636 1017 1667 victum:
1049 1636 1126 1677 quia
1148 1635 1229 1667 scri·

244 1683 335 1717 ptum
359 1683 425 1709 est:
449 1680 523 1710 Nun
542 1680 660 1710 morlai
679 1680 857 1710 laudabunt
877 1682 908 1709 ee
930 1680 1073 1710 Domine.

331 1719 466 1752 Debent
509 1722 609 1763 igitur
653 1721 767 1762 colligi
812 1723 844 1753 in
885 1720 1039 1753 Ecclesia
1078 1720 1230 1753 Eleemo-

244 1773 368 1806 synae,
406 1765 435 1803 l,
458 1765 500 1795 ad
535 1763 674 1796 alendos
707 1766 877 1796 ministros
908 1763 1100 1807 Evangelii3
1132 1765 1165 1803 2,
1187 1765 1230 1796 ad

245 1805 389 1839 fovenda
430 1808 559 1844 studia3
603 1807 635 1846 3,
669 1808 712 1839 ad
751 1807 977 1849 opitulandum
1019 1809 1229 1849 pauperibus.

245 1849 427 1891 Propterea
462 1851 583 1882 usitata
614 1850 674 1883 suit
697 1850 821 1883 oblatio
855 1853 887 1882 in
921 1852 1074 1883 coetibus
1109 1852 1229 1889 sacris,

245 1894 343 1924 etiam
368 1895 455 1934 apud
479 1894 636 1927 ludaeos:
666 1901 698 1925 et
723 1900 942 1926 conservatus
968 1901 1018 1926 est
1039 1904 1111 1925 mos
1136 1893 1229 1925 colli-

246 1937 342 1978 gendi
362 1936 619 1977 Eleemosynas.
649 1938 745 1969 etiam
774 1938 805 1969 in
829 1936 990 1969 Ecclesiis
1015 1939 1092 1969 novi
1114 1937 1230 1969 Testa-

245 1981 344 2011 menti
381 1981 455 2011 inde
489 1990 596 2021 usque
629 1982 670 2011 ab
708 1981 890 2022 Apostolis.
948 1981 1026 2012 lnde
1060 1987 1135 2012 sunt
1171 1979 1229 2011 illa

246 2022 426 2054 vocabula:
449 2027 557 2061 Me'ssct,
581 2024 720 2064 collecta,
745 2024 856 2064 ἀγάπη.
897 2024 1105 2056 Vocabulum
1128 2025 1229 2056 Missa

246 2065 412 2108 significat
437 2065 659 2097 collationem.
718 2067 758 2098 Et
792 2066 933 2099 collecta
963 2068 1081 2099 dicitur
1111 2078 1151 2099 ex
1176 2078 1228 2106 eo,

246 2110 333 2150 quod
358 2109 601 2151 colligebantur
618 2109 870 2152 Eleemosynae.
906 2111 962 2141 Sic
986 2110 1101 2150 (ἱγιὶπαι
1119 2111 1227 2141 dictae

246 2151 377 2183 fuerunt
400 2152 655 2194 Eleemosynae,
691 2153 832 2185 collatae
867 2165 908 2185 ex
939 2155 1080 2187 ,caritate
1115 2160 1228 2185 mutua

246 2206 306 2227 seu
330 2195 572 2227 benovolentia.
619 2197 717 2237 Apud
742 2196 874 2228 Petrum
903 2196 1038 2239 legitur:
1074 2197 1124 2228 De
1151 2207 1227 2236 aya·

243 2240 297 2280 pls
320 2243 435 2271 restris
453 2241 695 2271 laetlaabmztma·
718 2241 749 2271 id
773 2247 823 2271 est
848 2241 888 2271 de
912 2240 1145 2282 eleemosynis.

332 2282 400 2313 Leo
437 2282 618 2323 Imperator
653 2284 780 2314 dixerat
814 2294 852 2313 sc
875 2291 1007 2325 optare,
1042 2290 1078 2315 ut
1113 2288 1229 2325 posset

246 2326 393 2357 incidere
417 2327 449 2357 in
473 2325 530 2357 illa
554 2333 721 2367 tempora,
751 2327 781 2356 in
806 2327 925 2367 quibus
957 2327 1121 2368 stipendia
1143 2325 1228 2358 mili-

245 2375 314 2400 tum
339 2370 504 2400 conterret
526 2370 558 2400 in
582 2370 759 2405 doctores3
792 2379 857 2401 mm
875 2380 984 2401 musen
1003 2369 1124 2401 milites
1147 2371 1228 2402 anch

245 2415 331 2448 sein,-
361 2413 420 2443 sed
446 2419 553 2443 tumen
574 2418 605 2444 et
630 2413 726 2443 nobis
751 2412 890 2444 debetur
915 2414 1033 2445 victus.
1080 2413 1125 2444 Es
1147 2422 1229 2444 'were

244 2455 330 2486 ‘m'clzt
351 2460 420 2497 yut,
445 2457 507 2487 ‹las
530 2458 589 2487 ‘wir
612 2466 715 2497 regna
739 2455 849 2487 heum
897 2456 1138 2488 Desereremus
1162 2462 1228 2487 stu-

246 2498 310 2535 dia,
335 2505 365 2529 et
395 2500 625 2531 dimicaremus
654 2500 739 2530 inter
763 2509 841 2537 nos,
866 2500 923 2530 wie
945 2501 992 2531 sie
1015 2500 1100 2531 rhun.
1153 2499 1228 2530 lura

246 2541 422 2582 probibent
457 2541 513 2573 illa
545 2542 684 2574 subduci
730 2543 772 2573 ab
808 2542 1034 2581 haereditate,
1075 2553 1160 2584 quae
1193 2543 1227 2573 in

247 2585 355 2615 studia
380 2584 543 2617 collocata
571 2591 658 2617 sunt.
716 2586 826 2627 Leges
861 2586 1013 2617 ordinant
1045 2587 1142 2617 nobis
1172 2586 1227 2616 sti-

247 2628 365 2668 pendia
394 2634 425 2659 et
453 2629 590 2660 victum:
632 2628 761 2670 Ligynas
794 2632 842 2660 est
875 2629 1050 2669 operarius
1083 2629 1228 2661 mercede

889 159 1000 191 Pfflb.
1024 159 1128 192 MEL.
1152 160 1341 194 SCRIPTA
1363 159 1629 196 EXEGETICA.

1259 258 1264 270 '
1287 266 1357 287 sna.

1250 2225 1257 2636 1

2203 163 2267 197 316

1415 256 1510 287 ltem:
1547 258 1612 295 Qui
1646 257 1850 297 lit-anslellum
1884 259 2088 296 annuntiant,
2123 264 2186 289 etc.
2231 259 2267 290 ln

1288 300 1357 329 iure
1382 299 1466 330 civili
1490 307 1541 330 est
1565 301 1797 331 honestissima
1825 299 1879 331 illa
1904 300 1972 331 lex:
1998 301 2073 332 Non
2101 302 2191 332 debet
2214 303 2267 333 de-

1287 343 1364 373 duci
1385 344 1416 373 1¹72
1439 343 1640 375 haereditate
1662 344 1760 382 illud,
1792 345 1877 384 quod
1906 344 1951 376 ad
1979 346 2089 376 studia
2118 346 2268 376 collatum

1287 390 1350 417 est:
1373 387 1448 428 quia
1473 387 1581 418 studia
1605 387 1753 418 serviunt
1776 386 1930 428 publicae
1955 386 2094 419 utilitati.

1285 552 1491 592 Debuit-ne
1545 552 1786 593 Laurentius
1840 554 1999 594 tradere
2056 554 2267 595 thesauros

1524 629 1724 670 Ecclesiae
1756 630 2027 685 Imperatori?

1371 737 1581 778 Respondeo.
1634 737 1721 770 Non.
1773 737 1907 770 Contra.
1965 739 2081 771 Omnia
2103 743 2176 772 sunt
2208 739 2268 771 Im-

1412 783 1580 821 peratoris
1590 792 1600 811 .-

1370 823 1459 865 Ειῃο
1481 825 1576 855 etiam
1598 824 1650 855 illi
1671 824 1837 856 thesauri:
1877 825 1936 864 Et,
1969 835 2033 866 per
2063 835 2268 868 consequens,

1413 868 1526 899 danda
1544 865 1611 906 fuit
1633 869 1780 908 pecunia.

1368 943 1582 985 Respondeo.
1628 943 1720 976 Deus
1751 946 1860 975 sanxit
1893 945 2136 977 distinctionem
2166 945 2268 977 domi—

1282 988 1422 1026 niorum,
1445 994 1478 1019 et
1501 998 1567 1019 non
1590 986 1661 1018 vult
1685 988 1793 1018 omnia
1818 998 1896 1019 esse
1926 988 2143 1020 dominorum.
2199 987 2268 1020 Sed

1283 1041 1342 1062 cur
1365 1031 1488 1062 dictum
1510 1036 1577 1061 est:
1604 1030 1722 1062 Omnia
1744 1035 1817 1062 sunt
1840 1030 2074 1072 Imperatoris?
2118 1030 2178 1062 llla
2200 1041 2268 1063 vox

1282 1080 1334 1105 est
1357 1079 1430 1105 orta
1453 1074 1495 1105 ab
1519 1072 1750 1105 adulatoribus
1773 1072 1904 1112 aulicis,
1927 1080 1960 1105 et
1982 1075 2025 1105 ad
2049 1073 2142 1106 illam
2164 1084 2267 1106 exeu-

1282 1117 1439 1153 sandam,
1476 1116 1526 1148 sic
1548 1117 1660 1148 dicunt
1684 1115 1932 1148 Iurisconsulti:
1964 1116 2082 1149 Omnia
2109 1121 2183 1149 sunt
2204 1117 2267 1148 Im·

1281 1164 1488 1201 peratorum,
1517 1158 1659 1191 scilicet:
1695 1160 1784 1201 quod
1813 1161 1856 1191 ad
1890 1158 2119 1192 defensionem
2140 1160 2268 1192 attinet.

1281 1202 1400 1235 Melius
1431 1208 1483 1234 est
1506 1203 1630 1234 dicere:
1666 1202 1785 1234 Omnia
1813 1207 1886 1234 sunt
1908 1203 2023 1245 Regis,
2056 1204 2139 1235 sicut
2161 1204 2268 1235 omnia

1281 1251 1354 1278 sunt
1376 1246 1465 1287 leqis.
1522 1245 1592 1278 Lex
1617 1246 1788 1288 distinguit
1811 1247 2049 1288 proprietates,
2084 1252 2117 1278 et
2146 1252 2268 1285 tamen,

1281 1290 1415 1332 quando
1440 1298 1524 1330 opus
1549 1295 1598 1320 est
1623 1287 1834 1328 defensione,
1865 1287 2012 1321 defendit
2037 1290 2157 1328 omnia,
2185 1294 2267 1321 tam-

1282 1344 1381 1375 quam
1406 1333 1549 1373 propria.
1601 1332 1676 1364 Non
1700 1333 1800 1374 igitur
1827 1332 2020 1374 simpliciter
2051 1343 2167 1366 verum
2203 1338 2268 1371 est,

1282 1377 1371 1418 quod
1406 1376 1539 1407 dicitur:
1577 1375 1691 1408 Omnia
1724 1380 1799 1407 sunt
1829 1378 2044 1417 Imperatoris
2075 1386 2131 1407 seu
2161 1377 2267 1415 Reqis.

1281 1419 1463 1461 Imperator
1493 1418 1623 1460 quidem
1659 1420 1846 1450 nominatur
1880 1419 1992 1451 mundi
2026 1419 2197 1450 dominus:
2235 1424 2268 1450 et

1282 1463 1416 1504 quando
1439 1461 1560 1503 aliquis
1583 1463 1677 1493 sedet
1702 1462 1735 1493 in
1757 1462 1994 1499 arundinibus,
2026 1468 2138 1504 potest
2154 1460 2267 1494 facere

1282 1505 1426 1543 fistulas,
1449 1511 1611 1547 quotquot
1634 1505 1721 1544 vult,
1761 1506 1820 1537 sed
1844 1511 1952 1537 tamen
1975 1505 2070 1538 Deus
2095 1503 2165 1537 vult
2187 1515 2268 1538 esse

1283 1549 1539 1580 distinctionem.
1595 1551 1705 1580 Omnia
1723 1552 1799 1580 sunt
1830 1551 1970 1588 Reynm:
2011 1547 2140 1580 scilicet
2173 1553 2267 1580 certo

1282 1592 1421 1630 ordine,
1467 1597 1634 1632 tamquam
1678 1591 1820 1629 iudicis,
1864 1590 1918 1622 vel
1957 1598 2127 1633 tamquam
2168 1590 2266 1633 legis.

1283 1634 1425 1670 Quando
1448 1632 1489 1665 lis
1513 1639 1565 1665 est
1587 1635 1629 1665 de
1643 1644 1692 1672 re,
1715 1640 1793 1666 tunc
1812 1644 1868 1665 res
1891 1640 1944 1666 est
1957 1641 2123 1676 tamquam
2136 1634 2267 1672 iudicis,

1282 1683 1450 1719 tamquam
1463 1676 1560 1719 legis,
1591 1676 1687 1708 Uxor
1709 1683 1766 1709 tua
1778 1687 1844 1708 non
1857 1683 1909 1708 est
1931 1677 2102 1718 principiS,
2126 1676 2187 1708 sed
2209 1675 2268 1708 ille

1282 1721 1380 1753 debet
1402 1721 1487 1752 tueri
1510 1726 1598 1751 tuam
1623 1721 1808 1762 coniugem.
1865 1720 1968 1752 Recte
1995 1719 2074 1751 facit
2096 1721 2266 1762 princeps,

1282 1765 1416 1806 quando
1452 1762 1598 1794 defendit
1631 1764 1870 1805 possessiones
1911 1762 2097 1795 Ecclesiae.
2152 1762 2266 1803 Reges

1282 1809 1403 1839 debent
1437 1816 1515 1838 esse
1545 1805 1740 1838 defensores
1764 1817 1959 1847 corporum,
1994 1813 2027 1837 et
2061 1816 2169 1837 rerum
2202 1805 2267 1838 Ec-

1283 1850 1418 1882 clesiae.

1369 1894 1557 1925 Secundum
1581 1899 1826 1934 argumentumz

1411 1953 1499 1984 Inter
1522 1953 1587 1983 dno
1609 1954 1694 1984 mula
1718 1953 1820 1983 nn‘nus
1843 1956 1890 1982 est
1913 1952 2127 1993 deligendum:

1414 1997 1569 2028 Amt'ttere
1604 1997 1770 2037 pecuniam
1806 1999 1853 2026 est
1876 1996 1977 2026 ηιίηακ
2011 1996 2137 2033 malum,
2171 2004 2266 2036 quam

1456 2040 1604 2070 amittere
1625 2039 1725 2069 vitam
1735 2050 1745 2068 .-

1412 2083 1500 2123 Ειῃο
1539 2082 1739 2112 Laurentius
1773 2082 1881 2113 debuit
1913 2081 2114 2122 Imperatori
2153 2082 2266 2112 cedere

1453 2126 1562 2166 potius
1584 2126 1624 2156 cle
1646 2126 1798 2165 pemcm'a„
1835 2135 1930 2165 quam
1953 2125 2092 2156 irritare
2121 2135 2188 2155 eum
2219 2124 2265 2156 ad

1453 2170 1550 2200 vitam
1571 2166 1793 2207 auferendam.

1390 2238 1531 2275 Quando
1571 2245 1605 2269 tu
1641 2244 1735 2278 potes
1777 2237 1939 2268 redimere
1981 2237 2080 2268 vitam
2123 2235 2265 2277 pecunia

1283 2289 1386 2321 certa,
1411 2292 1476 2313 non
1499 2281 1604 2312 debes
1633 2281 1691 2312 tibi
1714 2281 1775 2321 ipsi
1799 2290 1876 2311 esse
1900 2289 2023 2312 caussa
2053 2279 2184 2310 mortis:
2215 2284 2262 2317 ut,

1282 2327 1311 2358 si
1334 2327 1366 2357 in
1384 2326 1499 2356 itinere
1523 2324 1633 2356 veniat
1656 2325 1697 2355 ad
1723 2330 1755 2355 te
1779 2322 1880 2361 latro,
1911 2329 1944 2354 et
1966 2328 2085 2364 poscat
2114 2322 2177 2353 sibi
2200 2322 2262 2353 abs

1282 2375 1313 2401 te
1338 2369 1422 2400 tradi
1445 2367 1636 2409 pecunian13
1660 2373 1727 2405 aut,
1751 2367 1812 2398 nisi
1836 2367 1867 2397 id
1892 2365 2008 2404 facias,
2039 2366 2180 2396 minetur
2203 2364 2261 2396 tibi

1281 2418 1437 2444 mortem:
1460 2410 1509 2442 Tu
1522 2422 1602 2442 vero
1627 2411 1709 2442 tueri
1734 2416 1767 2441 te
1789 2420 1856 2440 non
1874 2410 1986 2450 possis
2010 2409 2112 2450 (quia,
2136 2409 2164 2438 si
2187 2418 2261 2439 eum

1280 2461 1378 2497 potes
1402 2452 1576 2495 repellere,
1600 2460 1690 2485 recte
1711 2452 1807 2491 tacis,
1831 2453 1859 2483 si
1883 2453 1978 2484 etiam
2002 2452 2160 2492 pecuniae
2184 2457 2260 2482 tuae

1280 2497 1508 2530 defensionem
1544 2498 1732 2537 suscipias:
1776 2496 1836 2527 sed
1872 2505 1960 2537 pono
1997 2504 2128 2533 casum,
2170 2494 2259 2535 quod

1279 2543 1437 2573 resistere
1460 2541 1489 2572 ei
1512 2551 1578 2572 non
1601 2541 1728 2582 possis)
1756 2549 1866 2570 annon
1895 2539 2001 2570 mavis
2030 2538 2138 2579 potius
2162 2546 2259 2578 pecu-

1279 2585 1366 2617 niam
1390 2585 1480 2622 dare,
1504 2595 1602 2625 quam
1626 2582 1730 2615 mori?
1780 2582 1877 2613 ferte
1900 2581 2039 2623 pecunia
2061 2581 2172 2621 potius
2195 2585 2259 2610 tra—

1279 2629 1386 2661 denda
1414 2632 1482 2666 est,
1519 2637 1617 2669 quam
1653 2627 1721 2658 vita
1743 2625 1930 2657 amittenda.
1986 2623 2039 2655 De
2073 2622 2257 2655 latronibus
