2374 2985
231 214 249 244 ⁷
861 214 970 247 Ptin..
991 213 1094 246 MEL.
1118 212 1300 249 SCRtPTA
1323 210 1585 243 EXEGETlCA.
2210 214 2232 245 8

232 307 432 349 Baptismus.
485 308 550 339 Sed
575 307 630 339 illa
652 314 721 340 tota
742 306 855 346 actio,
875 306 954 338 illud
978 307 1203 344 ministerium,
1256 306 1351 338 etiam
1374 306 1406 336 in
1429 307 1526 338 nobis
1550 306 1800 337 consummatio.
1839 305 1880 337 Hi
1897 312 1974 338 sunt
1990 305 2130 339 effectus
2142 307 2229 345 fidet,

234 357 285 381 est
308 350 508 390 Baptismus,
542 350 598 382 Sic
615 352 711 382 etiam
731 352 771 382 de
790 360 892 382 coena
910 350 1052 386 Domini,
1071 349 1201 390 quando
1256 350 1310 390 qui
1334 355 1528 390 sequuntur.

234 391 462 424 circumfertur
495 395 606 434 panis,
640 404 706 425 non
740 400 789 425 est
824 393 1082 424 Sacramentum.
1135 391 1202 422 Sed
1341 391 1435 423 Haec
1463 398 1553 423 recte
1583 398 1660 422 sunt
1689 391 1932 433 distinguenda.
1989 392 2139 424 Dicimus
2168 393 2230 433 pri-

232 436 332 466 redeo
356 436 397 466 ad
421 437 673 477 descriptionem
697 437 848 468 iustitiae.
1255 445 1342 466 mum
1377 436 1418 465 de
1452 435 1646 466 remissione
1680 440 1908 475 peccatorum,
1942 435 1982 466 de
2017 435 2230 476 imputatione

319 477 378 508 llla
406 479 545 516 iustitia,
577 479 617 510 de
640 490 704 521 qua
728 479 781 510 hic
805 479 955 510 Christus
979 476 1203 513 concionatur,
1256 477 1407 509 iustitiae.
1458 478 1552 508 Hanc
1581 478 1760 517 accipimus
1791 477 1854 508 lide
1883 479 1996 519 gratis.
2046 477 2144 509 Nulla
2172 478 2230 509 hu-

234 527 284 556 est
317 522 429 561 agnita
463 522 510 552 ira
544 521 606 552 Dei
640 523 801 553 adversus
836 527 1021 561 peecatum,
1055 519 1203 556 credere,
1255 530 1352 551 mana
1375 530 1494 560 opera,
1519 531 1559 551 nc
1583 527 1773 551 sanctorum
1804 521 1933 561 quidem
1961 528 2038 552 sunt
2061 531 2230 562 compara-

235 564 323 604 quod
347 564 448 594 simus
472 567 595 606 ret-epti
620 573 754 606 propter
781 563 904 595 Filium.
950 562 1031 594 Cum
1056 562 1102 593 ira
1132 572 1202 592 cre·
1257 557 1333 594 bilia
1367 564 1408 593 ad
1443 563 1520 593 iram
1557 562 1628 593 Dei.
1685 562 1767 593 Tota
1797 562 1939 594 humana
1968 565 2108 602 iustitia,
2131 565 2229 595 etiam

234 608 357 642 (tinius,
380 607 554 647 imputatur
577 609 672 638 nobis
697 608 834 644 iustitia9
862 607 892 636 id
919 611 984 641 est,
1015 612 1203 645 reputamur
1256 606 1452 636 Sanctorum
1477 612 1508 636 et
1532 613 1736 643 renatorum,
1765 617 1830 636 non
1860 612 1909 636 est
1938 607 2088 638 meritum
2118 607 2230 637 remis·

232 650 308 681 iusti
332 656 464 688 propter
488 649 601 682 Filium
627 650 697 681 Dei.
749 650 870 686 l'ostea
898 648 1038 689 Spiritus
1066 654 1202 678 sanctus
1255 649 1359 679 sionis
1388 655 1617 689 peccatorum,
1653 655 1682 679 et
1725 650 1809 679 vitae
1833 655 1998 680 aeternae.
2055 650 2121 680 Sed
2145 649 2229 680 haec

236 692 369 723 inchoat
394 693 422 722 in
449 693 544 723 nobis·
563 693 764 730 novitate-m,
793 692 852 722 sed
881 701 965 732 quae
997 701 1202 721 consumma·
1256 692 1374 722 dantur
1396 692 1500 732 gratis
1525 698 1659 732 propter
1682 690 1795 722 Filium
1820 691 1892 722 Dei.
1954 691 1993 722 Et
2019 699 2070 723 est
2099 693 2229 723 manda·

235 736 321 766 bitur
344 736 374 765 in
400 736 652 767 resurrectione.
697 735 848 765 Donatur
871 740 979 764 autem
1003 732 1060 764 illa
1083 734 1202 764 iustitia
1256 741 1322 766 tum
1345 735 1503 766 divinum.
1529 740 1560 765 ut
1586 735 1758 765 credamus
1782 741 1813 765 et
1836 735 2086 776 acquiescamus
2109 735 2141 766 in
2165 745 2229 766 me-

234 788 293 820 per
315 775 546 808 ministerium:
571 779 644 819 quia
665 785 793 819 oportet
811 777 948 817 agnosci
967 775 1053 807 hunc
1072 775 1202 807 Filium:
1256 777 1382 807 diatore
1405 787 1464 817 per
1488 777 1594 808 fidem.
1647 776 1786 812 Quando
1811 788 1870 808 cor
1893 778 2103 818 expavescit,
2131 778 2230 809 debet

236 826 366 861 oportet
389 821 491 851 audiri
516 831 629 852 vocem
654 819 836 860 Evangelii:
860 819 1061 857 Emmyelium
1084 823 1129 848 es!
1153 820 1203 847 mi-
1255 820 1435 850 sustentari
1466 821 1666 861 cogitatione
1696 821 1924 859 promissionis
1949 820 2094 851 divinae:
2124 819 2230 850 Omnis

234 865 389 893 nister-ium
413 864 561 902 Spiritus,
614 863 676 894 Per
703 860 918 903 Evangelium
942 863 1038 893 (latur
1062 861 1203 903 Spiritus
1255 864 1309 902 qul
1332 863 1432 891 credit
1460 864 1491 891 1⁹71
1521 874 1601 897 eum,
1630 863 1752 892 habebit
1780 864 1873 892 vitam
1903 867 2069 894 aeternam.
2116 862 2174 894 His
2197 868 2230 894 et

235 912 378 938 sanctus..
1256 904 1415 936 similibus
1445 906 1728 936 consolationibus
1757 906 1852 937 debet
1881 906 2060 937 sustentari
2092 916 2169 944 cor,
2199 912 2231 937 et

325 950 389 980 lam
414 954 545 989 oportet
575 949 674 979 corda
704 949 787 979 bene
818 958 896 979 esse
927 947 1139 985 confirmata,
1169 953 1202 978 ut
1257 949 1344 979 scire
1367 949 1555 979 mandatum
1583 949 1641 979 Dei
1665 959 1757 986 esse,
1781 955 1816 979 ut
1839 950 2090 989 acquiescamus
2113 949 2144 979 in
2165 958 2230 980 me-

235 992 341 1023 sciant
363 991 448 1021 hanc
471 992 725 1031 propositionem
756 1002 867 1022 veram
895 1001 986 1021 esse:
1017 990 1096 1021 Fide
1118 991 1204 1021 acci·
1257 991 1400 1028 (liatore,
1430 997 1462 1022 et
1491 992 1637 1022 sciamus
1667 1002 1729 1022 nos
1760 992 1865 1022 iustos
1896 991 1957 1022 hac
1987 990 2050 1022 fide
2080 1001 2174 1029 esse,
2197 998 2230 1023 et

233 1035 338 1076 pimus
363 1034 584 1064 remissionem
607 1040 829 1074 peccatorum,
853 1040 988 1074 propter
1007 1032 1120 1063 Filium
1141 1032 1201 1063 Dei
1257 1034 1300 1064 ita
1328 1035 1526 1065 accedamus
1554 1035 1595 1064 ad
1627 1034 1749 1071 Deum,
1780 1042 1809 1064 ct
1842 1035 2045 1065 invocemus.
2095 1033 2142 1064 lta
2166 1033 2231 1064 fido

235 1078 352 1119 gratis,
377 1087 441 1107 non
466 1083 599 1116 propter
622 1082 767 1107 nostram
791 1077 996 1117 dignitatem:
1020 1075 1089 1113 vel,
1115 1076 1202 1116 quod
1257 1084 1445 1116 reputamur
1475 1077 1560 1108 iusti.
1613 1076 1734 1107 Postea
1759 1077 1911 1114 dicimus,
1941 1075 2038 1108 simul
2066 1077 2131 1107 title
2159 1076 2231 1108 fieri

234 1121 317 1151 idem
342 1126 411 1157 cst,
434 1118 511 1147 Sola
529 1119 588 1151 mlv
610 1120 822 1157 insta'slcranmr:
854 1120 883 1149 id
909 1127 977 1157 est,
1006 1119 1070 1149 tide
1094 1118 1203 1159 place-
1256 1120 1499 1150 inchoationem
1528 1120 1682 1150 novitatis
1711 1120 1742 1149 in
1772 1120 1885 1156 nobis,
1915 1130 1998 1160 quae
2022 1126 2162 1151 vocatur
2184 1129 2231 1149 r·-

233 1174 305 1194 mus
329 1162 401 1192 Deo
424 1168 557 1202 propter
582 1160 694 1192 Filium
718 1161 796 1193 Dei:
821 1173 886 1192 non
906 1168 1037 1203 propter
1057 1168 1204 1191 nostram

1255 1163 1433 1201 yerzeralt'o,
1458 1162 1498 1192 de
1521 1172 1583 1203 qua
1609 1161 1762 1193 Christus
1786 1162 1838 1193 hic
1863 1163 1949 1194 dicit.

234 1205 438 1247 dignitatem:
468 1206 557 1235 iuxta
582 1205 718 1242 dietum,
743 1204 906 1243 Iastificuri
924 1223 931 1242 ,=
946 1205 1000 1238 (Ie,
1021 1214 1131 1243 pamm
1154 1203 1203 1232 lm-

233 1249 337 1278 bemus.

321 1292 456 1321 t'ontra:

321 1352 442 1381 Δίκαιον
468 1355 511 1380 ι’δί
542 1348 679 1389 νομιμόνι
712 1350 769 1380 Est
794 1352 931 1384 iustitia,
960 1354 1004 1380 est
1029 1350 1204 1379 obedientia

363 1394 525 1422 secundam
550 1404 649 1422 omnm=
674 1396 815 1422 virentes:

320 1437 394 1465 Sola
414 1436 492 1475 sides
515 1447 573 1465 non
597 1440 641 1465 est
664 1446 768 1466 omnes
790 1437 934 1466 virtutes:

320 1479 424 1518 Eryo,
448 1490 508 1508 non
530 1479 596 1508 sola
616 1479 678 1518 fide
700 1490 800 1508 sumus
822 1481 905 1508 iusti.

1360 1378 1467 1428 Quid
1499 1381 1719 1434 respondes
1751 1381 1803 1420 ad
1835 1387 2138 1435 argumentum:

1386 1471 1522 1500 Aledium
1545 1482 1603 1510 qno
1626 1482 1686 1500 non
1710 1475 1754 1501 est
1778 1473 1923 1501 terminus
1946 1472 1988 1500 ad
2010 1482 2110 1511 quem:

1387 1514 1482 1542 Fides
1506 1518 1551 1543 est
1573 1514 1703 1543 medittm
1726 1525 1803 1554 quo:

321 1538 535 1579 Respondeat
568 1538 676 1569 Maior
703 1545 755 1569 est
781 1549 861 1570 vera
889 1539 930 1569 de
960 1539 1080 1570 iustitia
1109 1538 1205 1582 legis.
1386 1555 1474 1595 Eryo
1493 1557 1572 1595 fides
1594 1567 1654 1586 mm
1677 1561 1722 1587 est
1743 1558 1889 1589 iustitia?

237 1582 391 1623 Sequitur
414 1582 511 1623 igitur
533 1581 726 1613 Conclusio:
756 1581 846 1623 Ergo
876 1592 940 1612 non
965 1581 1039 1612 sola
1064 1582 1129 1613 fide
1152 1593 1206 1613 su-

236 1636 308 1656 mus
339 1625 424 1655 iusti.
475 1624 509 1655 Id
539 1635 650 1655 verum
680 1631 747 1662 est,
778 1624 923 1661 scilicet,
951 1625 1073 1655 iustitia
1095 1623 1205 1666 legali.

236 1667 304 1699 Sed
338 1668 467 1708 quando
502 1668 652 1698 dicimus:
685 1668 746 1705 fide
774 1678 874 1696 sumus
901 1669 992 1702 insti,
1027 1668 1144 1699 dicitur
1166 1669 1206 1698 de

237 1709 302 1741 alia
323 1710 443 1740 iustitia
472 1711 503 1741 in
531 1709 713 1751 Evangelio
742 1710 907 1749 revelata,
935 1721 1000 1752 qua
1028 1711 1133 1752 gratis
1157 1721 1205 1742 re-

236 1759 387 1793 putamur
410 1754 483 1784 iusti
507 1760 640 1794 propter
663 1753 779 1785 Filium
802 1753 876 1784 Dei.

1345 1632 1562 1674 Respomteo:
1582 1633 1738 1665 Concedo
1762 1640 1864 1666 totum
1887 1640 2133 1676 argumentum,
2156 1645 2231 1675 pro-

1259 1676 1329 1716 prie
1352 1675 1528 1717 loquendo.
1574 1677 1639 1708 Sed
1664 1684 1771 1708 tamen
1796 1678 1879 1708 tides
1902 1685 1953 1708 est
1976 1676 2055 1709 illud
2079 1678 2231 1715 medium,

1260 1729 1324 1760 quo
1358 1720 1536 1760 accipimus
1576 1721 1839 1761 imputationem,
1878 1731 1962 1761 quae
1997 1726 2047 1751 est
2079 1720 2231 1752 remissio

1259 1768 1491 1803 peccatorum,
1515 1769 1546 1793 et
1570 1764 1738 1804 imputatio
1768 1763 1926 1794 iustitiae:
1955 1773 2020 1804 quo
2049 1763 2155 1794 medio
2184 1772 2231 1794 ro

1260 1810 1410 1844 putamur
1433 1806 1508 1836 iusti
1530 1813 1665 1846 propter
1686 1806 1802 1836 Filium
1825 1805 1902 1845 Dei,
1931 1807 2088 1837 vestimur
2110 1805 2231 1836 iustitia

1260 1847 1329 1878 Filii
1359 1847 1436 1878 Dei:
1468 1854 1516 1885 et,
1548 1849 1579 1878 in
1608 1859 1752 1885 summa,
1781 1859 1845 1890 qua
1870 1859 1984 1880 sumus
2007 1849 2132 1888 accepti
2156 1858 2230 1889 pro·

1260 1898 1332 1930 pter
1362 1890 1493 1928 Filium,
1524 1897 1554 1922 et
1584 1889 1750 1932 placentius
1779 1898 1913 1922 aeterno
1939 1891 2042 1928 Patri,
2077 1892 2154 1922 tecti
2185 1891 2230 1921 iu-

1259 1933 1348 1964 stitia
1378 1932 1467 1971 filii,
1497 1940 1528 1964 et
1557 1934 1778 1965 intercedente
1805 1940 1838 1964 et
1867 1934 2029 1964 mediante
2052 1932 2134 1964 Filio
2157 1933 2230 1964 Dei.

1260 1975 1318 2006 llla
1342 1976 1508 2017 imputatio
1528 1978 1686 2016 accipitur
1709 1977 1788 2007 fide:
1811 1976 1849 2006 Et
1874 1975 1929 2007 illa
1948 1977 2175 2017 imputatione,
2197 1976 2230 2008 id

332 2016 455 2049 Paulus
495 2017 632 2058 pulchre
672 2018 735 2049 hoc
773 2019 935 2056 ostendit,
975 2030 1046 2050 cum
1087 2020 1207 2061 inquit:
1260 2026 1320 2052 est,
1345 2020 1567 2050 misericordia
1592 2019 1666 2056 Dei,
1691 2020 1877 2060 recipientis
1901 2029 1964 2050 nos
1987 2026 2020 2050 et
2042 2019 2230 2060 imputantis

241 2059 347 2090 Omnes
381 2064 486 2089 curent
517 2061 620 2098 alm-ia
653 2061 724 2092 Dei.
782 2062 857 2092 ideo
886 2062 1099 2093 iustificantur
1128 2065 1207 2099 tide3
1232 2062 1234 2089 Ι
1259 2062 1354 2093 nobis
1378 2063 1531 2094 iustitiam
1555 2063 1688 2099 Christi,
1712 2072 1824 2092 sumus
1848 2062 1932 2093 iusti.
1977 2062 2068 2093 Haec
2090 2072 2155 2093 non
2178 2067 2232 2092 est

240 2104 314 2143 quia
338 2112 402 2133 non
427 2103 584 2134 habemus
608 2105 762 2134 iustitiam
786 2103 882 2145 legis,
903 2115 967 2135 non
986 2104 1206 2137 satisfacimus
1259 2106 1379 2136 iustitia
1402 2104 1537 2146 legaliS‚
1562 2111 1611 2136 est
1635 2105 1777 2146 gratuita
1801 2105 1986 2145 imputatio:
2010 2115 2075 2136 non
2099 2111 2149 2136 est
2173 2103 2231 2136 ali-

240 2145 319 2186 legi:
348 2151 464 2176 natura
491 2153 604 2177 nostra
633 2153 682 2177 est
716 2157 824 2178 mersa
859 2148 889 2178 iu
919 2154 1106 2188 peccantur:
1142 2160 1205 2179 non
1259 2149 1354 2190 quid,
1378 2149 1466 2190 quod
1490 2157 1552 2178 nos
1581 2146 1719 2178 fecimus
1743 2153 1798 2178 aut
1821 2146 2039 2188 implevimus:
2065 2158 2129 2179 non
2153 2152 2230 2178 sunt

239 2194 350 2229 potest
384 2187 577 2219 satisfacere
612 2189 687 2228 legi.
741 2190 913 2224 Quomodo
945 2189 1008 2220 hoc
1037 2190 1207 2233 intelligit?
1258 2198 1392 2222 nostrae
1416 2189 1589 2232 qualitates
1613 2190 1665 2220 vel
1694 2191 1848 2227 virtutes,
1877 2191 1937 2221 sed
1967 2197 2073 2221 tamen
2101 2196 2228 2231 oportet

240 2240 282 2261 an
313 2236 436 2261 tantam
465 2231 506 2261 de
535 2233 679 2263 externis
707 2232 915 2263 actionibus?
960 2233 1049 2269 Non3
1078 2235 1136 2264 sed
1167 2235 1207 2265 de
1259 2234 1322 2264 fide
1351 2234 1550 2275 apprehendi
1586 2234 1845 2272 imputationem:
1881 2234 1957 2274 quia
1989 2239 2120 2274 oportet
2154 2241 2231 2264 esse

240 2279 308 2304 tota
327 2272 412 2314 lege,
433 2279 464 2304 et
488 2274 695 2305 interioribus
719 2285 848 2317 quoque
871 2275 1065 2306 actionibus.
1100 2277 1206 2308 Ilomo
1258 2276 1392 2318 aliquid,
1415 2287 1479 2319 quo
1504 2275 1538 2306 fit
1560 2275 1749 2317 applicatio:
1773 2282 1805 2306 et
1828 2277 1960 2317 quando
1978 2276 2041 2307 fide
2065 2281 2230 2307 sustenta-

240 2315 271 2346 in
296 2326 331 2345 se
356 2326 419 2346 non
445 2323 495 2345 cst
520 2316 612 2355 talis,
640 2316 769 2358 qualem
802 2319 956 2349 describit
986 2317 1053 2349 lexz
1084 2320 1208 2358 Dit'iqes
1259 2330 1332 2350 mus
1363 2330 1442 2357 nos,
1475 2317 1572 2349 simul
1600 2320 1696 2350 datur
1729 2319 1872 2359 Spiritus
1905 2325 2058 2356 sanctuS,
2091 2319 2146 2360 qui
2180 2324 2231 2349 est

241 2358 401 2388 Dominum
436 2359 533 2388 Deum
567 2363 662 2393 ilium,
697 2371 737 2390 ελ·
771 2364 836 2390 loto
865 2361 975 2394 corde,
1011 2368 1071 2392 etc.
1117 2362 1208 2397 ltem,
1230 2336 1234 2396 1
1260 2360 1396 2400 efficax,
1427 2369 1459 2392 et
1488 2360 1620 2392 inclinat
1648 2362 1750 2392 corda
1779 2362 1819 2392 ad
1849 2362 2106 2399 invocationem,
2133 2367 2166 2392 et
2188 2361 2230 2391 ad

241 2400 313 2431 Non
342 2404 551 2440 ‹roucupisccm
603 2402 692 2433 Talis
722 2414 786 2434 non
811 2410 878 2440 est,
907 2404 982 2444 quia
1006 2410 1056 2434 est
1081 2415 1208 2436 mersus
1231 2401 1234 2444 ξ
1260 2405 1491 2436 obedientiam:
1515 2405 1697 2436 exsuscitat
1720 2404 1833 2440 tidem,
1861 2411 1894 2435 et
1915 2405 2065 2436 accendit
2091 2414 2165 2441 cor,
2195 2410 2229 2434 ut

240 2444 272 2473 in
301 2450 486 2484 peccatum;
514 2451 563 2474 est
593 2456 668 2476 reus
699 2447 766 2477 irae
795 2445 876 2483 Dei,
906 2448 990 2476 sicut
1015 2446 1133 2478 Paulus
1165 2449 1208 2478 di·
1231 2445 1234 2478 Ι
1261 2447 1477 2488 amplectatur
1500 2446 1623 2478 firtnius
1644 2447 1778 2478 verbum
1804 2446 1884 2484 Dei,
1915 2454 1946 2478 et
1970 2453 2005 2478 ut
2028 2449 2176 2484 invocet,
2199 2453 2231 2477 et

241 2486 298 2516 cit:
322 2485 405 2515 Reus
426 2491 470 2516 est
493 2491 576 2517 totus
596 2488 734 2518 mtmdus.
768 2487 852 2520 Tota
871 2496 985 2520 natura
1007 2496 1056 2519 est
1080 2492 1209 2530 captixa
1261 2497 1295 2522 ut
1319 2492 1529 2522 subiiciamus
1558 2501 1618 2520 nos
1648 2490 1738 2527 Deo,
1769 2496 1801 2520 et
1829 2497 1862 2520 ut
1886 2490 2068 2521 habeamus
2091 2490 2154 2521 iam
2173 2489 2230 2520 bo·

241 2527 323 2570 legi;
347 2530 404 2558 sed
430 2529 529 2560 Filius
553 2530 615 2561 Dei
640 2529 758 2562 liberat
783 2542 843 2562 nos
866 2533 906 2562 ab
931 2530 984 2562 illa
1008 2533 1207 2573 captivitate,
1261 2545 1337 2565 num
1360 2534 1582 2574 propositum,
1607 2539 1638 2564 ct
1661 2532 1842 2564 habeamus
1866 2533 1956 2564 initia
1980 2533 2143 2563 virtutum.

242 2576 275 2602 et
307 2578 442 2612 propter
463 2576 548 2604 'eum
585 2574 778 2614 recipimur,
818 2575 977 2606 donamur
1016 2576 1209 2607 remissione
1348 2577 1439 2608 llaec
1462 2576 1592 2607 novitas
1616 2574 1771 2616 paulatim
1794 2576 1890 2606 dehet
1914 2586 2077 2613 crescere,
2100 2581 2130 2605 et
2154 2575 2231 2604 sub·

241 2621 451 2655 peccatorum
471 2615 522 2648 vel
540 2615 825 2649 reconciliatione:
848 2617 939 2656 Item,
957 2617 1079 2660 Spiritu
1092 2625 1209 2650 sancto
1261 2619 1335 2651 inde
1365 2620 1396 2651 in
1425 2625 1495 2650 tota
1525 2619 1599 2650 vita.
1651 2618 1724 2650 Non
1755 2619 1863 2649 subito
1887 2618 1923 2650 fit
1945 2617 2019 2650 talis
2043 2617 2229 2649 conversio.

242 2655 417 2689 inchoante
441 2658 471 2688 in
494 2659 589 2690 nobis
612 2669 730 2690 novam
750 2660 978 2692 obedientiam.
1012 2660 1136 2692 Postea
1156 2660 1209 2692 fiet
1231 2658 1235 2688 1
1260 2662 1335 2694 Non
1358 2662 1467 2693 subito
1491 2667 1560 2692 tota
1582 2660 1747 2699 hauritur,
1771 2661 1834 2691 imo
1853 2671 1956 2703 parva
1979 2667 2055 2692 sunt.
2074 2660 2174 2698 initia,
2198 2659 2230 2690 in

313 1926 445 1976 Quare
478 1928 591 1967 nobis
624 1935 685 1968 est
715 1943 814 1982 opus
847 1929 920 1968 hae
954 1929 1126 1969 iustitia?
