2343 2970
183 175 241 205 771
828 175 938 207 l'lllL.
962 174 1065 206 MEL.
1089 173 1186 205 scut

180 270 266 300 nium
291 269 373 300 eius.
420 269 491 300 Vos
515 270 613 300 etiam
637 269 667 300 in
699 270 860 300 conviviis
891 269 1018 299 debetis
1043 268 1159 299 obser·
1184 277 1188 290 ’-

180 323 259 344 vare
282 312 343 343 has
364 322 417 342 res
437 311 539 343 leves.

268 355 387 386 Posset
422 354 540 395 aliquis
575 355 701 385 dicere:
738 354 808 384 Hae
843 360 918 385 sunt
953 364 1006 385 res
1038 353 1160 385 nullius

178 399 291 439 pretii:
328 397 544 439 Evang‹=liuni
580 397 726 438 loquitur
759 397 800 427 de
835 398 934 428 rebus
970 397 1159 428 maioribus.

180 442 304 473 Verum
329 449 391 477 est,
415 441 474 471 sed
500 441 623 470 maiora
649 441 720 470 sine
743 441 816 470 istis
838 441 951 481 parvis
976 450 1042 470 non
1067 439 1161 470 intel-

180 484 293 526 ligitis,
329 485 389 514 nisi
425 485 457 514 in
493 484 543 513 liis
579 483 716 514 ludicris
748 493 809 513 vos
840 481 1089 513 assuefeceritis
1120 483 1189 513 ad}

179 528 475 558 mansuetudinem.
522 526 614 556 Bene
643 527 726 562 scio,
761 527 848 566 quod
875 525 964 556 efferi
989 533 1020 555 et
1045 525 1163 567 Cyclo·
1188 519 1191 565 ἶ

180 572 244 612 1ιίιί
269 571 417 600 homines
443 568 583 599 clamant
611 576 728 599 contra
753 580 815 606 me,
835 570 921 610 quod
940 568 1041 599 multa
1056 569 1162 599 dicam
1189 581 1191 590 ·

1184 295 1188 346 ,Ι

1185 347 1188 368 t

1185 375 1188 406 Ι

1186 414 1188 460 ἔ

181 615 222 645 de
246 612 434 654 disciplina:
471 613 576 642 dieam
606 622 703 645 sane,
735 613 843 642 donec
868 612 961 642 Deus
992 610 1082 642 volet
1113 621 1164 642 me
1190 616 1192 634 ’-

182 658 305 693 vivere,
341 662 440 697 atque
475 656 597 686 utinam
633 654 724 685 multi
757 653 809 685 :ilii
834 665 965 696 quoque
991 655 1032 685 de
1056 665 1094 685 ea
1120 655 1164 684 di-

182 707 306 731 cerem.

270 742 365 773 vitus
389 741 647 782 Noribergensis
672 751 772 782 saepe
796 742 872 771 mihi
905 741 1051 781 scripsit,
1076 740 1164 781 quod

181 784 418 827 suggillaretur
443 795 501 825 pro
528 785 690 815 concione
714 785 755 815 ab
777 784 961 820 (lsiandro,
994 782 1165 814 consuluit

180 839 244 865 me,
279 829 356 869 quid
380 829 517 869 ageret?
563 827 633 868 Eg«,
666 826 842 868 aliquoties
878 829 1067 858 obtestatus
1092 837 1164 857 sum

180 882 240 912 per
262 871 383 908 Deum,
407 877 441 902 ut
466 877 602 907 taceret,
626 876 657 901 et
682 880 719 901 se
742 871 786 901 ita
810 877 953 911 gereret,
979 871 1074 911 quasi
1099 879 1164 900 non

180 915 316 946 audiret.
364 913 503 954 Scripsit
535 923 573 944 se
604 913 680 944 mihi
713 915 1030 955 obtemperaturum,
1054 923 1165 954 quam-

181 959 231 990 vis
251 956 350 989 valde
381 957 440 987 sibi
468 955 643 987 molestum
675 962 783 992 essen
814 962 846 986 et
877 957 922 986 ita
952 955 1075 987 factum
1101 962 1165 992 est,

180 1007 214 1033 ut
237 1001 308 1032 sere
332 999 410 1031 nulli
436 1000 653 1037 resciverint,
683 1000 744 1030 nisi
774 1001 871 1040 pauci
897 999 996 1037 docti,
1021 1009 1098 1029 esse
1122 999 1164 1028 si-

182 1043 334 1074 multates
366 1045 449 1074 inter
479 1043 678 1073 Osiandrum
705 1050 734 1073 et
762 1043 883 1073 Virum.
932 1042 977 1071 lta
1003 1043 1165 1072 retinebat

180 1088 212 1118 in
244 1086 397 1117 Ecclesia
426 1084 712 1126 tranquillitatem,
748 1092 779 1116 et
803 1096 896 1116 suam
920 1086 1164 1116 auctoritatem:

181 1131 255 1172 quia
292 1128 433 1171 populus
468 1128 558 1159 illum
584 1128 798 1171 intelligebat.
837 1129 1038 1159 ()siandium
1063 1128 1166 1157 kunde

182 1173 341 1202 niemands
360 1172 527 1210 rei-slehen,
550 1179 686 1213 propter
705 1170 1034 1213 grandiloquentiam.
1079 1172 1166 1202 Non-

183 1218 258 1248 dum
283 1222 359 1247 sunt
383 1222 524 1257 quatuor
546 1221 602 1246 aut
620 1216 763 1257 quinque
777 1225 920 1253 menses,
939 1215 1072 1255 quando
1085 1215 1165 1246 scri-

182 1261 232 1301 psi
264 1262 360 1290 etiam
396 1259 435 1290 ad
472 1260 761 1296 concionatorem,
806 1269 901 1299 quem
937 1257 1056 1289 solitus
1092 1268 1165 1289 sum

183 1313 283 1344 saepe
311 1301 479 1333 consolari
504 1308 641 1342 propter
664 1302 812 1332 eamdem
838 1311 1012 1337 caussam3
1033 1308 1165 1332 etcom-

183 1346 364 1382 monefeci,
394 1351 429 1376 ut
452 1355 490 1376 se
514 1346 715 1382 contineret,
750 1355 814 1375 nec
838 1345 1003 1375 vindictae
1027 1345 1166 1386 cupidus

184 1395 284 1420 esset.
327 1388 523 1429 Respondit,
558 1398 595 1418 se
624 1388 698 1419 mihi
730 1398 853 1419 morem
883 1393 1071 1429 gesturum,
1106 1387 1167 1418 etsi

185 1430 408 1463 difficillimum
429 1433 492 1463 sibi
515 1437 621 1463 esset:
648 1438 680 1462 et
700 1432 808 1462 addid}
835 1441 956 1462 versus
976 1441 1014 1461 ex
1029 1431 1167 1462 Ovidioz

315 1492 406 1522 Dura
435 1502 530 1521 vocas
553 1495 728 1531 praecepta
758 1491 832 1521 licet
863 1501 946 1521 mea:
982 1491 1063 1520 ‹lm-a
1088 1492 1167 1529 fate-

411 1545 477 1564 mur

360 1577 449 1613 Esse,
472 1577 528 1607 sed
551 1581 583 1607 ut
608 1577 721 1613 valeas,
745 1577 839 1607 multa
859 1577 993 1615 ferenda
1018 1579 1112 1607 scias.

273 1646 371 1676 Beati
401 1648 542 1677 sitientes
571 1651 600 1676 el
624 1648 793 1676 esurientes
823 1647 999 1685 iustitiam]
1046 1645 1089 1676 Ut
1114 1657 1168 1686 po-

187 1689 283 1730 pulus
308 1689 510 1721 Israeliticus
530 1700 713 1731 oppressus
738 1691 770 1720 in
795 1689 963 1731 Aegypto,
984 1687 1036 1719 vel
1060 1689 1167 1731 Baby-

187 1733 263 1764 lone
287 1734 354 1764 sitit
374 1740 405 1764 et
430 1734 533 1765 esurit
557 1734 723 1771 iustitiam,
748 1733 780 1764 id
805 1739 868 1770 est,
904 1733 992 1773 cupit
1015 1742 1093 1763 esse
1112 1733 1167 1763 bo-

187 1787 262 1808 num
287 1783 408 1807 statum
432 1778 573 1818 imperii,
603 1783 637 1808 ut
667 1787 754 1807 nunc
783 1774 873 1807 multi
904 1775 982 1806 boni
1012 1781 1088 1806 sunt
1113 1785 1168 1817 op-

187 1821 295 1861 pressi
320 1830 384 1851 non
417 1826 542 1851 tantum
565 1830 583 1850 a
608 1819 769 1861 Papisfis,
801 1819 861 1850 sed
894 1819 990 1849 etiam
1021 1829 1039 1849 a
1064 1819 1168 1860 Syco-

187 1862 336 1902 phantis:
371 1862 418 1894 illi
453 1864 550 1894 etiam
574 1861 717 1894 clamant
743 1863 888 1894 assiduis
915 1862 1104 1903 gemitibus,
1134 1867 1168 1893 ut

188 1905 282 1937 Deus
296 1905 412 1937 liberet
429 1913 461 1937 et
473 1907 625 1937 restituat
638 1905 844 1942 Ecclesiam3
864 1906 949 1937 sicut
962 1903 1169 1946 lerosolymi-

189 1950 254 1980 tani
279 1948 485 1986 clamabant,
508 1956 542 1980 ut
566 1949 682 1980 iterum
708 1950 938 1980 restitueretur
962 1947 1114 1978 Ecclesia
1139 1953 1169 1978 et

191 1991 317 2030 Politia,
352 2003 414 2023 nec
448 1994 539 2023 iieret
577 1993 750 2023 barbaries
780 1991 931 2022 Ethnica.
978 1990 1169 2025 ffiarientes,

189 2036 220 2066 id
246 2041 307 2071 est,
333 2036 500 2066 Patientes
529 2037 649 2066 iniusta
683 2036 831 2076 imperia,
866 2041 899 2066 et
932 2034 1082 2066 videntes
1106 2040 1170 2065 sta-

190 2077 259 2109 bilit
283 2079 400 2119 impios
426 2078 547 2115 cultus,
570 2089 645 2109 cum
668 2089 735 2109 non
758 2085 901 2119 possunt
926 2077 1108 2119 corrigere,
1127 2078 1170 2108 ad

189 2120 297 2153 Deum
322 2121 466 2153 clamant
489 2122 634 2152 assidue.

498 2223 597 2253 Beati
619 2224 859 2263 misericordes-,1

224 2306 345 2346 Estne
378 2306 491 2345 Deus
528 2304 750 2344 misericors
784 2319 877 2358 erga
900 2303 1133 2344 Dkzbolos?

436 2381 485 2405 an
518 2379 615 2404 vero
649 2371 710 2404 est
741 2364 936 2406 erudelis?

280 2458 365 2494 Non,
390 2457 450 2488 sed
474 2464 525 2488 est
548 2457 666 2488 iustus.

265 2555 385 2595 Estne
419 2555 529 2594 Deus
562 2555 688 2594 iustus
721 2553 760 2593 in
792 2567 921 2607 poena
955 2550 1103 2597 Adae?

282 2637 353 2676 Est,
378 2639 437 2668 sed
462 2645 511 2668 est
536 2638 631 2668 etiam
656 2637 857 2668 misericors.

1191 173 1277 205 PTA
1300 173 1563 205 EXEGE'HCA.
2130 173 2196 204 :72

1253 272 1387 320 Quare
1422 278 1483 310 est
1516 270 1579 310 hic
1611 270 1844 321 misericors,
1878 278 1920 310 et
1951 285 2032 310 non
2065 285 2163 324 erga

1591 330 1813 372 Diabolos22

1301 421 1386 458 Quia
1410 423 1638 453 misericordia
1673 429 1725 453 cst
1759 423 1876 461 virtus,
1910 434 1975 464 qua
2010 433 2193 463 monemur,

1216 476 1282 496 non
1306 466 1404 496 modo
1430 473 1463 496 ut
1489 465 1604 496 dolore
1630 463 1813 496 afficiamur
1837 467 1868 496 in
1893 465 2079 498 calamitate
2103 468 2194 499 inno-

1217 516 1359 546 centum,
1383 509 1441 539 sed
1468 509 1562 538 etiam
1589 514 1621 538 nt
1646 507 1806 539 leniamus
1831 509 1935 540 iustas
1959 520 2085 550 poenas
2099 511 2197 541 mise—

1218 562 1327 582 rorum
1352 550 1512 591 probabili
1538 553 1674 582 ratione.
1720 551 1789 582 Nos
1813 563 1831 582 a
1852 553 2040 593 posteriori,
2076 554 2107 583 id
2131 559 2194 592 est,

1190 602 1191 610 ¹
1218 601 1290 635 post
1317 594 1468 625 effectum
1494 595 1676 625 iudicamus
1701 594 1876 626 discrimen
1901 606 1977 626 esse
2009 597 2091 627 inter
2119 608 2196 638 pec-

1190 649 1192 683 Ι
1219 644 1328 668 catum
1352 636 1498 674 Diaboli,
1529 645 1556 668 et
1584 638 1743 668 hominis:
1778 639 1853 679 quia
1889 639 1992 678 magis
2017 638 2109 670 Deus
2133 640 2197 670 ira·

1190 702 1193 716 3
1218 681 1321 711 scitur
1346 679 1488 711 Diaholo
1514 681 1699 720 decipienti.
1729 680 1921 722 Exemplum
1947 681 2043 712 liuius
2061 682 2197 713 membri

1191 724 1193 745 ἲ
1219 724 1275 754 sit:
1295 722 1521 754 Abcdmelech
1547 725 1720 754 miseretur
1743 723 1940 755 calamitatis
1966 726 2128 763 ieremiae,
2142 726 2198 767 qui

1191 781 1192 785 ¹
1219 772 1268 797 est
1293 767 1465 804 innocens,
1490 767 1588 807 igitur
1612 768 1755 808 praemia
1777 777 1893 808 postea
1906 767 2022 798 habet:
2046 775 2198 800 servatur

1219 810 1249 840 in
1275 810 1403 840 excidio
1418 808 1596 840 let-usalem
1619 809 1745 846 aDe03
1769 811 1844 851 quia
1860 810 1916 841 suit
1941 811 2142 850 misericors,
2166 817 2199 843 et

1220 854 1388 883 beneficus
1412 863 1492 893 erga
1522 852 1702 886 ieremiaim
1739 859 1767 882 et
1802 854 1872 883 eins
1910 854 2006 884 vitam
2042 852 2199 893 defendit,

1219 896 1350 936 quando
1375 896 1539 936 principes
1565 906 1637 926 euni
1662 895 1837 926 voluerunt
1870 896 2067 927 interficere.
2114 897 2200 928 Sunt

1219 939 1303 969 duae
1337 939 1465 969 vicinae
1479 939 1628 969 virtutes.
1659 938 1878 970 Mansuetudo
1904 945 1934 969 et
1957 940 2198 971 misericordia:

1218 982 1277 1012 sed
1303 981 1454 1012 differunt
1491 988 1608 1012 tamen.
1655 981 1738 1012 Nam
1764 983 1990 1013 misericordia
2014 989 2063 1013 est
2089 983 2119 1013 in
2146 984 2201 1014 be-

1219 1025 1432 1060 nelacien‹lo;
1474 1024 1693 1055 mansuetudo
1736 1025 1767 1054 in
1809 1026 1994 1065 parcendo,
2036 1036 2101 1056 non
2144 1036 2200 1057 no-

1220 1068 1337 1098 cendo-
2191 1081 2195 1083 “

1305 1110 1402 1140 Beati
1425 1110 1537 1138 mundo
1561 1111 1678 1149 corda]
1737 1110 1810 1140 Non
1846 1110 1977 1141 dublum
2012 1117 2061 1141 est
2092 1109 2200 1142 Deum

1219 1164 1340 1185 ornare
1366 1154 1548 1184 castitatem
1573 1154 1762 1195 ingentibus
1787 1154 1952 1194 praemiis,
1989 1159 2021 1184 et
2050 1153 2200 1195 plurimis

1191 1207 1193 1222 ὲ
1220 1198 1333 1235 (lonis,
1369 1202 1403 1228 ut
1426 1198 1456 1227 in
1483 1196 1618 1238 loseph3
1654 1198 1684 1228 in
1716 1196 1882 1234 Ethnicis,
1907 1195 2199 1238 Bellerophontes,

1221 1239 1354 1278 Peleus,
1378 1246 1454 1271 sunt
1483 1239 1632 1280 exempla
1665 1239 1782 1270 similia
1809 1238 1950 1280 losephi.
1996 1239 2116 1271 Peleus
2141 1251 2200 1272 no-

1220 1282 1275 1314 luit
1297 1282 1422 1314 violare
1448 1282 1590 1313 alienum
1615 1283 1760 1314 thorum:
1786 1293 1888 1323 quare
1912 1282 2036 1323 perfide
2059 1293 2198 1315 accusa·

1220 1332 1273 1357 tus
1297 1337 1316 1357 a
1341 1325 1495 1363 muliere,
1524 1327 1673 1357 obiectas
1698 1332 1747 1357 est
1773 1325 1948 1356 Centauris
1984 1332 2013 1356 et
2036 1325 2198 1367 Lapithis,

1220 1376 1253 1400 ut
1279 1380 1352 1401 eum
1378 1368 1442 1400 illis
1465 1370 1640 1400 dimicaret.
1689 1369 1735 1400 lbi
1765 1367 1810 1399 illi
1838 1369 1991 1400 divinitus
2016 1379 2200 1400 concessus

1221 1418 1272 1443 est
1295 1411 1438 1453 gladius,
1463 1423 1528 1453 quo
1553 1423 1588 1442 se
1613 1410 1769 1449 defendit,
1791 1418 1821 1442 et
1846 1412 1951 1442 victor
1974 1412 2089 1442 evasit.
2125 1411 2199 1442 Bel·

1221 1454 1381 1496 lerophon
1406 1454 1555 1485 sintiliter
1574 1460 1752 1486 accusatus
1777 1460 1840 1490 est,
1863 1454 1950 1494 quod
1971 1454 2121 1494 petiisset
2144 1464 2200 1486 no-

1221 1509 1340 1529 vercae
1378 1499 1599 1535 concubitum,
1634 1498 1708 1528 ideo
1743 1498 1877 1528 mittitur
1912 1497 1942 1527 in
1966 1496 2094 1535 Asiam,
2128 1503 2202 1528 uta

1221 1540 1395 1572 Chimaera
1425 1539 1617 1576 dilanietur-3
1653 1541 1712 1571 sed
1747 1540 1902 1571 divinitus
1937 1540 2055 1580 accipit
2080 1550 2202 1581 equum

1221 1584 1399 1626 Pegasum,
1423 1589 1454 1614 et
1478 1585 1521 1614 ita
1545 1584 1646 1614 vincit
1669 1583 1887 1614 Chimaeram.

1307 1634 1405 1664 Beati
1424 1636 1574 1674 parisii-L]
1621 1634 1665 1665 Ut
1691 1633 1845 1665 lonathas
1866 1640 1916 1664 est
1940 1633 2132 1674 pacificator
2154 1633 2202 1664 in-

1221 1687 1270 1709 ter
1294 1685 1419 1719 patrem
1446 1689 1477 1709 et
1501 1678 1677 1715 Davidem,
1713 1677 1950 1709 Constantinus
1975 1683 2027 1707 est
2051 1676 2201 1717 pacifica-

1222 1729 1273 1753 tor
1298 1721 1487 1757 Ecclesiam
1512 1722 1586 1762 quia
1612 1719 1738 1762 colligit
1762 1720 1931 1762 Synodum
1955 1719 2146 1757 Nicaenum,
2169 1725 2202 1750 et

1223 1771 1378 1806 qiiantum
1405 1765 1480 1795 ‘ooni
1505 1770 1631 1805 potest,
1667 1763 1756 1795 facit.
1803 1763 2010 1794 Theodosius
2044 1762 2104 1794 tuit
2133 1760 2202 1793 seli-

1223 1810 1291 1839 cior
1316 1807 1508 1849 pacificator
1533 1805 1719 1838 Ecclesiae.
1764 1806 1856 1838 Bene
1885 1818 1957 1837 eum
1981 1810 2203 1837 exercuerunt

1223 1852 1452 1883 contentiones
1485 1851 1726 1892 Episcoporum
1751 1856 1781 1881 et
1813 1849 1984 1881 haereses:
2020 1850 2063 1880 ita
2094 1855 2202 1879 tamen

1223 1893 1323 1932 leniit,
1349 1900 1381 1925 ut
1407 1895 1493 1924 dicat
1518 1894 1558 1924 de
1583 1904 1622 1924 eo
1648 1893 1861 1924 Ambrosius:
1894 1891 2130 1928 Dileoeiviru111,
2148 1891 2202 1930 qui

1223 1948 1289 1967 vum
1313 1948 1447 1976 cot-pure
1481 1936 1666 1970 solwrdnr,
1691 1938 1790 1975 mallis
1817 1936 1856 1964 de
1879 1934 2024 1964 Ecclesia
2047 1933 2202 1964 sollicitus

1223 1985 1300 2015 erat,
1325 1991 1413 2019 quum
1438 1980 1476 2008 de
1501 1981 1562 2008 vita
1583 1981 1726 2018 propria.

1309 2032 1539 2062 Nazianzenus
1575 2030 1760 2071 Episcopus
1795 2036 1864 2060 erat
1900 2025 2203 2068 Constantinopoli,

1224 2082 1256 2107 et
1279 2075 1367 2106 flexit
1393 2074 1555 2115 quendam
1576 2074 1724 2103 Stoicum
1749 2071 1977 2112 professione,
2009 2071 2060 2101 eui
2083 2080 2203 2101 nomen

1224 2127 1295 2150 erat
1320 2118 1486 2152 Maximus,
1510 2118 1550 2146 ad
1575 2115 1877 2152 Christianismum,
1913 2121 1944 2145 et
1972 2114 2084 2145 tribuit
2106 2114 2135 2144 ei
2157 2111 2203 2144 lo-

1226 2172 1299 2193 cum
1322 2162 1407 2192 inter
1435 2161 1590 2191 doctores
1615 2158 1804 2194 Ec‹=lesiae;
1833 2159 1903 2199 qui,
1939 2168 2011 2188 cum
2042 2157 2206 2187 crevisset

1226 2206 1296 2236 eius
1310 2204 1488 2235 auctoritas
1502 2204 1585 2233 inter
1595 2201 1816 2238 Christianos,
1830 2197 2203 2242 proficisciturJAlexan-

1226 2249 1342 2284 driatn,
1366 2253 1398 2277 et.
1421 2252 1557 2277 accusat
1580 2245 1844 2284 Nazianzenum‚
1874 2250 1904 2274 et
1934 2244 2011 2284 petit
2042 2252 2080 2273 se
2113 2242 2145 2272 in
2168 2241 2203 2272 il-

1225 2290 1288 2322 lius
1317 2289 1426 2321 locum
1455 2289 1559 2320 creari
1583 2287 1801 2328 Episcopumg
1830 2287 1918 2328 quod
1947 2291 1979 2317 et
2008 2285 2203 2326 impetravit.

1199 2333 1354 2368 iDeinde
1389 2333 1474 2363 redit
1509 2329 1833 2370 Constantinopolin,
1867 2336 1897 2361 et
1931 2328 2037 2361 adfert
2069 2329 2204 2359 decreta

1199 2372 1202 2426 f
1228 2376 1462 2408 Alexandrina.
1514 2374 1558 2405 lbi
1589 2372 1682 2404 lectis
1713 2373 1817 2404 literis
1846 2373 2094 2409 Nazianzenus,
2125 2371 2205 2401 dixit

1200 2431 1201 2467 t
1227 2420 1417 2450 Theodosio
1442 2426 1471 2448 et
1497 2418 1702 2458 principibus
1727 2415 1816 2447 aliis:
1840 2416 1876 2445 St
1898 2418 1968 2454 quis
1991 2417 2052 2448 est,
2082 2415 2136 2454 qni
2164 2413 2205 2442 (Ie

1200 2469 1201 2492 t
1227 2464 1373 2492 doc-Iriua
1398 2461 1473 2501 quid
1497 2465 1637 2497 act-usuc,
1663 2459 1873 2498 respomlebo;
1903 2459 1958 2487 sed
1981 2459 2009 2487 si
2027 2458 2206 2495 ιιοιιαῃίἰιιν

1228 2506 1267 2535 (Ic
1289 2505 1452 2538 ‹Ios-trina,
1481 2504 1537 2533 sed
1564 2504 1603 2532 {le
1635 2503 1701 2531 alsa
1730 2514 1774 2540 re,
1799 2502 1914 2531 cellum.
1962 2501 2072 2532 Cessit
2095 2501 2204 2540 itaque

1201 2549 1469 2588 tNazianzenus,
1500 2553 1532 2577 et
1565 2546 1776 2577 Theodosius
1807 2544 1985 2576 Maximum
2019 2542 2205 2578 substituit3

1201 2596 1204 2618 t
1228 2592 1288 2623 sed
1311 2590 1410 2632 paulo
1434 2597 1510 2630 post
1523 2588 1876 2630 proptertyrannidem
1890 2588 2055 2628 deponere
2068 2591 2204 2616 coactus

1229 2641 1295 2666 est:
1330 2642 1363 2665 ut
1386 2641 1462 2665 sunt
1487 2633 1683 2674 hypocritae
1714 2638 1745 2662 et
1775 2630 1985 2662 simulatores
2014 2626 2203 2660 humilitatis
