2343 2970
180 159 243 191 703

179 256 268 286 nicht
283 256 419 294 opsern:
447 253 510 283 iste
537 258 693 283 externus
745 256 835 282 estus
864 259 930 280 non
954 256 1005 281 est
1029 248 1157 285 cultus3

179 299 259 329 aber
281 298 341 328 ctas
374 297 451 327 sind
477 297 530 327 die
562 297 664 326 holzen
687 300 812 325 cutus:
847 292 912 323 Cor
934 296 1105 324 contritum
1127 296 1161 323 et

178 343 397 373 lzmnilt'tatmn.
454 338 553 375 Item,
590 340 659 369 Non
692 340 847 377 praecept
880 337 967 366 vobis
1000 336 1040 366 de
1073 336 1158 366 laoto-

178 385 308 422 cansn's,
336 384 396 414 secl
417 383 487 412 dimi
507 382 592 412 nobas*
614 381 723 411 audile
745 389 804 413 me,
832 379 864 409 id
889 385 950 416 est,
979 378 1102 408 credite
1124 384 1158 408 et

179 428 403 466 obtemperate
423 423 510 454 milii.
562 421 709 453 Postulat
735 421 824 453 illum
855 421 994 458 cultum,
1029 421 1083 462 qui
1107 425 1158 451 est

202 470 333 510 roprius
357 465 548 504 Ecclesiae,
585 465 738 503 credere,
774 465 863 506 quod
894 470 1027 505 propter
1057 462 1157 494 filium

196 513 242 543 )ei
266 511 466 547 exaudimur,
492 509 680 549 recipimur,
703 509 863 539 iuvamur.

266 555 326 585 liic
349 554 446 594 igitur
484 562 630 583 summus
667 552 776 582 cultus
809 550 1017 581 inchoandus
1051 548 1157 580 estin

179 598 242 629 hac
267 598 349 628 vita:
379 598 446 627 Das
469 605 558 627 mzws
575 592 691 636 semi-⁸
721 593 788 626 Sed
817 593 906 624 initia
935 594 968 623 in
997 592 1060 623 hac
1090 591 1158 622 vita

179 648 255 672 sunt
279 640 414 681 exigua:
448 639 543 669 etiam
578 638 633 669 ubi
665 647 785 678 magna
813 642 907 674 sunt,
941 642 1049 666 tamen
1081 640 1159 665 sunt

179 685 298 726 exigua
320 691 400 723 prae
431 680 488 712 illa
516 680 608 718 luce,
643 690 729 721 quae
765 689 842 710 esse
877 679 1028 709 debebat.
1086 676 1158 707 Nos

179 725 300 768 singuli
315 724 727 766 expet-imut-infirmitatem
737 722 824 754 fidei.
856 721 995 752 Etiamsi
1010 720 1159 752 homines

178 770 285 801 secuti
298 770 330 800 in
351 769 452 799 rebus
465 767 621 798 secundis
635 777 698 797 non
714 766 874 807 cogitant,
889 771 999 796 tamen
1012 765 1043 795 in
1057 765 1159 794 rebus

178 812 329 844 adversis
359 810 544 852 experimur
573 810 780 851 potissimum
810 815 958 839 nostram
988 807 1160 839 dubitatio-

178 867 264 887 nem.
311 855 377 885 lste
399 854 511 895 regius
535 853 629 884 affert
653 851 795 893 aliquam
818 849 994 882 scintillam
1018 850 1106 887 fidei,
1129 850 1161 880 in

177 909 243 941 qua
274 905 323 929 est
360 907 475 938 parum
510 896 612 929 lucis.
649 901 679 926 et
710 893 862 932 multum,
895 900 928 925 ut
963 895 1008 924 ita
1043 893 1162 930 dicam,

178 943 325 978 nubium,
349 939 403 971 vel
426 938 589 981 caliginis.
634 938 758 969 Tamen
788 938 820 968 in
850 948 890 968 eo
914 947 979 969 vox
1003 935 1075 967 Filii
1098 936 1162 967 Dei

180 992 231 1016 est
255 982 386 1021 efficax,
411 990 441 1014 et
466 983 589 1024 Spiritu
617 987 734 1012 saneto
764 980 977 1012 confirmatur
1008 986 1040 1011 et
1063 978 1163 1010 alitur

180 1028 275 1065 fides,
300 1033 334 1058 ut
359 1024 482 1058 Paulus
507 1026 600 1056 dicit:
626 1024 769 1065 Spiritus
787 1026 961 1062 opitulatur
985 1025 1167 1062 infirmitati

180 1076 321 1103 nostrae.

270 1114 359 1144 Haec
384 1113 568 1143 eommunis
593 1111 745 1142 doctrina
769 1110 913 1140 tenenda
933 1115 992 1140 est.
1030 1109 1066 1139 ln
1090 1118 1165 1138 san-

183 1158 245 1188 ctis
269 1161 401 1197 oportet
423 1165 500 1186 esse
523 1155 612 1185 initia
635 1163 734 1185 verae
757 1152 851 1190 fidei,
884 1152 989 1190 lucis,
1021 1152 1166 1182 sanctifi—

183 1201 334 1231 cationiS.
369 1198 409 1229 Et
429 1209 542 1229 verum
567 1203 636 1228 est:
660 1197 693 1227 ln
718 1195 850 1227 homine
874 1197 1023 1227 habitare
1042 1193 1167 1228 Deunu

183 1244 332 1274 sednon
368 1241 509 1272 ostendit
544 1251 582 1271 se
616 1241 660 1271 ita
695 1241 724 1270 in
759 1239 907 1277 homine,
941 1245 976 1270 ut
1011 1237 1091 1269 nihil
1125 1239 1168 1268 sit

184 1287 251 1317 vitii
284 1292 313 1316 et
339 1284 489 1326 caliginis
515 1284 546 1314 in
576 1283 721 1314 homine:
757 1288 865 1313 manet
900 1282 997 1313 valde
1031 1280 1166 1312 multum

184 1328 394 1366 infirmitatis,
418 1327 582 1369 caliginis
617 1336 777 1362 errorum,
812 1332 844 1355 et
867 1326 1028 1362 vitiorum,
1057 1331 1091 1355 ut
1115 1334 1167 1354 ex—

184 1374 338 1414 perimur.
379 1371 440 1401 Hic
463 1371 562 1411 igitur
586 1370 728 1400 tenenda
753 1374 803 1398 est
826 1368 959 1410 regula:
982 1367 1056 1399 Non
1080 1370 1169 1398 iusti-

181 1416 331 1455 ficabitur
354 1418 387 1446 e'n
416 1418 586 1454 conspectu
613 1417 667 1444 tuo
689 1416 792 1443 onmis
821 1416 946 1449 viren⁸;
969 1417 1012 1448 et,
1037 1416 1072 1441 ut
1094 1410 1168 1441 red-
1191 1433 1195 1435 .

184 1459 263 1489 didit
285 1456 461 1499 Stigelius:

314 1545 395 1575 Ante
417 1547 487 1574 tuos
509 1545 616 1574 oculos
638 1544 684 1573 nil
708 1544 772 1572 uisi
793 1543 886 1580 culpa
908 1550 1035 1571 sumus:

187 1629 327 1667 seilicet,
351 1629 440 1670 quod
464 1629 505 1659 ad
525 1634 673 1658 nostram
698 1627 887 1668 dig-nitatem
908 1624 961 1657 vel
981 1624 1172 1666 qualitatem

186 1674 314 1704 attinet.
369 1672 466 1702 item:
506 1671 576 1702 Tibi
607 1675 731 1702 tantum
763 1679 835 1701 sum
866 1674 1037 1708 peccator,
1071 1672 1107 1698 ut·
1138 1672 1172 1698 tu

188 1718 379 1755 iustificeris.
424 1714 552 1745 Interea
575 1721 683 1744 tamen
708 1718 838 1754 oportet
861 1722 912 1743 me
936 1712 1035 1742 etiam
1058 1717 1173 1741 tenere

187 1760 274 1790 hanc
317 1757 606 1793 consolatio11en13
651 1765 846 1797 quamquam
894 1765 965 1786 sum
1005 1754 1173 1795 indignus,

188 1812 384 1844 quamquam
415 1801 522 1831 sentio
551 1809 656 1831 meam
680 1798 953 1836 imbecillitatem,
984 1803 1094 1828 tamen
1117 1797 1172 1827 de-

188 1847 250 1876 beo
285 1852 432 1875 statuere
467 1842 582 1873 Filium
616 1843 679 1873 Dei
713 1851 790 1873 esse
825 1842 1076 1882 deprecatorem
1109 1830 1201 1881 proi

188 1899 252 1926 me,
275 1893 306 1919 et
330 1897 401 1918 mea
425 1893 564 1927 peccata
587 1895 646 1927 per
669 1895 742 1916 eum
766 1885 845 1926 tegi,
873 1886 980 1925 ipsum
1003 1893 1080 1914 esse
1102 1893 1172 1914 um·
1196 1879 1202 1937 ,Β

189 1929 458 1962 braculuminter
470 1928 589 1967 Deum,
612 1935 645 1959 et
668 1929 751 1959 inter
774 1938 837 1959 me.
871 1927 989 1958 Debeo
1012 1932 1171 1963 statuere,

188 1984 367 2015 personam
391 1972 466 2004 Deo
502 1971 646 2013 placere,
680 1971 807 2002 etiamsi
841 1977 962 2002 natura
996 1968 1106 2001 adhuc
1128 1969 1172 1999 sit

188 2017 366 2049 immunda.
410 2017 474 2047 Ista
498 2026 550 2045 est
573 2016 745 2046 verissima
769 2014 904 2044 veritas.

276 2058 397 2090 Deleta
420 2063 452 2089 et
475 2059 621 2089 extincta
633 2057 698 2089 hac
717 2055 958 2094 consolatione,
981 2056 1058 2097 quid
1082 2064 1172 2086 esse-

190 2102 285 2134 mus?
330 2102 482 2133 Psalmus
507 2101 650 2131 discerte
673 2101 764 2132 dicit2
789 2102 854 2131 Pro
875 2101 935 2131 hoc
952 2099 1061 2131 orabit
1078 2100 1123 2129 ad
1143 2103 1173 2129 te

190 2146 295 2178 omnis
316 2150 456 2183 sauctus,
480 2148 514 2175 in
536 2149 679 2184 tempore
701 2148 888 2184 opportuno.
941 2142 976 2172 ln
999 2141 1064 2173 hac
1094 2142 1173 2182 peti-

190 2191 279 2221 tione
307 2195 339 2219 et
357 2187 457 2225 ,fateri
492 2193 524 2218 te
561 2192 692 2227 oportet
720 2193 775 2218 tua
807 2191 958 2227 peccata,
994 2190 1027 2215 et
1059 2191 1173 2226 petere

190 2239 288 2273 atque
322 2231 474 2271 accipere
508 2230 757 2267 remissionem,
792 2230 882 2260 iuxta
916 2228 1002 2259 hanc
1035 2228 1174 2269 promis-

192 2276 337 2306 sionem:
360 2276 465 2313 Beati,
484 2283 619 2313 quorum
642 2277 741 2305 tectae
759 2276 834 2303 sunt
855 2275 1045 2311 imquitates.
1091 2270 1173 2302 Dis-5

191 2322 235 2350 is!
246 2316 318 2357 sein
337 2319 480 2358 yemoltlt
501 2317 534 2346 in
558 2313 708 2356 exemplo
732 2315 827 2345 istius
845 2315 936 2355 regii.
972 2313 1031 2345 Ille
1053 2312 1173 2354 placet,

191 2371 387 2403 quamquam
412 2359 539 2391 habens
563 2358 723 2389 infirmam
748 2358 862 2388 fidem:
886 2364 937 2388 est
960 2358 1059 2399 igitur
1083 2358 1174 2388 testi·

192 2404 348 2441 monium,
378 2403 466 2445 quod
496 2401 579 2433 fides
614 2401 710 2432 etiam
746 2400 873 2430 infirma
902 2399 1043 2440 placeat.
1100 2399 1174 2430 Vos

192 2447 360 2488 adiungite
385 2445 449 2477 alia
472 2445 672 2476 testimonia:
708 2442 770 2481 Ut,
810 2444 914 2475 Credo
937 2445 1083 2480 Homine,
1116 2443 1178 2474 sed

192 2499 284 2530 opem
303 2492 360 2530 fer
388 2489 595 2521 imbecills‘tati
626 2497 722 2519 meae.
778 2485 873 2517 Item:
909 2488 980 2517 Non
1011 2489 1177 2526 extinyuet

193 2535 292 2565 linum
311 2531 494 2571 fumiyans,
524 2541 626 2571 neque
655 2530 840 2570 confr-inyet
865 2530 1058 2560 arundinem
1080 2538 1175 2569 quas-

194 2580 318 2607 satam.-
339 2576 372 2606 id
396 2582 455 2614 est,
479 2575 618 2606 infirmis
640 2571 712 2604 vult
733 2572 869 2610 mederi,
900 2577 931 2602 et
955 2581 1051 2612 opem
1075 2571 1175 2602 ferre.

825 157 937 188 prm„
961 155 1062 188 MEL.
1087 153 1275 187 SCRIPTA
1296 151 1560 184 EXEGE'HCA.

2125 151 2190 184 ⁷04

1210 246 1338 278 minus?
1388 248 1427 278 In
1461 249 1579 286 spiritu
1609 247 1745 278 contr-im
1779 251 1812 278 et
1842 251 1997 278 tremente
2025 256 2191 278 sermones

1211 299 1308 321 meos.
1344 289 1438 320 Deus
1461 290 1575 329 recipit
1599 288 1759 327 infirmos,
1782 289 1921 327 dociles,
1946 299 2011 320 non
2036 290 2090 331 qui
2114 294 2191 320 sunt

1211 333 1400 373 pertinaces
1423 338 1455 363 et
1478 332 1613 369 rabiosi,
1637 339 1670 363 et
1693 339 1854 363 tumentes
1872 333 2090 374 persuasione
2109 341 2191 364 suae

1210 376 1405 417 sapientiae,
1425 382 1456 405 et
1480 375 1633 406 iustitiae.

1298 418 1388 449 Haec
1412 418 1499 449 dicta
1522 418 1781 454 meminerimus3
1817 418 1892 459 quia
1927 427 2042 448 onmes
2077 427 2192 449 sumus

1211 459 1304 492 tales.
1352 461 1550 492 Accedimus
1574 470 1648 491 cum
1671 471 1791 502 magna
1813 460 1999 492 infirmitate
2022 461 2063 492 ad
2077 460 2192 492 Filium

1211 504 1289 535 Dei:
1314 505 1374 534 sed
1399 511 1507 534 tamen
1531 510 1644 545 petere
1667 504 1839 540 debemus,
1863 514 1924 535 nos
1948 504 2072 542 doceri,
2096 504 2192 546 erigi,

1210 547 1352 588 protegi,
1386 547 1479 584 item,
1515 547 1707 578 conservari
1730 548 1825 578 istam
1850 545 2035 578 Ecclesiam
2055 553 2193 588 propter

1212 591 1317 631 ipsius
1352 588 1500 631 gloriam.
1556 590 1727 621 Addamus
1762 596 1871 621 autem
1906 590 1992 621 hanc
2021 600 2138 621 vocem
2160 590 2192 621 in

1213 633 1299 664 omni
1323 633 1548 664 invocatione:
1579 634 1682 665 Credo
1706 634 1858 670 Domine,
1890 634 1950 664 sed
1971 637 2005 664 tu
2027 643 2118 673 opem
2136 635 2195 673 fer

1213 677 1430 707 incredulitati
1447 686 1545 707 meae.
1591 675 1686 706 ltem:
1714 677 1758 707 Tu
1780 677 1900 707 dedisti
1916 676 2006 713 velle,
2035 677 2078 707 da
2096 678 2195 707 etiam

1208 720 1376 759 perficere.
1434 718 1505 750 Hac
1538 719 1696 759 petitione
1732 719 1908 750 excitanda
1943 724 1994 749 est
2027 717 2195 750 flammula

1212 771 1273 792 seu
1295 760 1477 793 scintillula
1500 761 1585 792 fidei.
1620 761 1717 796 Quod
1743 772 1816 793 cum
1838 759 1989 799 facimus,
2012 762 2195 793 sentiemus

1213 810 1245 835 et
1267 814 1342 842 neS‚
1366 806 1455 845 quod
1477 805 1663 846 augebitur,
1687 804 1864 843 fovebitur,
1887 810 1919 836 et
1942 804 2194 836 confirmabitur

1212 847 1379 879 divinitus.

1300 890 1394 921 Hanc
1413 890 1597 921 doctrinam
1625 900 1838 922 exerceamus
1870 890 2071 931 cogitatione
2098 889 2196 922 huius

1213 931 1366 975 exempli,
1390 934 1421 964 in
1445 944 1512 975 quo
1536 934 1646 975 regius
1671 935 1745 971 iste,
1768 939 1945 975 postquam
1970 934 2075 965 cernit
2098 943 2194 964 even-

1214 982 1286 1015 ωε,
1323 977 1412 1018 quod
1437 975 1605 1008 convaluit
1640 975 1838 1007 adolescens
1868 974 1996 1017 prolata
2027 986 2110 1008 voce
2128 975 2198 1007 Do-

1214 1021 1291 1050 mini
1311 1042 1320 1057 ,
1377 1018 1480 1050 multo
1527 1020 1633 1061 magis
1679 1019 1904 1050 confirmatur.
1978 1019 2033 1050 Sic
2086 1018 2197 1050 David

1217 1062 1306 1093 l’sal.
1335 1062 1389 1092 34.
1424 1063 1556 1093 deducit
1589 1072 1651 1094 nos
1692 1063 1734 1093 ad
1768 1072 1863 1092 suum
1898 1061 2100 1102 exemplum:
2134 1064 2200 1093 Iste

1213 1115 1342 1147 pauper
1365 1108 1520 1145 clamavit,
1555 1110 1586 1137 ec
1607 1108 1762 1137 Dominus
1791 1107 1958 1136 eaeaudicz'c
1983 1114 2065 1136 eum.
2122 1106 2199 1136 Con-

1213 1153 1303 1190 flm'te
1324 1150 1369 1179 ad
1389 1158 1470 1188 eum,
1502 1154 1534 1180 et
1554 1152 1713 1187 invocate;
1743 1152 1871 1187 yut-tate
1904 1153 1936 1179 ec
1962 1149 2072 1187 videte,
2105 1157 2200 1188 quam

1217 1196 1326 1224 suares
1347 1195 1391 1222 stt
1416 1193 1579 1231 Dominus,
1603 1192 1697 1233 quasi
1722 1192 1822 1222 dicat:
1847 1201 1908 1222 vos
1932 1191 1993 1231 ipsi
2023 1191 2120 1221 etiam
2143 1200 2197 1222 ex·

1218 1235 1387 1276 periemini
1407 1245 1447 1265 ex
1464 1242 1596 1273 eventu,
1621 1245 1686 1266 non
1711 1244 1787 1265 esse
1805 1234 2046 1265 invocationem
2065 1234 2199 1265 irritam.

1219 1278 1311 1309 Haec
1333 1278 1376 1308 ad
1399 1288 1462 1308 nos
1487 1279 1582 1309 etiam
1608 1277 1824 1319 applicemus.
1859 1279 1949 1309 Det-zu
1968 1277 2084 1316 yelzort
2104 1276 2200 1314 fides,

1219 1331 1310 1362 spes,
1338 1321 1510 1361 patieutia3
1545 1322 1621 1362 quia
1650 1331 1716 1351 non
1743 1320 1852 1351 statim
1877 1321 2027 1361 sequitur
2061 1325 2201 1350 eventus

1220 1366 1251 1396 in
1272 1363 1504 1404 corporalibus
1529 1365 1629 1395 rebus
1653 1362 1741 1400 talis,
1765 1362 1895 1404 qualern
1919 1361 2082 1394 volumus.
2119 1362 2200 1400 Imo,

1222 1409 1391 1440 Nescimus
1418 1416 1534 1446 saepe,
1568 1408 1645 1446 quid
1671 1411 1835 1446 petamus,
1871 1406 1948 1437 dicit
1982 1404 2114 1436 Paulus.
2162 1404 2204 1435 Et

1224 1456 1354 1491 oportet
1378 1448 1560 1480 Ecclesiam
1584 1449 1680 1480 simul
1705 1449 1886 1480 subiectam
1918 1457 1995 1479 esse
2031 1449 2136 1486 cruci,
2171 1453 2204 1478 et

1223 1499 1332 1524 tamen
1362 1494 1487 1523 interea
1517 1491 1708 1523 mirabiliter
1738 1497 1901 1522 servatur.
1959 1491 2035 1521 ltleo
2065 1497 2203 1522 eventus

1223 1543 1300 1566 sunt
1324 1535 1492 1566 mirabiles
1516 1542 1648 1575 praeter
1671 1535 1856 1575 opinionem
1882 1540 2043 1571 nostram,
2073 1540 2103 1563 et
2127 1539 2205 1564 sunt

1224 1586 1334 1609 tamen
1368 1579 1506 1608 secundi
1541 1585 1703 1615 eventus,
1739 1577 1867 1607 etiamsi
1906 1575 2113 1616 differuntur,
2147 1581 2206 1607 aut

1223 1621 1304 1653 fiunt
1327 1620 1392 1652 alio
1416 1622 1527 1659 modo,
1551 1631 1649 1662 quam
1671 1619 1836 1652 volumus.

1312 1680 1377 1712 lste
1397 1682 1508 1723 regius
1527 1681 1741 1712 confirmatus
1763 1686 1892 1716 eventu,
1916 1680 1978 1710 iam
1995 1679 2094 1710 habet
2107 1678 2205 1710 fidem

1224 1724 1456 1762 ardentiorem,
1481 1731 1512 1756 et
1536 1725 1647 1766 incipit
1670 1724 1794 1755 addere
1817 1721 2078 1765 professionem,
2108 1731 2205 1764 prae-

1225 1768 1312 1798 dicat
1340 1769 1405 1798 hoc
1435 1767 1649 1806 beneficium,
1680 1767 1783 1798 credit
1814 1765 1980 1797 Christum
2011 1775 2088 1796 esse
2116 1764 2206 1796 Mes·

1225 1812 1320 1849 siam,
1344 1820 1421 1842 esse
1444 1811 1616 1842 doctorem
1640 1820 1766 1847 verum,
1791 1815 1822 1840 et
1846 1808 2060 1840 salvatorem.
2096 1808 2204 1839 Discit

1225 1860 1257 1886 et
1278 1854 1367 1885 audit
1390 1855 1454 1885 iam
1478 1852 1584 1894 plura,
1607 1854 1708 1884 habet
1731 1853 1821 1883 initia
1845 1852 2018 1894 quaedam,
2042 1862 2062 1882 a
2085 1852 2205 1893 quibus

1224 1897 1375 1939 procedit
1398 1897 1440 1927 ad
1469 1897 1652 1928 doctrinam
1682 1895 1913 1937 copiosiorem,
1937 1898 1997 1926 wie
2019 1905 2095 1926 man
2117 1899 2206 1934 ωρι-

1224 1940 1366 1972 Habenti
1390 1940 1532 1972 dabitur.

1310 1999 1371 2031 Est
1383 1999 1515 2036 dictum,
1539 1999 1627 2041 quod
1641 1999 1761 2030 dicitur
1773 2008 1850 2029 esse
1862 1997 2046 2028 Francisct:
2071 1997 2207 2037 Semper

1223 2045 1315 2075 lzomo
1338 2047 1393 2074 auc
1414 2044 1530 2082 deficit,
1550 2046 1605 2073 aut
1625 2042 1762 2082 proficit.
1809 2041 1884 2072 Non
1907 2046 2017 2071 manet
2047 2039 2146 2070 homo
2169 2039 2203 2070 in

1224 2092 1314 2118 statu
1336 2086 1464 2117 eodem.
1510 2086 1547 2116 Si
1571 2094 1638 2115 non
1661 2083 1802 2126 proficit,
1827 2090 1906 2115 tunc
1930 2083 2056 2120 delicit,
2085 2082 2207 2113 crescit

1224 2130 1257 2161 in
1280 2140 1320 2161 eo
1348 2128 1613 2169 Epicureismus,
1646 2134 1678 2159 et
1709 2127 1872 2158 securitas
1903 2124 2058 2157 carnalis.
2109 2124 2208 2156 Sicut

1226 2181 1348 2214 corpus
1370 2172 1548 2203 humanum
1576 2180 1744 2212 nunquam
1767 2175 1876 2201 manet
1905 2169 1937 2200 in
1960 2169 2075 2200 eodem
2099 2174 2207 2207 statu;

1225 2222 1282 2247 aut
1304 2216 1341 2246 fit
1363 2215 1546 2252 robustius,
1575 2220 1630 2244 aut
1660 2212 1813 2254 paulatim
1839 2213 1937 2244 habet
1968 2212 2130 2243 deterius:
2157 2211 2208 2242 sic

1225 2266 1354 2290 mentes
1377 2264 1410 2289 et
1433 2258 1536 2288 corda
1558 2258 1750 2297 proficiunt,
1785 2263 1840 2288 aut
1864 2254 2029 2286 deficiunt.
2087 2253 2208 2285 Danda

1227 2310 1277 2333 est
1298 2309 1406 2333 autem
1430 2310 1548 2342 opera,
1578 2306 1613 2330 nt
1636 2300 1869 2341 proficiamus,
1903 2304 1936 2329 et
1957 2297 2133 2339 petendum
2157 2302 2209 2328 est

1226 2343 1382 2377 auxilium
1417 2343 1498 2384 Dei,
1541 2353 1614 2374 cum
1657 2343 1755 2374 toties
1803 2348 1870 2373 tam
1910 2339 2090 2372 clementer
2123 2338 2208 2371 illud

1225 2388 1425 2430 promiserit.

1319 2439 1497 2470 Discamus
1527 2447 1607 2479 ergo
1638 2447 1678 2468 ex
1701 2437 1764 2469 hac
1800 2436 1957 2473 historIa,
1993 2435 2083 2477 quod
2112 2433 2208 2465 Deus

1227 2483 1365 2524 recipiat
1388 2483 1484 2513 etiam
1503 2480 1678 2512 afferentes
1702 2480 1798 2511 fidem
1823 2478 1993 2509 infirmam.
2022 2477 2208 2521 Teneamps

1227 2527 1344 2564 etiam,
1383 2525 1472 2567 quod
1506 2529 1626 2555 eventu
1657 2523 1874 2555 'confirmetur
1907 2521 2010 2558 fides,
2051 2526 2083 2552 et
2119 2520 2209 2562 quod

1228 2575 1402 2601 crescente
1425 2567 1490 2598 fide
1513 2567 1633 2598 debeat
1662 2575 1817 2598 crescere
1841 2562 2028 2606 professio,
2057 2569 2089 2595 et
2113 2562 2209 2605 sequi

195 2619 302 2650 Dahin
321 2620 456 2658 yelzoret
476 2618 538 2649 der
558 2619 677 2649 echone
698 2617 835 2657 eprucla:
861 2616 919 2647 Ubi
934 2616 1090 2647 habitabit
1108 2614 1176 2645 Do·
1199 2617 1203 2656 Ι
1227 2614 1407 2655 gratiarum
1430 2611 1540 2648 notin,
1573 2616 1606 2641 et
1632 2611 1717 2642 haec
1745 2609 1787 2640 sit
1813 2618 1880 2640 non
1915 2606 2078 2639 simulata.
2124 2606 2209 2637 Nam
