2343 2970
180 182 246 214 955
824 178 936 210 PHlL.
960 177 1065 209 MEL.
1089 173 1279 209 SCRIPTA
1301 172 1566 206 EXEGETICA.
2132 174 2199 206 956

182 277 306 308 Postea
328 275 493 307 tinxerunt
517 275 663 306 rationes
687 272 930 314 appellationiS‚
954 278 987 303 et
1010 271 1161 303 dixerunt
1185 271 1188 296 ¹
1302 268 1394 300 Haec
1417 269 1633 311 grammatica
1655 273 1689 300 et
1711 267 1870 300 historica
1892 268 1968 299 ideo
1991 269 2141 307 recitavi,
2159 273 2198 301 ut

181 318 271 351 illam
306 319 471 350 civitatem
505 318 671 350 conditam
705 315 811 348 fuisse
839 326 859 347 a
882 314 1159 356 Bellerophonte,
1214 312 1384 344 incitarem
1407 311 1565 350 iuniores,
1593 317 1629 343 ut
1653 309 1733 342 talia
1755 312 1985 350 considerent,
2018 316 2051 343 et
2073 310 2198 354 aliquid

181 363 238 404 qui
261 360 398 404 fregerit
421 362 465 393 ibi
488 361 617 402 pedem,
641 370 715 391 cum
733 359 898 401 Pegasus,
921 359 953 389 in
978 369 1044 400 quo
1068 356 1157 389 vole·
1214 355 1256 387 de
1279 355 1374 386 hisce
1396 353 1545 386 historiis
1567 352 1764 396 intelligant.
1788 353 1875 390 Quid
1888 355 1973 386 euim
1992 355 2121 396 turpius
2133 359 2198 394 est,

181 406 239 437 bat
260 406 293 437 in
324 404 454 437 coelum
482 404 575 441 vehi,
610 403 735 434 maiora
758 403 884 434 viribus
915 401 986 433 suis
1016 406 1161 439 tentans,
1214 399 1314 440 quarn
1337 398 1454 430 harum
1477 407 1587 430 rerum
1611 406 1751 438 prorsus
1775 397 1927 439 ignarum
1945 397 2043 429 esse?

181 458 256 481 eum
290 449 495 479 decusserat.
546 445 823 486 Bellerophontes
860 454 981 476 nomen
1015 443 1118 475 habet
1141 453 1162 475 a
1212 458 1219 461 -
1303 440 1497 473 Celebratur
1518 441 1584 472 hoc
1607 441 1661 472 die
1672 441 1830 472 memoria
1841 441 2071 473 conversionis
2090 438 2197 473 Pauli.

181 494 326 533 βέλλερος,
351 491 384 521 id
408 495 470 529 est,
495 489 605 532 galea,
628 490 724 531 quasi
747 488 941 520 interiectus
965 486 1128 529 galeator.
1214 485 1249 516 ln
1275 494 1372 526 quem
1396 494 1476 516 vero
1498 493 1595 515 usum
1619 482 1820 522 celebretur,
1853 484 1926 525 ipse
1948 484 2039 523 dicit,
2074 494 2112 515 se
2135 483 2197 516 sci-

268 534 332 565 Alii
367 539 477 564 autem
511 533 623 564 dicunt
652 532 793 564 Tarsum
822 530 947 563 habere
975 539 1095 561 nomen
1118 530 1160 561 ab
1214 526 1293 559 licet
1315 526 1484 568 exemplar
1507 527 1651 568 positum
1674 537 1760 567 esse,
1782 533 1818 559 ut
1829 528 1985 565 sciamus,
2007 528 2098 569 quod
2109 525 2197 559 filius

180 576 305 619 ungula
325 577 459 618 Pegasi,
482 585 547 618 qua
569 576 763 606 excussisse
787 574 910 606 fontem
935 574 1056 605 dicunt.
1102 572 1161 603 Pe-
1214 569 1279 603 Dei
1303 572 1430 602 venerit
1451 569 1569 602 salvos
1593 569 1705 602 faeere
1728 576 1936 612 peccatores.

180 630 298 663 gasum
322 619 486 651 finxerunt
520 625 639 661 poetae
661 629 781 660 equum
814 616 947 656 alatum,
982 626 1079 659 quem
1102 615 1162 647 Mi-
1187 637 1189 643 x
1302 613 1442 649 Quando
1466 620 1576 646 autem
1599 613 1753 647 volumus
1773 614 1886 646 dicere
1897 615 1939 646 de
1950 614 2198 655 sanctis‚opor-

179 673 283 695 nerva
307 663 394 695 dono
424 663 560 694 dederat
588 660 851 703 Bellerophonti,
886 671 952 702 quo
987 658 1163 691 voluerunt

181 705 388 748 significare,
430 715 569 748 magnas
609 715 665 736 res
703 715 770 736 non
816 704 886 746 geri
926 703 989 734 nisi
1029 703 1163 735 iuvante

183 749 264 781 Deo.

267 790 518 833 Sardanapalus
543 801 662 823 nomen
685 790 786 822 habet
805 790 908 825 aSar,
931 790 964 820 id
988 795 1051 827 est,
1074 789 1162 831 prin-

180 845 275 877 ceps,
309 840 341 866 et
365 834 456 871 Dan,
480 835 511 866 id
536 840 606 872 est,
628 834 745 873 iudex,
769 839 802 865 et
824 833 921 871 Paul,
945 833 977 864 id
997 839 1061 871 est,
1084 831 1161 864 effe-

181 884 264 911 ctor.
288 877 349 907 Eia
369 878 493 908 solclzen
516 877 672 909 hei-lichen
693 887 800 907 namen
824 876 880 906 hat
902 886 935 906 er
957 876 1082 915 yelzabt,
1097 875 1162 905 und

178 923 223 952 ist
241 921 322 951 doch
345 923 392 950 eiu
417 922 515 960 uuflat
537 930 682 961 yewmen,
707 920 784 953 licet
806 921 912 962 primo
935 919 1035 951 {uerit
1047 920 1098 951 vir
1110 929 1161 950 sa-

178 965 415 1007 pientissimus.
440 964 502 996 Hic
524 965 557 995 in
581 974 642 996 suo
665 970 878 996 monumento
902 963 1047 1004 scripsit,
1071 962 1161 1003 quod
1217 961 1412 992 vocationes
1445 959 1616 992 hominum
1651 961 1683 991 in
1717 959 1871 992 Ecclesia
1904 970 1945 993 ac
1976 960 2070 992 varia
2100 960 2201 998 dona,

179 1009 252 1050 ipse
271 1007 455 1039 condiderit
468 1006 637 1049 Antyalen
662 1014 694 1039 et
706 1006 856 1038 Tarsum.
892 1004 1039 1048 Antyale
1051 1011 1161 1037 autem
1217 1014 1302 1045 quae
1325 1004 1445 1035 dantur
1474 1009 1610 1045 propter
1643 1004 1748 1045 ipsam
1771 1002 1976 1042 Ecclesiam,
2009 1008 2045 1035 ut
2075 1000 2201 1034 Paulus

180 1050 282 1093 longe
294 1051 386 1092 prior
408 1049 469 1081 suit
491 1050 609 1083 Tarso.
645 1049 705 1082 Ille
718 1048 968 1091 Sardanapalus
992 1048 1107 1080 incidit
1129 1049 1161 1079 in
1186 1052 1192 1231 ἱ
1217 1047 1296 1078 dixit
1319 1046 1437 1088 [Ephe.
1449 1046 1481 1078 5.
1500 1047 1533 1085 4,
1556 1046 1619 1084 8.]:
1644 1046 1798 1076 Ascendit
1822 1046 1967 1077 Christus
1988 1048 2021 1075 in
2041 1045 2136 1076 altum
2148 1055 2201 1075 ca-

1215 662 1262 689 tet
1283 667 1345 689 nos
1368 657 1507 699 primum
1530 658 1696 699 inspicere
1719 658 1760 689 de
1773 656 1919 699 generali
1944 658 2198 689 conservatione

1214 698 1391 732 Ecclesiae
1415 706 1446 732 et
1469 702 1646 733 vocatione
1668 701 1846 743 insignium
1869 700 2056 738 hominum3
2078 700 2197 732 deinde

1214 752 1328 775 eorum
1352 745 1534 775 doctrinam
1544 755 1552 784 3
1576 744 1631 776 ΠΙ.
1645 744 1686 775 de
1705 744 1892 775 testimonio
1909 742 1998 775 illius
2013 743 2197 782 doctrinae,

1214 797 1276 819 seu
1299 787 1341 818 de
1362 786 1547 824 miraculis3
1580 787 1653 819 uu.
1678 788 1719 819 de
1753 787 1872 820 studiis
1902 793 1935 819 et
1963 796 2077 819 eorum
2107 795 2198 818 exer-

1216 830 1311 862 citiis.

1302 873 1448 905 Primum
1462 883 1544 916 ergo
1568 874 1728 906 debemus
1752 883 1953 916 agnoscere,
1977 873 2066 915 quod
2077 871 2197 906 Eccle-

1216 917 1267 948 sia
1289 922 1509 949 conservetur
1531 922 1563 950 et
1585 922 1722 960 regatur
1745 918 1912 955 divinitus,
1937 923 1969 949 et
1992 926 2070 948 esse
2086 916 2199 948 varias

180 1099 331 1135 tempora
364 1093 505 1132 Esaiae,
539 1094 674 1136 quando
710 1094 900 1125 distinctum
934 1090 994 1124 fuit
1021 1102 1161 1134 regnum
1213 1091 1333 1130 ptivam
1356 1090 1450 1120 duxit
1473 1090 1688 1129 captivitatem
1707 1090 1788 1120 dans
1805 1090 1891 1119 dona
1901 1089 2093 1126 hominibus,
2119 1087 2201 1118 alios

184 1136 431 1180 Babylonicum
455 1143 488 1168 et
513 1137 743 1179 Assyriorum,
1216 1133 1340 1174 quidem
1359 1133 1535 1172 prophetas
1553 1139 1615 1165 etc.
1659 1132 1702 1164 Et
1725 1132 1803 1164 alibi
1835 1132 1944 1171 [Cant.
1967 1132 2000 1173 6,
2024 1131 2054 1164 3.
2077 1132 2122 1171 9.]
2155 1131 2202 1164 (ἰὶ-

266 1180 397 1212 Deinde
419 1180 529 1222 ταρσὸς
551 1182 649 1212 etiam
672 1180 837 1223 significat
852 1178 1057 1210 latitudinem
1070 1178 1163 1216 remi,
1218 1177 1319 1209 citur:
1353 1175 1499 1206 Ecclesia
1533 1180 1580 1206 est
1613 1177 1694 1207 sicut
1718 1180 1892 1206 castrorum
1926 1177 2010 1206 acies
2039 1175 2203 1215 ordinata,

1217 1221 1276 1249 wie
1299 1221 1348 1249 ein
1371 1219 1669 1260 schluchtorclnuny.
1716 1219 1763 1251 lbi
1783 1220 1839 1261 qui
1863 1225 1939 1251 Sunt
1957 1219 2051 1261 primi
2074 1220 2107 1250 in
2131 1217 2204 1250 acie

1217 1263 1312 1305 primi
1335 1263 1502 1302 dimicant,
1530 1264 1562 1295 in
1593 1274 1660 1306 qua
1682 1263 1710 1294 si
1734 1263 1808 1305 quis
1832 1263 1931 1301 cadit,
1956 1263 2066 1294 statim
2089 1271 2132 1293 ex
2155 1259 2204 1293 al·

1217 1312 1289 1338 tera
1311 1305 1399 1338 linea
1421 1305 1522 1339 alium
1544 1306 1593 1338 illi
1617 1311 1750 1348 oportet
1775 1306 1967 1338 succedere.
2003 1305 2060 1337 Sic
2082 1305 2115 1336 in
2139 1303 2204 1336 Ec·

1218 1348 1333 1388 clesia,
1355 1351 1465 1381 statim
1488 1348 1666 1381 interfecto
1689 1348 1775 1381 Abel
1800 1350 1948 1381 succedit
1965 1347 2060 1386 Seth,
2083 1347 2205 1380 deinde

1216 1392 1351 1466 {Enocln
1369 1394 1444 1424 item
1466 1393 1585 1424 Nohae
1607 1393 1758 1426 succedit
1780 1392 1963 1431 Abraham,
1983 1391 2061 1423 huic
2082 1395 2204 1433 postea

1231 1437 1316 1468 acob
1341 1441 1406 1467 ete.

1303 1477 1467 1517 Propheta
1495 1480 1528 1511 in
1558 1479 1682 1521 populo
1713 1478 1816 1510 Israel
1846 1485 1899 1510 est
1922 1487 2068 1519 persona
2089 1478 2202 1509 imme-

1218 1523 1307 1553 diate
1330 1527 1451 1553 vocata
1474 1532 1493 1553 a
1516 1520 1592 1554 Deo
1622 1523 1665 1554 ad
1693 1521 1923 1553 illustrandam
1947 1521 2204 1563 promissionem

1218 1566 1260 1596 de
1278 1563 1415 1603 Messia,
1439 1570 1471 1596 et
1493 1565 1536 1595 ad
1560 1565 1813 1607 gubernandum
1835 1565 1982 1606 politiaS,
2003 1564 2132 1597 habens
2155 1568 2201 1595 te-

1217 1608 1418 1646 stimonium,
1442 1608 1532 1649 quod
1555 1618 1622 1640 non
1647 1614 1746 1640 erret.
2198 1620 2200 1627 >

1304 1650 1477 1691 Apostolus
1500 1657 1551 1682 est
1573 1661 1720 1693 persona
1743 1651 1931 1682 immediate
1954 1656 2075 1682 vocata
2093 1648 2202 1682 aDeo

1217 1694 1260 1726 ad
1283 1695 1470 1726 docendum
1493 1693 1713 1736 Evangelium
1737 1704 1935 1736 quocunque
1957 1692 2050 1732 loeo,
2072 1693 2202 1724 habens

1217 1738 1453 1775 testimonium,
1476 1738 1565 1779 quod
1588 1748 1655 1769 non
1675 1743 1774 1776 erret,
1794 1737 1855 1769 sed
1877 1746 1944 1768 non
1962 1735 2092 1768 habens
2115 1745 2204 1768 man·

181 1229 213 1256 et
237 1224 339 1256 credo
357 1223 434 1255 inde
459 1229 624 1266 sumptam
648 1222 854 1255 altitudinem
878 1223 984 1265 pedis.
1030 1221 1083 1252 Ac
1104 1219 1163 1252 illa

181 1268 316 1300 civitate
347 1266 466 1298 deinde
493 1277 587 1298 mare
614 1267 890 1298 mediterraneum
920 1266 1041 1297 dicitur
1069 1263 1163 1293 Thar-

179 1312 235 1348 εἰσ,
259 1311 300 1342 de
324 1320 390 1351 quo
413 1320 515 1351 saepe
539 1309 663 1352 legitur
684 1311 717 1341 in
741 1320 838 1341 sacra
862 1308 1048 1350 Scriptura,
1070 1313 1106 1339 ut
1128 1308 1163 1338 in

179 1355 269 1391 lona,
295 1353 340 1391 [1,
363 1353 393 1384 3.
417 1354 450 1391 4,
474 1354 530 1392 24.
574 1352 680 1384 Naves
707 1353 847 1392 Tlmrsis,
871 1353 966 1384 idest
988 1360 1093 1382 naves
1106 1360 1163 1382 na-

180 1398 333 1438 vigantes
357 1397 401 1427 ad
424 1395 514 1428 illum
537 1395 707 1438 populum,
732 1397 819 1429 sicut
849 1394 1087 1436 Hellespontes
1119 1395 1161 1425 ab

179 1439 278 1471 Helle
300 1449 422 1471 nomen
444 1439 555 1471 habet.

268 1481 394 1514 Paulus
418 1481 478 1514 fuit
506 1493 546 1514 ex
569 1483 656 1514 tribu
679 1482 868 1519 Beniamin3
900 1487 1056 1523 parentes
1091 1481 1163 1512 eius

179 1525 373 1558 habitarunt
395 1525 501 1557 Tarsi.
531 1526 626 1557 Adeo
650 1524 711 1557 fuit
730 1526 892 1566 dissipata
912 1534 995 1567 gens
1018 1523 1162 1561 Iudaica,

180 1574 214 1601 et
238 1569 338 1600 credo
363 1579 435 1600 eam
458 1570 501 1600 ob
527 1579 692 1609 caussam,
716 1569 806 1610 quod
821 1567 914 1599 Deus
937 1567 1081 1599 voluerit
1102 1576 1164 1607 per

180 1622 253 1644 eam
277 1612 528 1653 dissipationem
550 1618 664 1643 notum
687 1611 759 1643 fieri
789 1612 927 1642 verbum
956 1620 1052 1642 suum
1076 1609 1164 1640 omni

180 1661 301 1687 terrae.
348 1655 475 1686 Tarsus
498 1660 607 1686 autem
629 1654 690 1687 fuit
713 1655 832 1686 civitas
851 1652 989 1696 inclyta,
1007 1659 1040 1685 et
1052 1651 1164 1684 adhuc

180 1698 279 1730 hodie
302 1704 365 1737 est,
389 1705 421 1729 et
445 1703 496 1729 est
520 1699 643 1730 donata
666 1699 737 1729 iure
759 1696 931 1729 Romanae
950 1696 1094 1728 civitatis
1120 1696 1163 1726 ab

179 1742 337 1773 Antonio.
388 1741 485 1771 Wetm
509 1742 594 1771 einer
622 1741 734 1781 bur-yet·
764 1752 798 1770 zu
824 1739 922 1772 Tarsi
949 1741 992 1769 ist
1015 1748 1164 1779 9ezoesen,

180 1795 216 1815 so
239 1787 281 1814 ist
304 1795 337 1813 er
360 1785 439 1814 ancli
462 1785 574 1824 buryer
596 1796 631 1814 m
653 1784 732 1814 Rom
750 1793 899 1824 yewesen.
1218 1782 1342 1818 datum,
1363 1786 1400 1812 ut
1422 1786 1519 1823 regat
1540 1779 1685 1822 politias.

267 1828 415 1860 Fuerunt
437 1834 546 1859 autem
576 1834 644 1859 tres
669 1828 793 1869 gradus
816 1827 1003 1865 hominum,
1033 1827 1088 1868 qui
1110 1825 1165 1857 do·
1305 1823 1510 1864 Evanyelista
1534 1829 1586 1855 est
1613 1834 1758 1866 persona
1781 1823 1836 1856 vel
1854 1823 2041 1855 immediate
2063 1821 2117 1855 vel
2134 1831 2202 1854 me·

179 1872 345 1903 nabantur
380 1872 450 1902 iure
485 1871 626 1903 civitatis
650 1871 830 1902 Romanae.
876 1870 900 1901 Ι.
935 1869 1039 1901 Erant
1070 1870 1163 1907 cives,
1189 1863 1193 1885 ⁸
1219 1868 1307 1899 diate
1329 1873 1450 1899 vocata
1474 1878 1494 1899 a
1516 1866 1589 1898 Deo
1625 1868 1667 1898 ad
1699 1867 1884 1898 docendum
1919 1865 2139 1908 Evangelium
2167 1865 2202 1896 in

180 1915 237 1955 qui
271 1914 446 1955 capiebant.
475 1913 572 1945 simul
605 1914 752 1947 honores
787 1920 819 1945 et
849 1913 946 1945 simul
970 1911 1164 1944 militabant.
1219 1911 1361 1943 diversis
1385 1909 1482 1942 locis.
1527 1910 1618 1941 Talis
1641 1916 1693 1942 est
1715 1916 1830 1941 noster
1848 1915 1984 1950 pastor,
2016 1909 2072 1951 qui
2095 1908 2202 1940 diver-

180 1957 218 1988 Π.
244 1958 437 1996 ᾹΙιιιιίΓίρεε,
461 1958 517 1999 qui
547 1956 644 1988 simul
675 1958 851 1998 capiebant
872 1957 999 1995 munia,
1029 1957 1165 1995 yemeine
1219 1955 1266 1986 sis
1289 1953 1455 1986 Ecclesiis
1478 1953 1696 1996 Evangelium
1718 1953 1932 1995 praedicavit.

181 2000 261 2038 last,
283 2001 315 2031 id
340 2006 403 2038 est,
428 1999 523 2031 simul
547 2000 749 2039 militabant,
778 2001 838 2031 sed
861 2010 929 2031 non
952 2006 1047 2031 erant
1068 2000 1165 2041 parti·
1306 1997 1429 2027 Doctor-
1451 2003 1504 2029 est
1526 2007 1672 2038 persona
1695 1996 1835 2028 mediate
1857 2001 1978 2026 vocata
2001 1993 2119 2034 aDeo,
2143 1993 2202 2026 ha-

181 2045 274 2086 cipes
298 2043 449 2081 honoris,
474 2054 535 2075 nec
560 2045 747 2085 pendebant
768 2044 889 2075 tributa
912 2043 1060 2084 imperio.
1086 2042 1165 2074 Alsa
1220 2043 1303 2073 bens
1327 2042 1536 2072 vocationem
1560 2040 1713 2078 docendi,
1725 2049 1791 2071 non
1814 2038 2065 2070 administrandi
2087 2047 2202 2070 sacra-

180 2088 224 2117 ist
243 2087 299 2116 der
323 2086 397 2116 adel
419 2086 498 2116 noch
521 2087 569 2116 bei
590 2098 659 2122 vus,
689 2088 758 2117 dem
777 2088 877 2127 psleyt
901 2097 970 2116 man
993 2085 1072 2116 ιιιιεΙι
1095 2086 1166 2115 kein
1219 2091 1339 2123 menta,
1359 2095 1425 2116 non
1449 2083 1549 2116 habet
1573 2083 1843 2126 gubernationem
1897 2082 2039 2120 astoris,
2061 2081 2123 2112 sed
2151 2084 2203 2111 est

181 2130 349 2168 schatzuny
373 2129 574 2169 auffzuleyem
609 2132 668 2163 sed
702 2137 811 2162 tamen
841 2136 973 2171 oportet
995 2140 1055 2161 eos
1079 2128 1165 2161 mili·
1221 2131 1284 2162 sub
1309 2134 1458 2170 pastore,
1482 2127 1590 2169 qualis
1614 2137 1678 2168 ego
1703 2136 1786 2157 sum.
1832 2126 1868 2155 Ic
1912 2125 1962 2154 sol
1981 2124 2066 2154 nicht
2088 2124 2203 2153 lu'ntre-

180 2179 264 2205 tare.
295 2172 347 2204 111.
368 2173 553 2213 VecliyaleS,
579 2176 716 2215 quinon
741 2173 937 2212 militabant,
959 2174 1019 2204 sed
1043 2173 1166 2214 pende·
1191 2165 1195 2176 ¹
1221 2178 1269 2203 ten
1294 2172 1356 2201 end
1379 2171 1430 2201 sol
1450 2173 1509 2200 mir
1531 2172 1580 2200 ein
1605 2170 1756 2200 bes-ander
1779 2169 1867 2200 kt‘rch
1891 2168 2064 2206 euridicen,
2076 2166 2129 2198 ich
2150 2167 2202 2196 bin

182 2217 264 2248 bant
287 2217 473 2258 pecuniam,
509 2217 562 2246 die
595 2217 715 2246 selauncl
748 2227 817 2246 man
848 2217 909 2246 ond
936 2216 1062 2246 seltabte
1085 2227 1165 2251 man,
1221 2217 1299 2246 dam
1323 2215 1408 2244 nicht
1429 2214 1585 2254 yefozlerl.

184 2260 245 2289 das
268 2270 301 2289 es
323 2271 356 2289 :u
380 2260 537 2289 erbarmen
562 2271 635 2293 war,
670 2271 740 2289 man
770 2264 943 2289 vertrauete
965 2260 1056 2290 ilznen
1080 2259 1166 2289 nicht
1307 2258 1426 2288 Pastor
1449 2265 1499 2289 est
1522 2266 1667 2297 persona
1697 2256 1838 2287 mediate
1871 2259 1994 2287 vocata
2016 2264 2036 2284 a
2058 2252 2134 2284 Deo
2157 2253 2202 2284 ad

185 2313 222 2334 so
247 2303 315 2339 viel,
340 2303 399 2332 das
423 2314 491 2332 num
515 2305 560 2332 sie
583 2314 619 2334 :u
641 2303 766 2342 lnieyen
789 2303 959 2343 yebrauclzt
982 2304 1074 2334 hetta.
1097 2303 1167 2333 An·
1222 2303 1409 2335 docendum
1431 2298 1649 2341 Evangelium
1683 2300 1716 2330 in
1750 2304 1842 2330 certo
1872 2297 1958 2333 loco,
1983 2306 2049 2328 non
2072 2296 2202 2327 habens

184 2346 295 2378 tonius
320 2352 439 2384 autem,
464 2347 539 2388 quia
564 2347 699 2377 videbat
722 2345 822 2377 multa
846 2345 931 2378 mala
955 2356 997 2378 ex
1015 2346 1080 2377 hac
1094 2356 1166 2388 gra·
1222 2345 1454 2382 testimonium,
1479 2344 1567 2385 quod
1593 2353 1658 2374 non
1682 2348 1780 2374 erret.

184 2390 285 2421 duum
309 2390 519 2421 distinctione
555 2390 645 2427 oriri,
679 2390 816 2421 mutavit
850 2396 968 2431 postea
1002 2388 1112 2432 legem
1135 2394 1168 2419 et
1309 2387 1434 2419 Paulus
1458 2393 1509 2418 est
1532 2393 1672 2417 vocatus
1697 2383 1880 2426 Apostolus
1915 2381 2076 2426 singulari
2111 2381 2203 2413 test-i-

183 2432 259 2463 tulit
281 2432 390 2470 aliam,
427 2440 462 2464 ut
495 2442 622 2467 omnes,
657 2434 712 2474 qui
746 2438 861 2464 essent
891 2434 923 2464 in
946 2433 1080 2464 civitate
1102 2431 1168 2463 Ro·
1222 2432 1333 2463 monio
1355 2431 1483 2464 divino,
1509 2439 1583 2460 cum
1618 2437 1727 2461 tamen
1761 2428 1853 2469 prius
1887 2425 1984 2458 fuerit
2017 2426 2202 2457 acerrimus

184 2485 294 2513 mana,
326 2476 487 2508 habereut
522 2478 573 2508 ius
608 2476 803 2507 Romanum.
855 2474 907 2506 De
941 2477 1050 2517 eapite
1085 2475 1168 2507 civis
1223 2479 1418 2516 persecutor
1453 2478 1486 2504 et
1515 2472 1622 2503 hostis
1647 2469 1829 2515 Evangelii.
1875 2469 1959 2501 Huic
1993 2475 2101 2500 autem
2131 2465 2202 2498 vult

185 2518 324 2550 Romani
347 2520 379 2550 in
404 2530 526 2551 caussa
549 2520 649 2550 dubia
672 2529 740 2550 non
763 2517 855 2551 licuit
877 2519 1024 2550 iudicare
1036 2518 1170 2560 provin·
1223 2519 1289 2549 hoc
1312 2517 1389 2548 loco
1408 2526 1549 2558 arguere
1575 2514 1697 2547 Paulus
1711 2538 1720 2553 ,
1756 2514 1845 2556 quod
1869 2511 1956 2544 filius
1984 2512 2043 2543 Dei
2065 2510 2203 2552 recipiat

186 2561 261 2592 ciali
284 2563 508 2604 magistratui,
540 2564 599 2594 sed
630 2563 770 2594 comitiis
805 2561 1015 2600 centuriatis,
1049 2563 1082 2593 id
1106 2567 1169 2599 est,
1225 2563 1322 2593 etiam
1346 2558 1517 2591 involutos
1553 2558 1664 2590 multis
1697 2563 1729 2589 et
1762 2556 1891 2598 magnis
1915 2556 2073 2597 peccatis.
2118 2553 2203 2584 Pau-

185 2605 355 2648 sufl'ragiis
379 2605 491 2647 populi
515 2617 574 2638 seu
598 2606 799 2647 imperatori.
846 2603 1021 2636 Publicola
1039 2603 1112 2638 tulit
1123 2604 1170 2637 le·
1224 2603 1277 2635 lus
1311 2609 1347 2635 ut
1380 2603 1488 2634 hostis
1511 2601 1683 2644 Evangelii
1717 2599 1891 2642 proficitur
1920 2598 2124 2630 Damascum
2157 2595 2204 2627 ad

187 2658 274 2690 gem,
298 2654 334 2680 ut
357 2656 448 2681 esset
471 2650 669 2691 provocatio
692 2655 725 2682 et
749 2646 955 2681 consulibus.
1224 2647 1420 2689 capiendum
1444 2644 1666 2683 Christianos,
1691 2642 1762 2676 vult
1785 2652 1862 2675 esse
1886 2641 2044 2674 defensor
2066 2639 2152 2682 legis
2170 2642 2204 2671 et

2329 355 2343 464 ahi-*xa
2331 292 2343 351 ma
2328 275 2330 277 “
