2343 2970
93 176 157 208 213

92 270 342 312 conspiciuntur
364 268 567 305 testimonia,
592 266 681 308 quod
705 264 800 296 Deus
830 266 941 306 puniat
971 265 1072 297 homi-
1100 274 1103 284 ¹

93 315 189 352 cidia,
212 315 300 344 iuxta
324 310 612 343 comminationes:
660 310 720 347 Qua·
738 309 882 348 gladium
904 310 1073 350 acceperit,

89 359 198 397 gladio
223 356 353 397 peribit.
405 354 502 384 item:
553 354 613 390 Οιιι·
641 353 767 392 fictlerc'c
798 354 970 384 kmmznum
1001 362 1073 384 sun-

89 404 230 440 quinem,
257 399 414 439 fundetur
442 399 574 436 sanquis
596 399 664 427 elus
684 406 744 436 per
766 396 928 427 hominem.
974 395 1073 426 111101·-

93 444 158 475 itus
186 442 368 474 Pharaonis
401 445 454 471 est
483 439 724 476 testimonium,
761 438 849 480 quod
872 438 966 469 Deus
996 438 1074 469 velit

91 486 208 527 punire
237 489 472 525 persecutores
502 481 684 514 Ecclesiae.
730 481 787 513 Sic
818 480 978 512 miracula
1006 480 1072 515 illa,

93 530 124 561 in
147 529 266 570 quibus
290 526 383 558 Deus
414 524 578 557 benefacit
606 523 798 562 Ecclesiae,
826 531 903 555 sunt
933 524 1075 566 insignia

93 578 125 603 et
148 570 258 603 dulcia
282 570 470 601 testimonia
489 569 754 610 promissionum,
777 568 865 609 quod
879 566 973 599 Deus
997 566 1075 599 velit

95 615 215 646 adesse
239 612 425 650 Ecclesiae,
451 618 482 643 et
505 622 641 643 servare
663 610 763 642 illam.

178 655 236 688 Ad
257 667 353 697 quam
377 655 644 696 promissionem,
676 660 708 685 et
741 654 785 684 ad
820 653 909 695 quod
938 663 1075 694 praece-

94 707 182 741 ptum
194 700 336 740 pertinet
359 698 424 730 hoc
446 697 639 729 miraculum
652 695 933 738 multiplicationis
946 707 1077 738 panum,

95 744 212 785 quibus
248 743 393 782 pascitur
423 747 514 772 tanta
543 740 717 772 multitudo
747 740 954 781 sequentium
984 738 1076 770 Cirri-

95 786 204 818 5111ῐηῖ
247 785 459 825 Responden.
512 783 585 814 Hoc
619 782 812 814 miraculum
842 788 895 814 est
930 783 1076 814 testimo-

96 830 183 861 nium
206 826 292 859 illius
320 827 566 869 promissionis:
612 828 682 858 Non
711 830 773 858 eric
799 827 910 866 inopia
939 829 1076 858 limenti-

95 875 152 905 ὑπὸ·
174 873 351 903 Dominum.
382 870 472 908 Item,
494 870 635 910 pertinet
658 870 700 901 ad
724 870 913 900 mandatum
938 868 1076 900 Christi:

99 916 248 953 Quaerite
290 917 430 953 primam
463 923 598 952 requam
629 912 705 951 Dei,
746 917 776 944 et
813 915 968 944 iusticiam
998 914 1076 952 eia-9,

95 962 125 989 ec
156 961 287 988 caetera
320 956 515 988 adiit-tentas·
556 957 658 988 nobis:
693 956 726 987 id
760 961 822 993 est,
857 961 934 986 ante
968 955 1076 986 omnia

94 1000 241 1041 quaerite
264 999 447 1030 doctrinam
470 998 657 1040 Evangelii,
683 1004 714 1030 et
744 999 908 1039 incipiatis
940 998 1075 1029 obedire

94 1040 287 1083 Evangelio.
340 1041 413 1073 Hoc
441 1043 629 1073 mandatum
653 1041 717 1073 Dei
747 1047 799 1074 est
827 1040 1077 1073 anteferendum

94 1085 246 1116 omnibus
280 1086 382 1116 rebus
412 1084 576 1116 humanis.
623 1084 721 1120 Quod
752 1086 781 1115 si
816 1086 996 1116 obieceris:
1041 1084 1079 1116 St

93 1130 220 1160 voluero
243 1131 367 1159 servire
390 1129 579 1167 ministerio,
603 1138 659 1159 ero
691 1138 836 1168 pauper,
866 1132 1076 1168 contemptus,

95 1177 157 1202 etc.
213 1170 296 1201 Huic
330 1171 506 1202 obiectioni
546 1171 726 1210 respondet
760 1170 931 1208 Christus,
966 1171 1077 1201 addita

96 1214 333 1254 promissione:
383 1215 519 1245 Caetera
542 1215 735 1245 adlicientur
758 1217 851 1245 robis.
893 1215 962 1245 Scit
979 1219 1078 1254 pater

94 1261 200 1287 vester
219 1259 372 1295 coelestis,
395 1258 481 1296 quod
501 1266 580 1296 opus
602 1257 748 1288 habeatis
763 1256 813 1288 los
832 1258 984 1288 omnibus.
1021 1256 1077 1287 Sic

95 1299 174 1330 alibi
199 1299 333 1330 dicitur:
383 1300 442 1336 Qut
463 1300 629 1339 reliquerit
652 1304 779 1339 patrem
803 1305 834 1331 et
857 1305 999 1333 tualrem.
1023 1304 1080 1331 aut

95 1343 204 1373 domos
227 1346 261 1373 et
279 1351 378 1380 affy-os
389 1352 424 1381 m
433 1347 524 1381 opter
547 1353 606 1381 me,
630 1344 766 1383 recipiet
779 1344 961 1383 centuplum
980 1346 1078 1374 etlam

95 1386 129 1416 in
151 1386 212 1416 leae
234 1388 306 1419 cita,
330 1386 390 1415 sed
409 1394 479 1416 cam
502 1386 715 1417 tribulate'one.

181 1426 250 1458 Has
282 1432 313 1457 et
349 1425 473 1458 similes
509 1429 748 1469 promissiones
783 1429 956 1460 confirmat
986 1427 1078 1459 Chri-

96 1476 167 1501 stus
201 1469 265 1500 hoc
299 1468 475 1508 miraculo,
511 1476 544 1502 ut
578 1470 707 1502 scilicet
741 1472 965 1513 conspiciatur
1004 1481 1077 1502 eum

97 1511 181 1544 velle
205 1518 393 1544 sustentare
427 1520 459 1544 et
483 1524 686 1546 conservare
708 1513 906 1546 Ecclesiam.

182 1555 239 1586 lsti
266 1555 416 1587 homines
452 1563 644 1588 manserant
669 1568 743 1589 cum
772 1557 905 1589 Christo
930 1567 991 1598 per
1020 1556 1078 1588 ali-

98 1604 177 1639 quot
200 1598 282 1636 dies,
307 1599 501 1630 audiverant
524 1610 598 1631 eum
621 1600 806 1638 docentem,
827 1607 920 1632 erant
940 1611 1013 1632 cum
1038 1611 1077 1631 eo

98 1640 130 1671 in
152 1639 386 1679 Dalmanntba‚
410 1642 442 1672 in
466 1643 563 1673 domo
582 1654 774 1684 pauperum,
799 1644 830 1674 in
844 1645 988 1682 deserto,
1012 1654 1078 1674 non

100 1682 265 1713 habebant
289 1684 420 1717 victum,
449 1695 514 1715 non
544 1684 609 1716 alia
630 1686 794 1726 praesidia
818 1687 976 1723 humana,
1001 1687 1078 1718 inci-

99 1725 233 1767 piebant
257 1726 395 1762 esurire,
420 1726 693 1766 periclitabantur
716 1729 757 1759 de
786 1730 870 1763 vita,
901 1730 961 1760 sed
988 1736 1077 1760 satu-

101 1774 215 1799 rantur
250 1767 459 1806 mirabiliter,
508 1776 539 1800 et
580 1771 782 1802 dimittuntur
815 1771 1000 1803 incolumes
1035 1773 1078 1803 ad

98 1821 191 1841 suos.
247 1810 293 1841 lta
336 1810 470 1852 reliquis
505 1813 600 1843 etiam
634 1814 840 1854 temporibus
870 1814 963 1845 Deus
996 1825 1078 1846 voce

97 1852 271 1894 Evangelii
303 1853 429 1895 colligit
463 1855 524 1886 sibi
561 1858 685 1895 passim
717 1855 916 1891 Ecclesiam.
947 1863 979 1887 et
1007 1856 1078 1889 vult

97 1895 194 1930 hanc,
218 1906 416 1938 quamquam
438 1896 639 1938 languidam,
663 1904 694 1929 ct
714 1900 833 1930 misere
850 1898 1078 1938 deformatam,

97 1948 248 1979 pascere,
271 1945 469 1977 sustentare,
498 1940 686 1979 defendere,
711 1949 743 1972 ct
766 1952 902 1973 servare
926 1941 1077 1973 0111011111-

99 1988 159 2019 ter‚
182 1982 271 2012 iuxta
295 1982 430 2013 dictum:
475 1985 541 2022 Eyo
561 1985 643 2023 feci,
673 1995 730 2023 eyo
758 1987 903 2025 portabo,
927 1989 1021 2016 etiam
1044 1990 1077 2017 ιἰι

98 2028 227 2055 senecta
250 2034 306 2064 eqo
325 2027 467 2063 ycslabo,
490 2031 523 2057 et
542 2027 681 2058 salz-abo.

183 2066 293 2097 Tertia
317 2078 436 2098 caussa
459 2074 524 2099 est:
570 2069 731 2101 Miracula
750 2077 825 2101 sunt
849 2069 997 2111 exempla
1020 2082 1075 2112 ap-

98 2106 285 2157 plicationis
319 2111 584 2150 promissionum.
642 2111 735 2143 Multi
769 2115 931 2154 cogimnt:
982 2113 1074 2145 Deus

98 2151 175 2182 iacit
199 2152 326 2192 quidem
350 2153 505 2184 miracula
535 2156 564 2185 in
588 2154 753 2194 Ecclesia,
782 2157 841 2187 5011
870 2155 926 2186 1110
955 2155 1074 2188 sortas-

97 2194 145 2223 sis
169 2201 246 2225 sunt
268 2194 440 2236 privilegia
463 2197 561 2227 certis
585 2197 772 2229 bominibus
797 2209 970 2237 concessa,
989 2210 1074 2241 quae

98 2247 164 2267 non
191 2238 409 2269 extenduntur
439 2240 481 2270 ad
509 2238 611 2277 alios3
640 2242 767 2272 etiamsi
796 2243 849 2272 isti
880 2250 1073 2283 pascuntur,

99 2286 204 2309 tamen
239 2291 290 2311 me
324 2281 409 2311 sorte
444 2292 508 2312 non
545 2281 611 2313 vult
646 2294 785 2324 pascere
813 2284 917 2316 Deus.
964 2285 1073 2317 David

100 2322 267 2352 restitutus
291 2329 340 2354 est
363 2325 404 2354 ab
429 2323 541 2362 exilio,
572 2327 631 2357 sed
662 2338 713 2358 me
735 2326 889 2358 fortassis
912 2339 979 2359 000
1003 2327 1074 2360 vult

98 2362 190 2394 Deus
223 2363 365 2396 liberare
399 2377 440 2397 ex
473 2368 553 2399 meis
582 2367 833 2401 calamitatibus.
890 2371 980 2402 Haec
1023 2378 1073 2402 est

99 2407 279 2438 communis
303 2410 455 2447 tentatio,
485 2418 600 2443 contra
622 2423 720 2454 quam
745 2413 912 2445 consolari
935 2424 997 2445 nos
1021 2415 1071 2445 de-

99 2449 176 2479 bent
198 2450 347 2491 exempla
374 2451 622 2492 miraculorum,
652 2466 736 2497 quae
765 2458 943 2488 ostendunt
973 2458 1072 2489 nemi-

96 2501 169 2522 nem
201 2491 443 2542 confugientem
476 2497 519 2527 011
544 2495 720 2537 Christum,
751 2505 784 2530 et
813 2506 977 2541 petentem
1002 2501 1071 2532 eius

97 2544 192 2574 opem
223 2546 254 2566 10
284 2547 479 2579 quacunque
507 2542 724 2579 necessitate,
754 2543 923 2584 repulsum
951 2542 1070 2575 fuisse:

96 2577 155 2608 sed
178 2585 332 2619 receptos
355 2586 387 2611 et
409 2581 538 2613 adiutos
561 2582 677 2623 fuisse,
701 2592 863 2627 quotquot
877 2586 940 2617 fide
959 2593 1072 2627 postu-

95 2617 203 2652 larunt
225 2622 330 2663 ipsius
355 2623 524 2656 beneficia.

776 171 992 203 POSTILLA
1018 170 1420 203 MELANTHONJANA.

2045 172 2109 205 214

1214 265 1390 297 Discamus
1420 265 1521 307 igitur
1550 264 1658 296 Deum
1694 275 1759 297 non
1794 276 1870 296 esse
1899 271 2110 306 acceptorem

1128 318 1366 349 personarum,
1400 308 1644 339 exsuscitemus
1676 319 1739 339 nos
1780 319 1912 350 quoquc
1946 309 2044 340 fidem
2078 310 2111 340 in

1127 351 1236 389 nobis,
1267 352 1451 393 cogitemus
1481 352 1736 393 promissionem
1766 350 2005 383 universalem:
2060 353 2110 384 Ve-

1126 398 1190 426 nite
1212 397 1256 426 acl
1277 405 1327 427 me
1349 405 1476 427 omnes:
1499 401 1649 436 petamus
1672 402 1704 426 et
1717 402 1930 436 expectemus
1945 393 2110 433 auxilium,

1126 437 1288 469 luctemur
1311 449 1386 469 cum
1410 438 1619 470 dubitatione.
1667 438 1856 470 Statuamus
1881 438 1921 468 ad
1946 448 2007 468 1105
2032 448 2112 479 quo-

1127 491 1189 522 que
1214 482 1377 522 pertinere
1395 482 1632 523 promissiones
1651 480 1876 523 universales,
1895 480 2110 512 confirmatas

1127 530 1175 555 tot
1209 523 1385 565 exemplis,
1420 524 1684 562 testificantibus,
1718 525 1808 566 quod
1843 523 1923 555 velit
1958 523 2111 555 Christus

1128 566 1327 599 benefacere
1351 566 1618 609 confugientibus
1641 568 1683 598 ad
1702 577 1750 598 se.
1786 567 1853 599 Sed
1877 567 1989 599 obiicit
2012 568 2111 599 ratio:

1217 627 1308 660 Dens
1331 638 1394 659 non
1417 629 1474 659 dat
1494 631 1673 668 aequaliter
1695 629 1838 659 omnibus
1856 629 1938 659 bona
1960 638 2111 668 corpora-

1257 672 1359 703 rale'a:
1388 676 1423 702 uc
1444 673 1615 702 ostendant
1639 673 1809 709 miseriae,
1836 673 1952 705 morbi,
1984 676 2113 710 eyestas

1258 717 1428 746 multorum
1447 718 1543 746 etiam
1562 715 1595 745 in
1618 717 1690 754 ipsa
1713 715 1874 746 Ecclesia:

1216 758 1301 796 Eryo
1325 761 1555 798 promissiones
1580 762 1611 789 ec
1637 760 1787 798 exempla
1814 759 1942 789 illarum
1974 760 2113 797 promis-

1259 804 1385 832 sionum
1408 811 1472 832 non
1493 804 1658 841 pertinent
1681 802 1726 832 acl
1747 810 1863 832 omnes.

1217 868 1428 910 Respondeo.
1479 869 1623 900 Primum
1656 869 1897 900 discernendae
1930 875 2005 899 sunt
2038 879 2113 910 pro-

1130 912 1316 950 missiones,
1342 922 1478 954 qua-rum
1502 912 1588 943 aliae
1611 918 1688 943 sunt
1710 910 1914 952 spirituales,
1936 911 2022 943 aliae
2041 921 2113 942 cor-

1129 954 1275 996 porales.
1321 955 1414 990 Quae
1437 961 1489 986 est
1512 956 1687 996 promissio
1716 954 1917 995 spiritualis?
1963 954 2113 996 Respon-

1130 998 1203 1029 deo.
1235 997 1423 1039 Spiritualis
1446 999 1622 1040 promissio
1646 998 1873 1040 principaliter
1897 1005 1948 1030 est
1971 998 2112 1039 promis-

1130 1042 1180 1072 sio
1216 1040 1495 1073 reconciliationis
1534 1047 1565 1072 ct
1599 1042 1725 1083 gratiae
1759 1048 1791 1073 et
1826 1042 1912 1072 vitae
1945 1047 2112 1073 aeternae.

1130 1084 1220 1116 Haec
1244 1086 1420 1125 promissio
1445 1083 1628 1126 aequaliter
1652 1086 1804 1116 omnibus
1828 1084 1923 1116 offert
1947 1084 2113 1116 remissio-

1130 1138 1203 1159 nem
1228 1134 1452 1168 peccatorum,
1476 1134 1507 1159 et
1532 1135 1664 1160 caetera
1689 1130 1776 1160 bona
1798 1133 1952 1165 aeterna,
1975 1137 2006 1158 et
2029 1128 2114 1159 haec

1101 1207 1103 1210 Α
1131 1172 1306 1212 promissio
1338 1177 1388 1201 est
1417 1182 1493 1202 rara
1527 1177 1557 1202 et
1594 1171 1685 1202 firma
1721 1173 1791 1201 51110
1827 1170 1892 1202 ulla
1923 1171 2113 1202 conditione

1132 1220 1267 1245 nostrae
1303 1215 1488 1255 dignitatis,
1523 1221 1555 1245 et
1588 1220 1639 1245 est
1674 1221 1844 1245 aeternum
1878 1220 1911 1245 et
1946 1215 2113 1245 immotum

1130 1258 1318 1288 mandatum
1342 1256 1424 1295 Dei,
1449 1263 1484 1288 ut
1507 1263 1646 1299 agentes
1674 1258 1908 1298 poenitentiam
1940 1258 2115 1288 credamus

1132 1310 1193 1330 1105
1223 1300 1323 1340 recipi
1347 1305 1379 1330 et
1410 1300 1527 1330 remitti
1556 1300 1652 1331 nobis
1687 1306 1836 1341 peccata.
1890 1298 2018 1342 Singuli
2047 1306 2114 1331 sta-

1132 1349 1224 1374 tuere
1248 1343 1385 1381 debent,
1408 1343 1471 1374 sibi
1496 1343 1672 1374 conversis
1696 1345 1738 1375 ad
1761 1343 1882 1382 Deum,
1906 1343 1977 1375 dari
2000 1343 2114 1374 remis-

1131 1386 1257 1417 sionem
1282 1391 1505 1426 peccatorum.

1218 1428 1291 1460 Hoc
1314 1429 1541 1461 necessarium
1565 1434 1597 1461 et
1619 1439 1780 1461 summum
1796 1430 1917 1461 bonum
1934 1428 2115 1471 aequaliter

1132 1471 1267 1504 offertur
1291 1473 1456 1510 omnibus,
1480 1479 1514 1504 et
1537 1474 1634 1504 datur
1658 1474 1823 1505 universis
1846 1483 1886 1504 00
1901 1472 2042 1515 singulis
2060 1482 2115 1504 ac-

1132 1515 1328 1556 cipientibus
1352 1516 1435 1552 1111ος
1469 1516 1555 1547 sicut
1579 1522 1744 1548 testantur
1767 1517 1852 1548 haec
1875 1516 1961 1547 dicta
1984 1516 2114 1548 univer-

1131 1559 1231 1590 salia:
1263 1560 1391 1591 lustitia
1411 1561 1474 1591 Dei
1495 1563 1659 1592 revelatur
1687 1564 1721 1591 in
1743 1562 1913 1600 annaelio
1937 1563 1970 1591 m
1992 1569 2113 1597 omnes,

1131 1607 1164 1634 et
1177 1612 1276 1642 super
1293 1612 1411 1642 omnes,
1435 1607 1488 1642 que¹
1501 1605 1644 1643 credant,
1662 1602 1799 1635 Roman.
1814 1604 1844 1635 3.
1880 1603 1976 1635 Item:
2005 1605 2115 1636 Omnis

1131 1649 1185 1685 qui
1208 1649 1402 1678 invocaverat
1421 1656 1533 1678 nomen
1563 1648 1701 1684 Dmm'm’,
1734 1649 1842 1679 salvas
1865 1651 1934 1679 eric.
1985 1647 2027 1678 Et
2049 1646 2115 1678 hoc

1131 1694 1182 1719 est
1206 1694 1375 1719 aeternum
1399 1694 1644 1727 testamentum,
1679 1690 1767 1730 quod
1802 1700 1963 1730 perpetuo
1997 1696 2049 1722 est
2083 1697 2114 1722 et

1132 1738 1240 1762 manet
1263 1738 1385 1768 ratum,
1415 1732 1515 1762 etiam
1538 1733 1671 1762 amissis
1696 1733 1849 1764 omnibus
1875 1734 1970 1764 bonis
1995 1743 2112 1774 corpo-

1131 1773 1272 1811 milibus:
1319 1774 1404 1804 sicut
1439 1774 1547 1806 David
1586 1776 1704 1806 retinet
1738 1775 1824 1808 hanc
1858 1776 2113 1817 promissionem

1131 1818 1276 1857 gratiae:
1315 1818 1490 1848 Transtulit}
1513 1820 1668 1850 Domitms
1701 1829 1722 1849 a
1755 1824 1785 1850 te
1810 1825 1978 1859 peccatum
2007 1824 2111 1861 laam;

1131 1865 1163 1889 et
1186 1870 1226 1890 ea
1248 1865 1413 1890 sustentat
1439 1869 1476 1890 50
1499 1861 1531 1891 111
1554 1859 1650 1891 exilio
1675 1868 1707 1891 et
1730 1863 1761 1892 iu
1784 1863 1921 1893 summis
1947 1862 2110 1904 periculis.

1131 1902 1187 1932 Sic
1210 1908 1242 1932 et
1265 1901 1322 1932 lob
1348 1902 1466 1943 inquit:
1492 1905 1628 1935 Etiamsi
1648 1906 1801 1936 oceitlere't
1824 1916 1887 1944 me,
1911 1911 2016 1938 lamen
2040 1917 2110 1947 spe-

1130 1947 1208 1976 rabo
1231 1948 1261 1976 ίη
1286 1955 1339 1977 eo:
1373 1946 1405 1975 id
1429 1952 1499 1983 cst,
1529 1947 1677 1978 retinebo
1701 1947 1797 1979 fidem
1821 1949 2110 1988 reconciliationis,

1130 1994 1162 2018 et
1196 1988 1334 2028 gratiae,
1367 1994 1399 2019 et
1433 1998 1524 2030 spem
1550 1990 1637 2021 vitae
1661 1998 1834 2029 aeternae,
1865 1993 1993 2024 etiamsi
2015 1994 2106 2025 amit-

1130 2031 1228 2061 tenda
1252 2031 1294 2061 sit
1317 2030 1401 2062 hacc
1423 2033 1490 2063 vita
1515 2032 1710 2074 corporalis.

1216 2073 1288 2104 Hoc
1322 2080 1373 2105 est
1406 2084 1487 2116 ergo
1523 2077 1659 2116 primum
1700 2086 1807 2118 genus
1842 2079 2109 2118 promissionum,

1128 2126 1212 2157 quac
1235 2118 1368 2158 proprie
1393 2119 1601 2150 nominantur
1626 2119 1860 2161 Evangebcae,
1891 2127 1922 2152 et
1946 2123 2024 2153 novi
2046 2121 2108 2154 Te-

1126 2161 1288 2191 stamenti.

1214 2202 1335 2234 Postea
1362 2201 1451 2234 aliud
1480 2210 1531 2235 est
1554 2215 1660 2246 genus
1684 2206 1954 2247 promissionum,
1978 2206 2107 2239 scilicet

1127 2245 1167 2276 de
1192 2246 1287 2276 bonis
1311 2246 1562 2287 temporalibus:
1599 2248 1670 2280 Hae
1695 2256 1772 2280 sunt
1794 2248 1934 2291 legales,
1969 2256 2001 2282 et
2029 2258 2106 2282 sunt

1125 2298 1254 2319 merces
1277 2299 1338 2320 seu
1361 2291 1507 2330 praemia
1533 2292 1692 2323 bonorum
1716 2303 1863 2333 operum.

1212 2331 1334 2363 Harum
1359 2333 1564 2365 conditiones
1589 2340 1684 2373 sunt,
1720 2336 1807 2376 quod
1831 2334 1924 2367 Deus
1953 2345 2020 2367 non
2049 2337 2105 2368 dat

1126 2374 1241 2405 eodem
1265 2375 1362 2406 modo
1386 2376 1474 2407 bona
1505 2377 1692 2418 corporalia
1725 2379 1897 2415 omnibus,
1932 2385 1964 2410 et
1994 2386 2105 2411 tamen

1126 2418 1179 2448 dat
1203 2417 1343 2459 singulis
1372 2417 1483 2460 aliqua
1508 2421 1612 2457 bona,
1648 2422 1774 2452 etiamsi
1805 2420 1929 2452 vultin
1952 2422 2002 2453 his
2026 2433 2104 2455 esse

1125 2460 1432 2500 dissimilitudinem,
1456 2463 1548 2494 iuxta
1573 2464 1695 2495 dictum
1720 2463 1924 2495 Salomonis:
1953 2467 2051 2498 Blae-s·
2073 2471 2107 2500 et

1119 2513 1247 2544 pauper
1264 2506 1411 2537 lzabz'tant
1430 2507 1536 2542 simul,
1561 2511 1592 2537 et
1607 2506 1695 2538 Deus
1715 2509 1800 2546 facit
1818 2512 1994 2548 altamque.
2023 2508 2103 2541 ltem

1123 2553 1334 2587 praestantur
1364 2547 1428 2579 hae
1450 2550 1689 2589 pr0m=ssiones
1713 2561 1787 2581 cum
1811 2552 2005 2591 exceptione
2028 2563 2101 2584 cru-

1123 2590 1170 2620 cis
1194 2596 1227 2622 et
1250 2591 1489 2632 castigationis,
1519 2598 1552 2623 et
1583 2598 1691 2623 tamen
1719 2599 1797 2624 sunt
1823 2603 1923 2625 verae
1945 2605 1987 2626 ac
2010 2602 2101 2627 ratae

1123 2633 1183 2664 toti
1206 2635 1340 2675 corpori
1363 2633 1548 2666 Ecclesiae.

1842 2695 1895 2721 14·
