2343 2970
206 149 269 181 283
846 153 955 184 l'h'lL.
981 154 1081 184 MEL.
1105 153 1291 185 semem
1319 153 1579 185 rzssx·}2(;2¹;'t'1‹⁴.·..
1818 156 1821 158 ’
2156 158 2218 188 284

208 245 375 283 trociniis,
412 252 445 276 ut
481 247 544 277 sub
580 247 776 279 Aristobulo
817 254 849 278 et
879 247 1022 277 llircano
1063 245 1186 278 sactum
1209 263 1213 274 ι
1237 248 1413 287 praecipua
1448 258 1511 286 est,
1545 250 1633 289 quod
1667 248 1867 280 horribiliter
1902 257 2061 291 vagentur
2092 261 2218 291 poenae

206 294 269 319 est.
300 288 376 319 ldeo
400 288 488 319 misit
511 290 677 329 potentius
697 290 863 330 imperium
880 289 1074 327 Romanum,
1097 290 1185 330 quod
1209 287 1214 358 Ι
1236 300 1296 330 per
1318 291 1486 329 muudum,
1506 302 1564 332 per
1583 298 1684 322 totum
1709 302 1815 333 genus
1840 293 2028 331 humanum,
2062 300 2093 325 et
2128 294 2217 335 quod

206 331 462 362 iurisdictionem
498 333 703 372 superiorem
738 332 885 363 haberet.
939 332 1092 363 Clu-istus
1127 331 1186 363 suit
1237 334 1300 364 sint
1323 344 1463 375 magnae
1477 336 1589 365 ruinae
1609 336 1818 375 imperiorum
1833 337 2217 377 omnibustemporibus:

205 375 268 405 sub
303 372 498 405 defensione
523 375 758 413 Romanorum,
793 376 825 406 in
849 375 1069 416 Capernaum.
1115 359 1213 436 SUbi
1237 382 1268 407 et
1292 377 1380 417 quod
1405 383 1513 408 tamen
1539 377 1630 408 Deus
1654 379 1715 409 sibi
1741 379 1824 410 inter
1847 378 1921 410 illas
1946 379 2058 411 ruinas
2082 378 2219 422 colligat

205 416 321 447 Tureis
345 418 457 448 durior
481 424 531 448 est
555 419 715 449 servitus:
740 420 832 460 quia,
857 419 918 449 etsi
942 417 1130 460 relinquunt
1153 419 1184 449 in
1235 425 1269 450 et
1291 426 1402 450 servet
1425 427 1592 451 aeternam
1618 420 1813 453 Ecclesiam.
1860 422 1950 454 llaec
1979 429 2030 453 cst
2056 423 2217 465 principa-

204 462 285 491 Asia
311 468 341 491 et
366 460 507 491 Graecia
531 460 701 492 Ecclesias
725 468 756 492 et
778 461 964 500 αὑιινομίαν,
998 468 1106 492 tamen
1131 460 1185 492 illa
1235 461 1276 493 lis
1301 465 1437 494 materia
1460 464 1556 494 huius
1581 465 1764 495 concionis.
1804 464 2067 497 commonefacit
2090 476 2152 497 nos
2176 466 2218 498 de

205 504 337 534 miseria
361 504 504 540 accedit,
541 505 628 545 quod
657 503 783 546 eligunt
807 515 847 535 ex
873 505 1116 535 honestissimis
1139 504 1184 535 sa-
1235 504 1312 543 illis,
1347 517 1431 548 quae
1468 507 1548 538 liunt
1584 508 1614 538 in
1650 517 1773 549 genere
1796 507 1951 547 humano,
1988 519 2072 550 quae
2095 507 2218 540 multos

204 545 300 577 miliis
335 547 490 583 iuvenes,
525 552 555 578 et
590 553 723 578 utuntur
756 547 821 578 illis
856 549 898 579 ad
921 548 1077 578 militiam.
1124 547 1184 578 Est
1235 556 1378 587 movent,
1413 556 1446 580 ut
1470 556 1579 590 putent
1603 550 1668 581 nihi
1692 561 1769 581 esse
1788 550 1984 590 Esclesiam,
2008 551 2087 583 nihil
2111 552 2218 593 provi-

204 589 424 631 significatum
455 588 575 630 aliquid
611 591 651 621 de
686 591 826 622 miseriis
858 592 994 622 extremi
1026 592 1182 631 temporis
1209 618 1210 622 ,
1235 592 1395 623 dentiam:
1421 594 1499 634 quia
1534 600 1643 634 putant
1671 592 1761 625 lesse
1789 594 1886 625 valde
1921 596 2119 632 absurdum,
2152 600 2218 627 tam

204 634 235 663 in
259 639 347 663 statu
372 631 503 673 politiae
532 632 700 664 Mosaicae
724 640 801 665 ante
823 635 1002 665 adventum
1026 633 1182 665 Messiac.
1234 645 1385 676 magnam
1421 644 1546 676 partem
1581 638 1715 678 generis
1750 636 1881 668 humani
1917 644 1981 668 tam
2017 637 2218 669 horribiliter

205 675 246 706 Ut
280 675 388 706 ludaei
422 682 499 706 tunc
528 676 659 708 suerunt
690 678 720 707 in
752 678 911 708 servitute
935 677 1099 709 Romana:
1134 678 1183 708 sic
1234 680 1349 718 perire.
1398 681 1534 719 oportet
1560 687 1671 711 autem
1694 690 1756 711 nos
1781 691 1856 711 esse
1882 682 1965 712 bene
1995 682 2155 719 munitos,
2182 688 2218 712 ut

203 719 267 749 ista
308 719 417 749 mundi
457 726 593 751 senecta
634 721 694 751 erit
729 721 760 751 in
791 722 951 752 servitute
991 720 1182 752 'furcarum
1234 727 1433 759 statuamus,
1456 724 1589 764 quando
1622 723 1701 754 fiunt
1724 721 1803 754 talia
1826 722 2021 764 spectacula
2057 724 2218 755 ruentium

204 761 323 792 Graeci
338 762 464 793 Tui-cas
490 762 549 802 ipsi
574 764 605 794 in
620 762 795 794 Graeciam
818 769 1041 795 attraxerunt:
1065 770 1183 805 postea
1233 775 1342 795 rerum
1373 766 1403 795 in
1439 776 1562 807 genere
1594 765 1755 803 humanog
1790 773 1898 798 tamen
1933 767 2057 798 interea
2090 767 2216 798 servari

204 803 327 846 Ungari
365 806 396 835 in
433 804 622 847 Ungariam.
679 806 735 838 Sic
772 807 934 838 llircanas
976 805 1051 838 olim
1087 807 1184 838 traxit
1234 807 1431 839 Ecclesiam.

205 847 394 888 Pompeium
418 849 448 879 in
474 849 639 887 Iudaeam,
675 858 808 891 propter
842 851 1085 882 dissensionem
1110 860 1183 881 cum
1325 850 1467 882 Pertinet
1491 853 1589 893 igitur
1614 854 1696 883 haec
1720 854 1837 884 concio
1861 853 1902 884 ad
1927 852 2101 884 articulum
2124 852 2217 884 fidei:

205 890 406 922 Aristobulo.
1238 893 1341 923 Credo
1376 894 1548 924 Ecclesiam
1584 895 1792 931 Cut1'10licam,
1838 902 1869 926 et
1914 896 2014 926 credo
2049 896 2135 927 hanc
2159 895 2218 926 Ec-

1236 936 1370 968 clesiam
1423 948 1500 969 esse
1545 939 1641 970 istum
1691 950 1827 980 parvum
1875 945 2027 976 coetum,
2078 940 2110 969 in
2151 948 2217 980 quo

1234 986 1331 1011 sonat
1378 991 1441 1011 vox
1486 981 1681 1023 Evangelii,
1738 983 1792 1023 qui
1843 992 1974 1022 semper
2030 988 2081 1013 est
2125 991 2218 1022 spre-

1234 1028 1299 1059 tus,
1346 1023 1585 1061 conculcatus,
1631 1024 1852 1062 miserabilis,
1887 1034 1955 1056 non
1995 1023 2218 1097 consererfllus

746 1090 754 1100 ,
910 1091 918 1102 ‹
935 1091 943 1101 ,
995 1090 1003 1102 ,
1043 1090 1058 1100 ,,
1234 1067 1275 1097 ad
1301 1065 1389 1097 illam
1414 1067 1652 1098 multitudinem
1676 1068 1707 1098 iu
1734 1077 1856 1098 ‹renere
1886 1067 2046 1105 humano,
2076 1073 2108 1098 et
2130 1068 2138 1097 i
2168 1077 2220 1098 am

307 1088 525 1120 DOMINICA
575 1089 613 1120 Χ·
661 1090 772 1122 POST
815 1090 1071 1122 TlerAHb·
1236 1108 1376 1150 gloriam
1407 1110 1629 1151 imperiorum.
1676 1091 1766 1141 Hagc
1791 1109 1925 1142 collatio
1960 1117 2010 1141 est
2045 1119 2146 1151 saepe
2169 1119 2219 1141 re·

1235 1152 1335 1193 petita
1370 1154 1400 1182 in
1426 1154 1608 1194 Scriptura.
1655 1153 1703 1184 lta
1737 1154 1822 1184 euim
1856 1154 1961 1195 inquit
1990 1154 2094 1184 Amos
2131 1156 2217 1194 Ιοεψ.

1236 1194 1326 1233 ult.1:
1362 1195 1444 1225 Eece
1478 1197 1562 1225 omli
1590 1196 1721 1227 Dmm'ui
1753 1207 1845 1236 super
1867 1207 1993 1236 reynum
2020 1206 2167 1236 peccans,
2190 1199 2220 1224 et

1235 1237 1343 1267 “silebo
1367 1241 1466 1278 I'Ilsulll
1489 1251 1581 1278 snper
1601 1242 1716 1278 fuel-8711
1748 1244 1863 1269 terrae:
1882 1244 2077 1269 veruntamen
2100 1239 2221 1268 domum

1235 1282 1332 1311 Iacob
1354 1293 1415 1311 non
1439 1287 1605 1316 conteram,
1629 1287 1674 1313 set
1698 1285 1872 1313 concutiam
1895 1283 1975 1312 velut
1997 1284 2029 1312 ιίι
2053 1282 2166 1316 cribro,
2190 1285 2220 1311 et

1235 1336 1363 1364 ymnum
1409 1336 1471 1354 non
1519 1327 1611 1356 cadet
1656 1328 1688 1355 in
1723 1331 1846 1356 terram.
1905 1326 2024 1356 Gladio
2053 1327 2221 1354 morientur

465 1397 470 1403 ,
600 1396 607 1403 ,
698 1397 705 1404 ‚
769 1398 775 1404 ‚
949 1398 956 1404 ‚
1236 1379 1338 1397 omnes
1355 1373 1540 1408 peccatores
1560 1370 1674 1409 populi
1699 1371 1757 1407 tui,
1787 1371 1840 1409 qui
1868 1370 1988 1403 dicunt,
2017 1379 2078 1398 non
2100 1369 2221 1398 vem‘ent

292 1395 428 1445 Quare
461 1403 536 1436 ista
569 1398 733 1437 historia
766 1412 845 1437 iam
879 1398 1092 1438 refutatur?
1236 1412 1358 1450 malum,
1381 1418 1443 1442 etc.
1490 1412 1555 1444 {ste
1579 1419 1687 1444 textus
1713 1419 1764 1443 est
1787 1423 1914 1444 summa
1944 1411 2060 1443 harum
2084 1412 2220 1443 concio-

1237 1465 1325 1485 num.
1376 1455 1514 1493 [tequam
1534 1467 1684 1495 peccans,
1719 1456 1750 1487 id
1774 1463 1836 1494 est,
1859 1466 1996 1497 regnum
2020 1455 2221 1492 damnatum,

291 1494 359 1526 Etsi
379 1505 444 1527 non
460 1505 590 1537 semper
614 1497 823 1538 quaerendae
836 1503 913 1528 sunt
933 1507 1086 1534 caussae,
1108 1507 1184 1538 pro·
1236 1497 1414 1535 abiectum,
1437 1509 1527 1529 reum
1542 1505 1742 1537 conteretur,
1768 1498 1931 1530 delebitur
1953 1509 1972 1529 a
1991 1496 2076 1529 facie
2100 1504 2220 1529 terrae.

201 1543 273 1578 pter
301 1549 385 1580 quas
420 1540 605 1571 distributio
639 1538 816 1572 lectionum
839 1539 1116 1582 Evangeliearum
1139 1540 1184 1570 ita
1237 1540 1291 1568 leh
1310 1540 1377 1569 wils
1399 1541 1518 1579 ln‘nwey
1545 1552 1673 1571 remum.
1735 1542 1800 1573 Sed
1825 1542 1945 1571 (Ιοηηιιιι
1968 1541 2076 1579 Iacob,
2100 1541 2132 1572 id
2156 1547 2220 1578 est,

202 1581 267 1612 ista
289 1582 434 1613 instituta
455 1584 511 1613 sit:
542 1589 651 1614 tamen
676 1584 837 1614 interdum
865 1582 998 1615 {uerunt
1029 1594 1182 1621 caussae,
1236 1582 1421 1614 Ecclesiam
1441 1594 1507 1615 non
1532 1583 1650 1615 delebo
1673 1585 1816 1626 penita&
1841 1585 1901 1615 sed
1915 1584 2118 1615 concutiam:
2143 1584 2221 1625 quia

201 1634 286 1665 quac
309 1632 481 1657 moverunt
505 1624 591 1664 illos,
612 1627 666 1668 qui
689 1633 844 1658 auctores
867 1634 943 1658 sunt
956 1627 1054 1658 huius
1077 1627 1184 1657 distri-
1236 1627 1370 1667 punitur
1392 1628 1489 1658 etiam
1514 1626 1689 1659 Ecclesia:
1713 1634 1877 1669 vagantur
1890 1626 2013 1658 multae
2025 1633 2057 1657 et
2079 1635 2221 1667 magnae

201 1667 358 1705 butionis,
384 1668 539 1700 curaliis
562 1676 660 1711 atque
694 1669 766 1700 aliis
790 1671 992 1711 temporibus
1028 1680 1183 1710 excerpe-
1237 1668 1443 1700 calamitates
1476 1681 1534 1711 per
1555 1670 1750 1702 Ecclesiam.
1797 1670 1933 1699 Granum
1966 1680 2027 1699 non
2061 1669 2154 1698 vadet
2187 1670 2221 1698 in

201 1717 273 1741 rent
308 1710 416 1749 hanc,
442 1711 493 1743 vel
527 1711 616 1743 illam
651 1719 788 1754 partem.
841 1713 1050 1755 Respondeo.
1099 1712 1183 1748 Quia
1236 1716 1364 1741 terram:
1389 1713 1420 1742 id
1445 1720 1507 1750 est,
1531 1715 1751 1744 servabuntur
1774 1721 1883 1744 tamen
1906 1723 2030 1754 grana,
2058 1714 2107 1742 ein
2129 1712 2220 1750 lieuff-

201 1754 289 1785 cirea
313 1753 377 1785 boc
407 1761 536 1796 tempus
572 1762 710 1791 vastata,
745 1762 795 1787 est
828 1755 1071 1798 Hierosolyma.
1117 1755 1181 1786 Die
1235 1755 1296 1784 lein
1318 1755 1380 1784 soll
1396 1756 1528 1790 bleibcn,
1552 1757 1611 1785 das
1635 1757 1691 1786 der
1713 1756 1816 1786 rerhle
1838 1767 1940 1786 samen
1970 1766 2032 1796 sey.
2079 1756 2121 1785 Et
2150 1754 2220 1794 yla-

200 1796 366 1828 Laurentii
390 1798 545 1840 templum
568 1800 740 1830 incensum
765 1806 815 1831 est
838 1810 858 1830 a
885 1799 1054 1838 militibus,
1085 1800 1181 1830 etiam
1235 1799 1289 1827 dio
1311 1799 1482 1837 perdentur
1505 1811 1606 1829 omnes
1629 1802 1682 1839 qui
1705 1800 1829 1829 dimon:
1862 1800 1895 1830 id
1919 1805 1980 1837 est,
2015 1799 2076 1830 erit
2099 1800 2219 1839 ingens

199 1839 332 1871 nolente
354 1841 446 1878 Tito3
475 1843 550 1883 quia
584 1844 697 1874 aderat
722 1844 783 1874 iam
818 1843 892 1873 finis
916 1844 1010 1874 istius
1034 1841 1179 1884 politiae.
1234 1841 1407 1873 multitudo
1442 1853 1636 1874 securorum
1681 1843 1848 1874 hominum
1889 1843 1921 1873 in
1951 1843 2022 1882 ipsa
2055 1840 2220 1878 Ecclesia,

200 1882 263 1918 Qui
288 1894 368 1925 ergo
400 1885 591 1917 ordinarunt
622 1886 707 1918 hanc
737 1886 923 1924 let-tionem,
952 1893 987 1917 ut
1017 1886 1081 1917 hoc
1104 1892 1181 1917 tem-
1234 1895 1319 1926 quae
1343 1887 1521 1917 contemnit
1544 1896 1683 1927 poenas,
1706 1885 1751 1917 illi
1777 1886 1888 1927 gladio
1912 1885 2075 1926 peribunt.
2106 1884 2220 1916 Locus

199 1936 281 1967 pore
305 1927 502 1967 declaretur,
537 1928 712 1960 voluerunt
747 1931 921 1963 deducere,
957 1929 1103 1961 lectoras
1139 1929 1180 1960 ad
1205 1928 1210 1985 ι
1235 1935 1286 1959 est
1320 1929 1351 1959 in
1387 1930 1494 1970 eapite
1523 1930 1637 1961 ultimo
1673 1931 1787 1960 Amos.
1832 1927 1932 1960 Tales
1971 1926 2109 1969 regulae
2142 1934 2220 1959 sunt

200 1970 498 2002 considerationem
534 1973 706 2004 historiae:
731 1972 897 2011 videlicet,
933 1975 1020 2015 quod
1055 1983 1095 2005 eo
1130 1973 1182 2002 die
1236 1971 1333 2003 valde
1356 1971 1488 2004 multae.
2185 1972 2191 1981 ”

199 2012 356 2054 templum
381 2014 615 2047 inflammatum
650 2017 705 2047 sit:
741 2017 828 2047 sicut
856 2023 933 2048 ante
963 2027 1070 2048 annos
1104 2016 1180 2053 617,
1322 2015 1355 2045 ln
1387 2015 1486 2047 Esaia
1518 2024 1583 2046 est:
1615 2015 1911 2045 Consumnmtionem
1936 2015 2036 2052 faeie!
2066 2014 2220 2044 Dominus

200 2066 273 2087 cum
315 2057 483 2088 obsideret
522 2060 635 2090 urbem
670 2060 995 2097 Nabucluntonozor,
1041 2060 1180 2091 eundem
1233 2061 1386 2097 Μίαν-ιι,-
1421 2060 1453 2089 id
1488 2065 1551 2095 est,
1586 2058 1791 2099 praefinitam
1822 2058 2152 2095 consummationem,
2186 2062 2220 2089 et

199 2099 284 2130 diem
313 2101 462 2131 scribunt
496 2100 601 2132 fuisse
634 2102 766 2134 {ataleni
802 2102 933 2144 templo.
979 2103 1039 2134 Est
1072 2109 1180 2134 autem
1234 2103 1409 2133 exundabit
1435 2103 1565 2132 iustitia.
1613 2101 1704 2132 Deus
1719 2100 1804 2132 delet
1829 2111 1942 2142 regna,
1967 2107 1997 2131 et
2022 2101 2147 2131 interca
2171 2106 2218 2131 ta-

199 2141 287 2173 illius
311 2144 403 2174 urbis
429 2154 528 2175 casus
552 2144 682 2177 illustre
706 2145 889 2188 exemplum
918 2148 1095 2178 universae
1119 2146 1180 2178 Ec·
1234 2156 1308 2176 men
1333 2143 1458 2186 colligit
1482 2143 1680 2175 Ecclesiam.
1726 2144 1817 2182 ltem,
1848 2144 1920 2173 Erit
1944 2148 1977 2173 ut
1999 2145 2031 2172 in
2064 2143 2219 2173 vindemia

200 2185 323 2217 cle-siae
346 2187 497 2218 omnibus
521 2190 734 2229 temporibus.
1234 2188 1350 2223 sterili,
1375 2188 1499 2227 qu‘ando
1523 2189 1750 2217 inveniturnna
1775 2191 1867 2227 atque
1895 2187 1996 2216 altera
2014 2197 2082 2221 uva,
2118 2191 2148 2216 et
2171 2187 2207 2216 [Ii

285 2229 320 2260 ¹¹¹
343 2236 435 2262 textu
453 2232 584 2271 ponitur
597 2231 799 2263 vocabulum
818 2233 958 2275 χάρακαζὶ
982 2234 1068 2269 Quid
1080 2233 1181 2274 signi-
1205 2240 1211 2258 ι
1235 2235 1330 2266 retur,
1356 2231 1542 2260 Benedictio
1578 2231 1714 2259 Dmm'm'.
1761 2230 1854 2261 Deus
1885 2236 1997 2262 servat
2031 2229 2096 2260 hoc
2119 2230 2217 2262 modo

199 2271 277 2303 ficat
299 2273 417 2315 stipa-E?
442 2273 590 2306 Vallum:
616 2286 679 2306 non
704 2275 869 2317 significat
888 2288 1046 2319 aggerem
1078 2269 1181 2317 χῶμαε
1205 2262 1211 2650 Ι
1235 2274 1432 2312 Ecclesiam,
1456 2275 1541 2305 sicut
1567 2275 1699 2315 quaiido
1729 2272 1831 2305 sterili
1851 2280 2013 2314 tempore,
2050 2273 2103 2303 ubi
2140 2283 2217 2314 pau-

431 1166 697 1209 Evangelium
730 1168 864 1200 Lucae
895 1169 950 1200 19.

205 1252 245 1282 Et
269 1265 333 1283 eum
357 1256 634 1294 appropinquaret,
660 1255 766 1284 videas
789 1256 953 1289 civitatem,
983 1257 1068 1294 flevit
1091 1266 1183 1295 super

597 1298 701 1335 illam,
720 1305 783 1329 etc.

200 2315 259 2345 sed
282 2325 383 2358 saepe
407 2319 611 2350 ctneanm:
637 2325 666 2349 et
683 2310 812 2360 quidem
827 2318 913 2350 illam
928 2331 1075 2361 saepem,
1099 2332 1183 2361 quae
1236 2328 1294 2349 cae
1317 2328 1402 2349 uvae
1425 2318 1642 2358 proveniunt,
1666 2317 1816 2348 homines
1840 2323 1949 2347 tamen
1973 2315 2069 2347 valde
2093 2314 2217 2348 laetan-

1234 2370 1288 2394 tur
1310 2367 1493 2403 proveantu
1517 2359 1644 2391 illarum
1675 2371 1856 2401 pauverum
1880 2370 2027 2391 uvarum.
2074 2358 2120 2390 lta
2144 2358 2218 2391 reli-

1236 2416 1320 2448 quae
1343 2411 1439 2436 erunt
1472 2414 1598 2444 paucae
1620 2414 1729 2441 uvae,
1765 2409 1897 2436 caetera
1919 2403 2082 2443 peribunt.
2127 2402 2216 2434 Scia-

1235 2460 1307 2482 mus
1340 2448 1439 2490 igitur
1462 2447 1569 2479 Deum
1603 2453 1813 2478 servaturum
1847 2455 1924 2479 esse
1947 2443 2146 2483 Ecclesiam,
2168 2451 2217 2477 ut-

1235 2502 1366 2533 cunque
1388 2501 1517 2532 poenae
1542 2497 1706 2532 vagentur
1739 2490 1770 2520 in
1813 2498 1936 2530 genere
1975 2488 2142 2526 humano,
2185 2494 2219 2521 et

1236 2534 1446 2568 consolemur
1459 2544 1521 2565 nos
1544 2534 1608 2565 isto
1637 2531 1777 2564 articulo
1801 2533 1892 2565 fidei:
1918 2531 2021 2561 Credo
2044 2530 2218 2562 Ecclesiam

1233 2581 1394 2616 Sanctam,
1430 2585 1493 2610 etc.
1538 2582 1571 2607 et
1605 2578 1768 2608 addamus
1802 2576 2046 2618 precationemz
2071 2575 2217 2606 Acterne

1234 2630 1328 2666 pater
1350 2620 1484 2654 Domini
1502 2621 1607 2653 nostri
1621 2620 1694 2652 lesu
1717 2619 1864 2658 Christi,
1885 2629 1985 2651 serva
2007 2625 2143 2660 propter
2164 2619 2217 2650 Fi-

200 2364 269 2389 erat
299 2362 533 2392 munimentum
566 2369 764 2401 castrorum,
798 2363 882 2393 intra
916 2374 1013 2404 quam
1047 2374 1183 2406 saepem

200 2407 293 2432 erant
317 2409 427 2435 castra
451 2404 597 2436 militum.
643 2404 718 2436 Non
753 2411 803 2437 est
827 2406 1022 2445 aediticium,
1052 2417 1091 2437 ex
1117 2418 1182 2448 quo

200 2442 288 2475 facta
322 2447 363 2477 sit
393 2449 596 2490 oppugnatio
632 2449 776 2485 urbium3
811 2449 869 2479 sed
905 2448 963 2480 fuit
991 2449 1184 2490 simpliciter

201 2497 320 2528 saepes
345 2497 542 2522 castrorum.
574 2491 621 2522 lta
645 2493 740 2532 spina
763 2492 853 2523 dorsi
878 2503 1011 2533 quoque
1040 2496 1182 2525 nomina-

199 2535 252 2560 tur
273 2533 390 2572 χῐὶραξ,
415 2535 491 2575 quia
514 2540 566 2565 est
589 2535 682 2576 quasi
708 2535 1125 2577 saepimentumeorpoiis‚
1148 2543 1184 2569 ut

199 2573 242 2603 ita
264 2575 382 2606 dicam.

286 2617 363 2659 {psa
385 2626 494 2652 autem
518 2621 637 2653 concio
660 2621 807 2653 continet
829 2620 950 2653 multas
971 2628 1101 2662 partes:
1125 2626 1195 2658 sed
