2343 2970
184 152 250 186 959
825 152 935 185 PHIL.
958 152 1062 185 MEL.
1084 151 1273 186 SCRIPTA
1294 151 1559 185 EXEGE'rch.
2137 155 2208 187 960·

185 248 291 290 prima
314 246 465 278 doctrina
488 252 521 278 et
545 246 722 290 diligenter
745 246 972 284 observanda,
1003 256 1089 287 quae
1111 247 1166 279 de·
1191 260 1195 277 ι
1280 249 1470 304 Sequitur
1501 250 1752 291 confimaffio
1785 251 1928 291 harum
1993 251 2139 293 artium

185 292 242 323 bet
273 291 396 332 opponi
429 289 631 321 diffidentiae
660 290 864 331 Epicureae,
907 295 943 320 ut
977 295 1163 322 statuamus
1191 279 1195 309 Ι
1290 294 1293 295 ’
1358 306 1360 311 ·
1963 267 1990 306 p

184 333 293 366 Deum
311 339 461 364 autorem
483 331 710 370 afflictionum,
722 342 807 374 quae
825 332 921 363 nobis
945 332 1165 373 imponuntur.
1400 316 1562 366 sumpta
1595 325 1649 350 ex
1679 311 1757 351 hoc
1791 310 2022 366 Evangeho·

272 376 309 407 ΙΙ.
354 374 564 407 Afflictiones
588 385 655 406 non
667 381 745 407 sunt
756 375 853 418 signa
870 376 956 410 irae;
978 375 1056 407 dicit
1079 376 1166 407 enim

184 419 360 452 Salomon:
385 419 484 448 Pater
508 420 647 457 cztstiqat
664 418 773 457 filium,
793 428 878 458 quem
901 418 1020 457 ditiyit.
1066 417 1165 451 Item:

186 463 250 493 Ubi
270 462 421 492 habitavit
444 461 620 493 Dominus?
643 462 675 491 in
696 462 814 501 spiritu
849 462 986 491 contrito
1018 464 1048 491 et
1070 461 1166 492 humi·

183 506 274 536 liuto.
320 505 412 536 Haec
436 505 587 536 doctrina
622 505 720 536 etiam
755 512 807 536 est
841 502 941 536 valde
963 505 1166 537 necessaria.
1191 497 1195 552 Ι
1220 492 1298 526 ‘am'

182 548 267 581 Nam
293 548 529 585 conscientiae,
553 557 626 579 cum
655 548 792 580 audiunt
820 546 1024 579 afflictiones
1046 558 1067 578 a.
1090 547 1166 579 Deo

183 591 361 633 proficisci,
385 591 496 621 statim
520 590 718 622 delabuntur
747 591 780 621 in
814 600 887 621 eam
917 590 1104 631 opinionem
1127 600 1166 622 se

182 634 291 667 aDeo
315 634 390 664 odio
414 632 542 671 haberi,
567 639 599 664 et
621 639 800 675 propterea
819 632 935 675 affligi,
955 639 986 664 et
1009 643 1048 664 se
1071 643 1166 674 pror·
1191 647 1195 676 ι

184 687 245 710 sus
270 678 420 709 abiectos
439 686 529 714 esse,
552 686 619 707 non
643 676 778 718 placere
791 676 878 715 Deo,
903 682 935 708 et
959 675 1067 719 affligi
1090 687 1167 718 pro-

181 727 255 763 pter
278 722 358 752 iram
383 720 537 751 divinam.
584 719 676 751 Haec
699 720 809 761 opinio
833 719 939 762 gignit
963 719 1166 760 desperatio-

182 773 258 795 nem
282 770 313 795 et
338 763 447 794 odium
470 762 558 801 Dei,
591 769 627 794 ut
658 763 788 794 animus
822 763 957 803 incipiat
991 763 1165 794 adversari

182 806 270 845 Deo,
293 806 406 838 odisse
430 816 505 838 eum
528 811 685 848 tanquam
708 806 864 838 iniustum
892 806 1032 837 iudicem
1061 812 1095 837 et
1118 811 1165 847 ty-

182 860 334 888 rannum,
357 849 414 891 qui
436 850 589 880 miseram
612 854 763 880 naturam
792 849 889 880 tantis
919 847 1164 880 calamitatibus

1306 401 1449 433 Primo.
1494 401 1593 437 Quod
1605 400 1758 433 Christus
1782 408 1834 433 est
1856 403 1888 434 in
1911 403 2000 442 navi,
2023 401 2201 441 manifeste

1220 443 1319 476 docet
1341 444 1556 476 affiictionem
1590 443 1681 476 illam
1713 445 1869 476 divinitus
1893 446 1940 477 eis
1964 455 2042 478 esse
2064 446 2199 487 imposi-

1322 492 1358 519 ut
1377 488 1543 520 discerent
1567 497 1640 519 eum
1659 488 1818 520 invocare
1841 494 1873 519 et
1895 499 1962 520 non
1985 488 2045 520 des
2070 498 2176 521 erare.

1305 529 1512 562 Secundo.
1559 530 1657 567 Quod
1680 530 1799 562 dormit
1811 529 1964 571 Christus
1983 531 2016 563 in
2039 532 2047 540 ⁰
2118 537 2199 564 tem-

1218 577 1360 615 pestate,
1378 580 1491 606 monet
1514 583 1588 611 nos,
1607 572 1715 605 Deum
1740 573 1872 606 differre
1890 574 2054 606 interdum
2077 572 2198 607 libere·

1218 616 1352 654 tionem,
1375 627 1438 648 nec
1462 617 1570 648 statim
1594 626 1657 648 nos
1681 618 1830 657 eripere,
1864 627 2064 659 quamquam
2097 627 2199 650 exau-

1219 659 1286 690 diat
1308 669 1428 701 preces
1451 666 1598 692 nostras.
1643 659 1835 701 Requiritur
1857 660 1956 702 igitur
1984 659 2038 691 hic
2071 660 2198 702 patien-

1218 702 1263 733 tia
1287 708 1321 733 et
1344 703 1531 744 expectatio
1553 701 1664 734 auxilii
1689 703 1801 741 divini,
1821 708 1853 733 et
1877 701 2125 745 elegantissime
2142 702 2198 735 hic

1216 746 1305 787 picta
1327 752 1380 777 est
1402 746 1594 788 imaginatio
1619 745 1857 787 cogitationum
1870 746 2096 779 humanarum,
2112 755 2199 790 quae

1218 798 1293 819 cum
1315 788 1348 820 in
1371 787 1609 827 afflictionibus
1638 798 1705 820 non
1733 789 1845 820 statim
1867 788 2057 826 audiuntur,
2080 793 2198 829 putant

1216 830 1325 881 Deum
1347 841 1488 873 prorsus
1511 832 1676 864 abiecisse
1706 842 1819 863 curam
1848 830 1991 863 illorum.
2037 830 2106 862 Sed
2124 831 2198 872 ipse

183 898 309 925 onerat.
357 892 483 924 Contra
500 892 589 923 hanc
612 892 799 933 opinionem
823 901 966 924 necesse
989 898 1042 923 est
1064 892 1164 931 scire,
1217 875 1348 913 dorm't'
1370 875 1402 906 id
1425 880 1488 912 δῖ’
1511 873 1712 916 aliquamdiu
1735 874 1841 906 differt
1864 872 2020 906 auxmum
2054 879 2085 905 δ’
2117 871 2198 906 libe·

186 936 276 978 quod
297 934 498 967 afflictiones
523 936 589 966 sint
611 936 708 977 signa
732 934 987 967 benevolentiae
1004 933 1070 966 Dei
1081 945 1164 976 erga
1216 918 1392 968 ‘nimian’
1409 924 1445 969 uf
1468 918 1649 968 habeamus
1673 918 1888 949 ⁰⁰⁰aSi⁰¹³em
1911 917 2089 968 invocandi.
2111 926 2198 956 eum’

182 989 256 1015 nos,
279 979 469 1011 revocantis
492 988 555 1009 nos
574 979 616 1010 ad
640 978 884 1020 poenitentiam,
907 988 975 1010 non
994 978 1083 1020 quod
1107 987 1163 1009 ve·
1217 965 1249 992 et
1272 961 1473 1011 qmdemJ‘a
1495 961 1627 1009 domm?
1649 967 1685 1012 ΠΡ
1706 965 1845 1011 Γοὲἃωὸ
1869 961 1910 992 ab
1935 958 2109 1011 ᾼΡοδῑοιέ
2143 970 2198 991 ex*

182 1021 220 1054 lit
241 1032 306 1054 nos
329 1022 482 1064 perdere,
506 1022 567 1053 sed
589 1022 700 1063 potius
734 1021 832 1053 fidem
866 1026 1015 1052 nostram
1045 1020 1162 1052 confir·
1214 1003 1390 1054 Pergefiq't'
1414 1004 1447 1035 ιὰ
1471 1011 1534 1042 ‘³⁸¹’
1557 1009 1619 1034 ’πει
1646 1004 1702 1054 ἂψ
1735 1002 1843 1034 d¹ffert
1876 1001 2054 1054 {mxihumf
2088 1008 2199 1035 tamen

182 1076 286 1104 mare,
310 1072 342 1097 et
364 1065 561 1096 invocantes
585 1065 735 1105 eripere,
762 1071 799 1096 ut
821 1071 941 1106 postea
964 1073 1039 1096 eum
1062 1063 1162 1106 ghri-
1215 1052 1428 1078 invocatione
1452 1053 1568 1078 nostra
1594 1046 1737 1078 flectitur
1769 1046 1813 1077 ad
1847 1046 2130 1084 misericordiam,
2165 1050 2200 1078 et

183 1108 296 1148 ficent,
319 1114 355 1140 ut
378 1109 410 1139 in
435 1106 569 1139 Psalmo
593 1108 730 1140 dicitur:
754 1107 898 1147 Eripiam
921 1111 971 1142 te,
1005 1111 1035 1137 et
1067 1107 1163 1146 ylori-
1216 1090 1325 1132 Surgit
1347 1090 1391 1120 ³⁴³
1412 1088 1585 1122 ferendum
1608 1087 1775 1121 affinium·

178 1151 289 1192 ficabis
312 1161 366 1181 me.
1303 1140 1453 1173 Tertio.
1501 1141 1599 1177 Quod
1620 1141 1759 1182 imperat
1778 1140 1886 1172 ventis
1906 1145 1939 1170 et
1951 1145 2099 1171 removet
2121 1144 2188 1172 tem

291 1196 337 1226 111,
384 1194 562 1227 Sciendum
596 1199 648 1225 est
691 1204 795 1236 qual-e
828 1194 926 1224 „obis
960 1192 1163 1225 afflictiones
1216 1189 1389 1226 pestatem‚
1408 1185 1555 1216 ostendit
1577 1194 1616 1215 se
1639 1184 1736 1215 nobis
1759 1184 1793 1214 in
1815 1182 2052 1215 afflictionibus
2064 1182 2200 1222 adesse,

182 1239 404 1279 imponantur,
426 1235 584 1269 videlicet
605 1247 674 1268 non
696 1242 733 1268 ut
754 1246 944 1278 pereamus,
968 1237 1030 1267 sed
1053 1242 1088 1268 ut
1111 1246 1163 1268 ex·
1218 1233 1250 1259 θῑ
1272 1225 1360 1259 velle
1378 1237 1442 1278 ¹10⁵,
1466 1228 1582 1278 iuvare
1595 1250 1605 1266 2
1641 1227 1669 1257 Si
1704 1232 1830 1258 tamum
1847 1227 2057 1278 ,11Νο88111115
2075 1227 2199 1277 ‚ipsum--

182 1287 337 1313 θηρείω-
360 1281 444 1312 fides
467 1285 585 1312 nostra
606 1281 709 1312 rebus
731 1279 884 1311 adversis
898 1302 906 1316 ‚
940 1280 1017 1311 item
1039 1285 1076 1311 ut
1098 1279 1165 1310 dis·
1216 1270 1322 1322 lianc·
1335 1280 1592 1322 Ps0¹¹¹¹SS¹⁰¹¹eJ¹¹
1617 1269 1791 1321 confirmat
1813 1275 1911 1301 etlam
1934 1267 2114 1320 miraculis,
2137 1279 2200 1301 ⁵⁰¹·

183 1334 299 1357 camus
333 1324 492 1356 invocare
524 1322 634 1355 Deum
667 1328 701 1354 et
733 1321 916 1356 habeamus
950 1323 1166 1355 occasionem
1217 1313 1586 1365 118811Π1Ρ8Γὸῖ,1’811ἴ1,5
1609 1318 1642 1345 et
1665 1318 1807 1352 mffl‘but
1820 1312 1952 1344 0m115¹¹0
1968 1312 2103 1344 Vfflssffllt
2125 1321 2201 1344 811111

182 1367 317 1408 petendi
338 1367 381 1398 ab
405 1376 446 1399 eo
469 1365 643 1402 auxiliun13
667 1366 787 1398 deinde
809 1372 845 1399 ut
868 1376 948 1398 caro
971 1371 1089 1397 nostra
1112 1375 1165 1397 co·
1216 1367 1319 1400 Posse
1342 1366 1375 1388 111
1398 1355 1639 1389 affllctfflfflbus
1662 1365 1758 1397 Opem
1781 1354 1881 1394 sesses
1893 1355 1993 1386 1110ἆο
2005 1365 2068 1387 ¹¹⁰⁵
2087 1354 2201 1387 creda·

183 1409 372 1448 herceatur,
390 1416 423 1442 et
445 1420 513 1441 non
536 1409 652 1441 fiamus
675 1410 807 1448 securi,
838 1410 928 1451 quod
951 1407 1038 1441 solet
1060 1409 1093 1440 in
1124 1408 1164 1441 iis
1217 1410 1290 1451 mus·
1307 1409 1390 1452 ,811111
1412 1398 1478 1432 1²⁰⁰
1501 1409 1605 1441 P0¹⁵se
1628 1405 1661 1430 0¹²
1684 1397 1782 1437 velles
1805 1404 1837 1431 et
1860 1403 2073 1439 expefflamus
2095 1399 2139 1429 ”b
2157 1399 2200 1430 0⁶

182 1451 377 1495 plerumque
400 1453 565 1491 accidere,
579 1452 635 1494 qui
658 1451 768 1484 nullas
782 1451 987 1484 calamitates
1006 1453 1163 1484 sentiunt.
1188 1420 1192 1508 ¹
1216 1442 1379 1475 auxsslum·

182 1496 268 1528 Nam
291 1501 384 1528 tanta
417 1502 469 1527 est
503 1494 712 1528 imbecillitas
746 1495 911 1528 humanae
933 1501 1096 1534 naturae,
1130 1500 1166 1527 ut
1305 1493 1479 1530 Quarto.
1525 1493 1608 1526 Cum
1620 1494 1730 1536 arguit
1750 1494 1899 1535 ipsorum
1922 1492 2075 1534 exiguam
2088 1490 2200 1530 fidem,

182 1549 251 1571 non
274 1540 382 1581 possit
404 1539 519 1571 timere
543 1544 576 1571 et
597 1539 754 1571 invocare
772 1538 899 1578 Deum,
921 1539 986 1570 nisi
1009 1548 1166 1571 exercea-
1219 1538 1365 1569 ostendit
1411 1537 1680 1578 desperationem
1724 1542 1757 1568 et
1790 1535 2027 1578 impatientiam
2048 1539 2201 1567 nostram

184 1588 239 1615 tur
261 1582 414 1614 adversis
438 1583 553 1621 rebus,
575 1590 609 1614 et
632 1593 653 1616 a
675 1583 855 1614 securitate
872 1581 1064 1624 repellatur.
1105 1581 1166 1613 lta·
1219 1579 1397 1622 displicere
1417 1579 1505 1614 Deo,
1529 1586 1562 1612 et
1584 1578 1786 1611 afflictiones
1809 1579 1905 1610 nobis
1935 1588 2004 1610 non
2031 1578 2074 1609 ad
2091 1577 2202 1619 perdi-

182 1636 249 1668 que
271 1636 338 1657 non
362 1626 522 1657 debamus
544 1635 647 1667 aegre
667 1623 767 1664 ferre,
789 1626 819 1656 si
841 1625 973 1667 quando
995 1625 1166 1657 sentimus.
1220 1624 1344 1656 tionem
1367 1623 1502 1666 imponi,
1526 1623 1588 1655 sed
1610 1629 1646 1655 ut
1668 1633 1728 1664 per
1751 1632 1811 1654 eas
1834 1621 1917 1654 fides
1941 1627 2058 1654 nostra
2081 1620 2202 1653 confir-

182 1678 246 1700 nos
271 1668 387 1711 affligi,
410 1668 470 1699 sed
494 1674 642 1699 statuere
665 1669 762 1700 nobis
790 1669 823 1699 in
852 1667 1088 1700 afflictionibus
1112 1677 1166 1699 oc-

184 1712 355 1744 casionem
379 1713 587 1743 exercendae
610 1711 685 1742 fidei
709 1711 876 1752 praeberi,
890 1717 921 1743 et
935 1721 1068 1743 carnem
1081 1720 1165 1752 opus

182 1753 308 1786 habere
331 1755 474 1796 quadam
497 1753 684 1795 disciplina,
695 1762 731 1786 ut
754 1760 961 1788 exerceatur,
978 1761 1011 1786 et
1033 1759 1166 1786 maneat

183 1798 216 1828 in
240 1799 355 1829 timore
379 1798 452 1829 Dei.
497 1796 628 1829 Deinde
652 1808 726 1829 cum
745 1799 777 1829 in
802 1798 928 1829 sanctis
959 1797 1070 1829 adhuc
1088 1797 1165 1829 hae-

184 1847 253 1872 reat
279 1847 465 1882 peccatum,
489 1851 573 1882 opus
596 1846 646 1872 est
669 1841 718 1872 eis
752 1839 947 1879 afflictione,
981 1852 1047 1882 qua
1070 1851 1166 1872 revo-

185 1889 302 1915 centur
325 1884 367 1914 ad
391 1884 635 1924 poenitentiam,
659 1890 691 1915 et
714 1885 845 1916 discant
870 1884 1052 1916 cohercere
1076 1883 1165 1925 cupi-

185 1927 307 1958 ditates
332 1928 455 1957 carnis.
501 1926 557 1958 Sic
581 1927 679 1968 igitur
712 1926 911 1959 afflictiones
945 1937 1012 1958 non
1040 1932 1166 1958 tantum
1189 1951 1193 1962 .

185 1976 263 2001 sunt
286 1970 445 2001 exercitia
468 1969 566 2008 fidei,
601 1971 662 2002 sed
696 1971 794 2001 etiam
829 1969 1023 2011 temporalis
1057 1966 1192 2011 poena*

184 2013 326 2055 peccati,
345 2013 432 2054 quod
455 2019 614 2053 perpetuo
639 2020 748 2045 manet
771 2014 803 2044 in
828 2018 945 2045 natura
967 2014 1122 2045 humana.

273 2055 328 2086 IV.
374 2055 552 2088 Sciendum
571 2062 645 2095 est,
676 2057 765 2098 quod
790 2058 822 2088 in
841 2054 1079 2089 afflictionibus
1098 2066 1167 2088 non

185 2099 366 2131 debeamus
390 2098 583 2140 desperare,
596 2100 656 2130 sed
675 2106 788 2141 petere
811 2106 843 2131 et
868 2105 1047 2140 expectare
1059 2099 1166 2131 aDeo

185 2140 354 2180 auxilium,
379 2143 573 2182 praesertim
598 2154 671 2174 cum
695 2144 842 2174 sciamus
865 2141 1066 2175 afflictiones
1090 2153 1167 2175 esse
1220 2144 1317 2175 betur
1340 2148 1448 2174 autem
1473 2142 1538 2173 hoc
1559 2140 1754 2173 miraculum
1773 2141 1815 2171 ad
1828 2140 2089 2172 confirmandam
2101 2138 2199 2171 fidem

185 2186 282 2228 signa
306 2186 433 2227 gratiae
457 2191 489 2217 et
512 2186 759 2217 misericordiae
781 2186 855 2217 Dei.
1218 2184 1471 2227 Apostolorum,
1495 2190 1531 2216 ut
1552 2186 1708 2216 universa
1721 2183 1875 2215 Ecclesia
1893 2183 1994 2214 sciret
2007 2181 2114 2214 Deum
2134 2192 2198 2214 nos

273 2227 315 2259 V.
360 2228 435 2260 Non
459 2228 618 2260 debemus
637 2227 711 2260 Deo
734 2229 911 2270 praefinire
945 2236 1098 2271 tempus,
1122 2228 1167 2261 lo·
1220 2229 1388 2270 respicere
1419 2229 1451 2260 iu
1487 2226 1741 2264 afflictionibus,
1776 2233 1807 2258 et
1840 2226 1966 2258 habere
2000 2230 2199 2267 potestatem

187 2281 263 2303 cum
287 2269 342 2302 vel
366 2272 527 2303 rationem
550 2272 647 2303 nobis
671 2282 767 2313 opem
789 2271 929 2312 serendi,
940 2273 1002 2304 sed
1022 2273 1091 2304 eius
1109 2283 1168 2304 vo·
1189 2272 1194 2317 J
1221 2271 1318 2304 simul
1341 2278 1372 2303 et
1392 2270 1594 2304 voluntatem
1630 2271 1760 2301 iuvandi
1796 2279 1869 2301 nos.
1914 2269 2058 2310 Ideoque
2082 2276 2198 2299 omnes

174 2314 306 2354 ,luntati
328 2313 470 2346 salutem
500 2320 651 2346 nostram
677 2316 901 2354 committere,
937 2321 970 2347 et
1002 2316 1168 2357 patienter
1194 2326 1197 2351 ι
1220 2316 1264 2358 pii
1287 2316 1320 2346 in
1342 2315 1472 2357 magnis
1486 2313 1729 2345 calamitatibus
1754 2319 1787 2344 et
1809 2311 1965 2354 periculis
1989 2312 2109 2344 debent
2133 2310 2199 2342 sibi

185 2356 288 2395 ferre,
312 2358 439 2389 etiamsi
462 2359 558 2390 nobis
582 2368 649 2389 non
672 2359 781 2389 statim
805 2365 971 2390 occurrat.
1016 2359 1089 2391 Nec
1120 2365 1168 2390 ta·
1243 2368 1409 2400 roponere
1432 2357 1496 2388 hoc
1520 2356 1717 2398 exemplum,
1729 2366 1837 2398 eoque
1860 2366 1898 2387 se
1920 2355 2049 2397 erigere
2074 2360 2107 2386 et
2119 2363 2198 2386 con-

186 2410 263 2432 men
286 2400 414 2432 interim
438 2401 686 2433 intermittenda
719 2407 770 2433 est
804 2401 970 2433 invocatio
984 2425 995 2441 ,
1028 2401 1111 2434 fides
1134 2407 1168 2434 et
1244 2411 1364 2440 rmare,
1386 2406 1422 2432 ut
1444 2406 1591 2432 statuant
1613 2410 1650 2431 se
1673 2399 1747 2431 Deo
1771 2409 1904 2441 quoque
1928 2408 2027 2430 curae
2050 2407 2143 2435 esse,
2166 2400 2200 2428 et

188 2444 375 2484 expectatio
399 2443 509 2476 auxilii
533 2445 646 2476 divini.
692 2443 882 2486 Requiritur
906 2445 1006 2486 igitur
1028 2445 1060 2476 in
1084 2443 1168 2477 affli-
1220 2445 1262 2477 ab
1286 2455 1326 2476 eo
1350 2443 1485 2476 liberari
1507 2454 1568 2475 suo
1593 2450 1763 2484 tempore,
1793 2443 1879 2474 sicut
1906 2442 1961 2473 hic
1984 2439 2138 2483 Apostoli
2160 2438 2200 2470 li·

189 2487 354 2518 ctionibus
379 2497 457 2529 spes
481 2493 513 2520 et
536 2488 716 2529 patientia,
746 2488 866 2530 quibus
900 2488 999 2520 debet
1033 2489 1168 2531 adiungi
1221 2489 1381 2520 berantur
1403 2488 1447 2519 ab
1470 2496 1528 2524 eo;
1546 2496 1620 2518 nam
1635 2496 1750 2518 omnes
1773 2486 1816 2527 pii
1840 2490 1917 2516 sunt
1940 2482 2093 2525 discipuli
2106 2482 2199 2514 Chri-

186 2529 364 2561 invocatio.
409 2530 501 2563 Haec
525 2531 557 2562 in
588 2531 772 2563 afflictione
804 2531 983 2572 praecipue
1017 2532 1169 2564 conside-
1221 2531 1276 2570 sti,
1299 2538 1334 2563 ut
1356 2532 1430 2572 ipse
1452 2535 1605 2568 testatur,
1630 2540 1703 2561 cum
1727 2529 1788 2560 ait:
1813 2528 1874 2562 Qui
1896 2527 2070 2557 crediderit
2088 2528 2119 2556 in
2141 2534 2200 2561 mea

187 2574 293 2604 tanda
316 2579 403 2614 sunt,
423 2580 455 2605 et
472 2573 543 2606 fere
567 2575 709 2606 omnium
731 2575 872 2616 partium
895 2574 1035 2606 istarum
1064 2585 1169 2607 exem·
1221 2579 1250 2608 et
1273 2584 1426 2604 sermones
1448 2583 1532 2603 meos
1555 2573 1664 2611 audit,
1693 2574 1722 2602 is
1748 2582 1830 2602 meus
1848 2572 1953 2609 frater
1975 2575 2005 2601 et
2027 2580 2118 2600 soror
2140 2572 2199 2600 est.

187 2614 245 2657 pla
267 2617 364 2648 nobis
387 2623 617 2659 proponuntur
640 2619 673 2650 in
695 2618 762 2650 hoc
785 2615 980 2660 Evangelio.
1192 2596 1198 2656 i
1307 2617 1470 2650 Tertius
1492 2615 1611 2649 locus
1635 2616 1732 2649 huius
1755 2613 1930 2658 Evangelii
1959 2619 2012 2647 est
2046 2614 2087 2646 de
2108 2613 2199 2644 invo-

1220 1673 1338 1706 metur,
1361 1672 1396 1700 ut
1419 1677 1439 1698 a
1460 1666 1536 1699 Deo
1562 1665 1692 1698 liberati
1727 1666 1894 1697 discamus
1927 1665 2044 1697 maiori
2077 1664 2202 1696 fiducia

1220 1721 1358 1752 sperare
1380 1711 1412 1741 in
1437 1719 1512 1742 eum
1527 1732 1537 1748 ,
1567 1710 1654 1741 sicut
1687 1709 1819 1741 dubium
1848 1719 1915 1740 non
1939 1714 1991 1740 est
2013 1707 2202 1749 Apostolos

1218 1759 1339 1796 postea
1361 1754 1469 1785 minus
1492 1752 1610 1785 anxios
1634 1751 1738 1785 fuisse
1761 1753 1794 1783 in
1818 1752 1971 1783 adversis
1994 1752 2108 1789 rebus,
2124 1760 2200 1792 pro·

1218 1803 1331 1839 pterea
1355 1797 1444 1838 quod
1467 1795 1623 1829 auxilium
1646 1795 1770 1828 Christi
1797 1796 1829 1826 in
1863 1794 1928 1827 hoc
1961 1799 2114 1837 potenter
2142 1803 2199 1826 ex-

1217 1841 1302 1883 perti
1320 1846 1446 1872 essent.

1302 1882 1397 1915 Haec
1420 1884 1462 1915 de
1484 1883 1614 1925 primo
1642 1882 1736 1914 loco
1759 1881 1856 1913 huius
1881 1880 2067 1923 Evangelii.

1305 1926 1529 1959 Secundus
1552 1926 1672 1958 locus
1707 1925 1804 1957 huius
1824 1923 1996 1967 Evangelii
2031 1929 2084 1956 est
2106 1924 2199 1955 testi-

1218 1971 1361 2001 monium
1384 1969 1563 2001 diw‘nitatis
1586 1970 1618 2000 in
1642 1968 1795 2006 Christo,
1817 1978 1915 2010 quam
1939 1968 2060 2009 probat
2081 1971 2199 2008 aperto

1217 2012 1390 2045 miraculo.
1436 2013 1519 2044 Nam
1541 2013 1661 2044 sedare
1684 2016 1899 2051 tempestates
1919 2012 1951 2041 in
1970 2011 2064 2048 mari,
2083 2009 2198 2042 coher-

1218 2057 1285 2088 ceri
1309 2056 1494 2094 saevitiam,
1518 2062 1570 2088 est
1593 2065 1676 2096 opus
1701 2056 1804 2086 solius.
1827 2052 1910 2092 Dei,
1944 2054 1999 2095 qui
2024 2051 2117 2084 solus
2140 2062 2187 2094 gu

1219 2100 1336 2131 bernat
1358 2099 1445 2130 hanc
1468 2104 1637 2133 naturam,
1666 2098 1753 2129 sicut
1776 2098 1874 2129 etiam
1898 2097 2053 2128 condidit.
2100 2096 2198 2128 Exhi-
