2374 2985
197 196 241 228 67

193 290 247 332 qui
271 288 379 321 factus
403 294 454 319 est
476 299 536 329 pro
560 288 654 319 nobis
691 287 837 324 victima,
871 292 905 316 ut
934 291 1068 326 propter
1097 295 1170 315 eum

194 335 335 364 donetur
370 333 464 363 nuliis
501 332 651 368 viatim-1,
686 336 720 361 ut
754 334 888 369 propter
922 338 995 359 cum
1030 328 1171 358 donetur

193 376 289 407 nobis
312 375 463 406 remissio
476 381 698 415 peccatorum.
734 372 816 402 lluic
836 372 939 402 verbo
959 381 1033 401 cum
1055 380 1171 400 assen-

193 420 300 457 timur,
325 427 404 449 vere
427 416 523 449 simul
547 416 664 448 efficax
689 422 739 447 est
757 415 899 454 Spiritus
922 420 1071 450 sanctuS,
1095 423 1172 444 con-

193 462 326 492 firmans·
361 462 392 491 in
427 461 522 492 nobis
557 469 746 495 assensum,
782 464 811 487 ct
850 456 945 486 tidem
969 457 1171 493 exuscitans,

194 515 256 546 qua
281 503 435 545 paulatim
459 505 612 544 erigimur
647 503 677 533 in
713 500 904 541 pavoribus,
939 505 971 529 ct
996 499 1171 530 credentes

193 557 271 578 vere
294 548 470 587 recipimur
491 558 510 577 a
535 546 605 576 Deo
629 546 660 576 in
684 544 832 585 gratiam,
856 542 1035 580 accipimus
1058 541 1170 572 remis-

193 591 318 621 sionem
345 596 566 630 peecatorum,
589 594 621 619 et
643 583 892 618 reconciliamur
914 584 998 616 Deo.

195 757 338 804 Proba,
377 755 487 808 quod
526 754 627 794 fides·
666 754 715 792 sit
746 751 969 792 necessaria
1001 751 1042 790 in
1074 764 1170 789 con-

583 829 777 869 versione.

281 932 446 973 Expresso
469 930 568 970 inquit
593 927 728 959 Paulus:
763 927 931 966 Iit-vlt'se'caii
949 926 1027 965 fide,
1060 936 1170 964 pacem

194 976 342 1005 hahemus.
379 975 417 1005 tit
441 984 540 1013 saepe
560 972 674 1012 repetit
699 972 820 1001 dictum
841 969 1041 1010 Prophetae:
1065 969 1170 997 Iustus

194 1018 319 1057 snafide
342 1019 425 1048 υἰι-ίι,
449 1015 488 1046 Et
514 1020 564 1045 est
593 1015 780 1045 mandatum
797 1013 858 1043 Dei
881 1019 1054 1044 aeternum
1067 1018 1098 1042 et
1113 1012 1168 1042 im-

195 1058 360 1097 mutabile,
384 1066 417 1090 ut
442 1059 601 1088 medimnus
621 1057 749 1086 Filium:
775 1057 949 1087 credamus
974 1056 1070 1086 nobis
1094 1065 1168 1095 pro·

194 1111 267 1145 pter
290 1104 394 1144 ipsum
419 1101 535 1132 remitti
558 1106 706 1142 peccata,
730 1106 761 1131 et
782 1099 935 1141 imputari
951 1099 1055 1140 ipsius
1077 1097 1170 1129 iusti-

195 1148 282 1183 tiam,
306 1153 335 1176 et
360 1146 472 1176 donari
497 1145 595 1175 vitam
617 1149 794 1174 aeternam.

277 1311 390 1360 Quae
423 1318 485 1349 cst
515 1310 633 1349 tertia
666 1323 757 1363 pars
789 1306 1090 1362 poenitentiae?

305 1402 399 1432 Nova
451 1401 648 1431 obedientia.
716 1399 808 1430 Haec
848 1398 1023 1430 comitatur
1062 1407 1176 1428 veram

198 1446 313 1481 fidem3
358 1445 433 1485 quia
473 1443 555 1474 tides
601 1442 698 1474 habet
749 1442 943 1473 necessario
998 1441 1175 1472 adiunctos

196 1488 333 1520 fructu-s.
380 1487 460 1517 Cum
485 1488 568 1517 enim
596 1492 685 1516 certo
710 1491 842 1522 statuat,
871 1485 934 1515 sibi
957 1485 1076 1515 remitti
1099 1494 1176 1524 pec-

197 1538 282 1568 cata,
306 1536 337 1562 ct
360 1541 397 1561 se
419 1529 552 1560 liberari
572 1529 688 1560 sentiat
717 1538 756 1559 ex
779 1526 950 1559 doloribus
986 1525 1176 1563 infernum),

196 1573 335 1607 laetatur
367 1573 474 1611 serio,
514 1573 628 1612 incipit
661 1570 798 1613 diligere
832 1571 957 1605 Deum,
997 1570 1107 1601 studet
1148 1569 1177 1600 ei

198 1619 440 1656 obtemperare,
475 1623 506 1646 et
530 1614 705 1656 diligenter
728 1620 833 1652 cavet,
868 1623 909 1644 ne
942 1614 1050 1654 ipsum
1079 1612 1176 1643 offen-

198 1659 270 1692 dat:
293 1661 378 1691 sicut
401 1660 549 1690 videmus
573 1659 656 1689 inter
679 1657 829 1688 homines
852 1656 934 1687 fieri.
980 1656 1083 1691 Quem
1108 1655 1178 1687 dili-

199 1704 316 1746 gimuS,
341 1713 412 1734 eum
436 1701 590 1733 nolumus
613 1699 667 1732 vel
690 1706 769 1732 nutu
792 1699 971 1731 offendere.

286 1746 342 1777 Sic
376 1746 474 1786 igitur
508 1744 626 1782 fides,
650 1754 715 1785 qua
749 1743 914 1775 eredimus
938 1742 1045 1773 Deum
1079 1742 1177 1773 nobis

199 1798 275 1821 esse
299 1788 474 1829 placatum,
498 1794 530 1818 ct
553 1798 617 1829 qua
653 1787 844 1817 inchoamus
870 1784 1080 1816 dilectionem
1104 1785 1178 1823 Dei,

199 1831 296 1863 trahit
319 1842 431 1862 secum
455 1837 558 1862 totum
594 1830 731 1861 eliorum
764 1830 938 1866 virtutum,
973 1829 1061 1859 iuxta
1084 1839 1178 1868 prae-

201 1881 294 1915 cepta
318 1873 492 1915 Deculogi‚
515 1882 555 1905 ac
578 1873 662 1904 fides
686 1882 804 1904 carens
826 1871 878 1902 his·
907 1871 1082 1908 fruotibus,
1111 1881 1179 1903 uon

201 1924 249 1949 est
275 1917 375 1956 fides,
408 1917 467 1948 sed
492 1917 598 1948 inanis
620 1916 796 1957 persuasio
832 1914 918 1952 fidei,
952 1920 984 1945 et
1018 1915 1177 1955 cogitatio

200 1966 340 1998 mortua,
373 1970 457 2001 quae
490 1959 607 1991 similis
643 1964 691 1990 est
724 1958 858 1999 imagini
890 1959 1016 1998 pictae,
1051 1958 1083 1988 in
1114 1967 1178 1999 qua

202 2013 276 2035 cum
293 2013 360 2034 non
380 2004 421 2034 sit
438 2003 556 2041 anima,
579 2002 676 2033 etiam
697 2002 762 2032 vita
782 2012 846 2032 non
870 2001 966 2037 inest,
990 2010 1050 2032 nec
1071 2002 1178 2042 imago

202 2045 279 2077 talis
304 2046 365 2077 dici
387 2052 507 2086 potest,
530 2045 630 2076 liomo
653 2045 771 2076 vivens
795 2050 848 2075 aut
871 2042 1003 2075 animal.

291 2088 324 2120 ld
347 2099 487 2120 necesse
516 2094 567 2120 est
594 2088 681 2119 scire
716 2092 831 2118 contra
866 2086 1058 2128 hypocritas
1092 2086 1181 2117 inani

204 2131 398 2173 gloriatione
420 2132 495 2163 fidei
518 2137 698 2162 tumentes:
722 2131 797 2161 item
820 2136 937 2161 contra
955 2130 1180 2170 disputatores

203 2173 293 2211 illos,
318 2175 371 2216 qui
395 2174 537 2206 clamant
561 2174 658 2205 fidem
683 2172 860 2205 excludere
883 2174 970 2204 bona
995 2182 1109 2213 opera,
1139 2182 1181 2203 ne

205 2218 325 2254 adsint,
349 2219 443 2258 quasi
466 2219 570 2258 possit
596 2216 671 2248 sola
694 2226 772 2248 esse.
796 2216 878 2247 fides
901 2216 1094 2254 vivificans,
1126 2221 1183 2247 aut

205 2261 298 2302 quasi
322 2271 412 2298 vera,
441 2267 474 2291 et
497 2261 571 2292 viva
594 2260 677 2291 fides
700 2260 760 2297 sit,
796 2269 880 2301 quae
902 2270 967 2290 non
991 2264 1123 2290 exserat
1145 2268 1184 2290 se

206 2303 240 2335 in
262 2303 417 2344 operibus·
441 2304 700 2345 congruentibus
724 2313 797 2334 oum
820 2301 1001 2334 voluntate.

293 2345 442 2377 Dicimus
465 2346 573 2378 solam
596 2346 693 2377 fidem
717 2344 911 2383 iustificare,
944 2351 977 2376 et
999 2343 1086 2376 hanc
1107 2355 1184 2385 pro-

207 2388 403 2430 positionem
429 2390 585 2421 docemus
603 2388 851 2431 intelligendam
870 2398 948 2420 esse
971 2387 1185 2419 correlative:

208 2432 242 2466 id
265 2437 334 2469 est,
368 2438 502 2472 propter
525 2431 632 2463 solum
657 2432 871 2464 itlediatorem
897 2429 1098 2462 affirmamus
1122 2440 1185 2461 nos

208 2479 364 2514 acceptos
388 2484 463 2505 esse
486 2475 580 2513 Deo,
615 2480 647 2506 et.
678 2474 768 2506 hunc
791 2474 1006 2506 Mediatorem
1031 2472 1186 2514 amplecti

208 2526 271 2548 nos
295 2522 447 2557 oportere
470 2517 540 2549 fide.
587 2517 740 2549 Excludit
764 2518 864 2558 igitur
888 2515 1052 2558 particula
1076 2515 1186 2547 exclu-

210 2560 294 2596 siva,
317 2559 385 2588 sola
404 2560 490 2598 fides.
516 2572 644 2592 munem
668 2562 870 2602 dignitatem,
894 2566 925 2592 et
947 2560 1088 2591 miritum
1111 2569 1185 2600 per-

210 2612 324 2639 sonae,
348 2609 379 2633 et
404 2610 757 2643 opemmnostrorunu
781 2604 864 2635 adeo
888 2608 924 2634 ut.
942 2600 1067 2634 nullum
1091 2612 1186 2643 opus,

210 2655 252 2677 ac
274 2655 315 2676 ne
338 2645 467 2687 quidem
494 2647 567 2687 ipsa
595 2646 698 2684 fides,
733 2647 767 2678 in
795 2651 951 2688 quantum
988 2655 1092 2687 opuS,
1125 2654 1187 2676 seu

1204 2121 1215 2544 1

833 191 943 223 PlllL.
969 191 1070 223 MEL.
1095 189 1283 222 SCRIPTA
1307 188 1572 222 EXEGETch.

2170 193 2215 226 68

1225 282 1367 325 qualitas
1401 284 1434 315 in
1458 284 1573 322 nobis,
1609 286 1714 325 possit
1743 294 1820 317 esse
1848 295 1971 317 caussa
1992 284 2048 317 vel
2070 287 2212 327 pretium

1224 326 1479 358 iustificationis.
1514 328 1646 359 Interim
1670 335 1779 359 tamen
1797 339 1905 370 neque
1923 329 2078 360 contritio
2097 329 2210 362 exclu-

1226 370 1328 407 ditur,
1362 380 1469 412 neque
1504 371 1626 403 bonum
1661 372 1887 411 propositum,
1925 382 2032 413 neque
2067 373 2210 404 studium

1224 411 1432 445 inchoandae
1454 423 1564 445 novae
1587 414 1805 446 obedientiae.

1286 577 1401 628 Quae
1434 585 1496 619 est,
1526 593 1668 618 norma
1699 593 1832 619 novae
1865 579 2148 620 obedientiae?

1311 685 1436 717 Paulus
1472 686 1630 717 describit
1663 696 1785 717 novam
1820 687 2040 718 obedientiam
2075 689 2107 718 in
2142 688 2209 719 hoc

1224 729 1328 760 dicto:
1362 731 1464 760 Milita
1486 729 1593 758 (tonum
1618 729 1775 763 militiam,
1810 731 1945 759 retinens
1973 730 2066 768 fidem
2096 734 2127 759 et
2157 732 2210 759 bo·

1223 781 1298 803 nam
1321 773 1556 803 conscientium.
1614 772 1719 807 Quasi
1752 772 1857 810 dicat,
1892 771 1991 803 homo
2021 773 2117 803 etiam
2146 773 2211 804 fide

1223 816 1342 851 iustus,
1364 825 1431 845 non
1456 823 1507 845 est
1529 815 1601 845 sine
1613 816 1698 845 omni
1719 823 1870 854 peccato,
1895 821 1924 845 et
1950 813 2048 846 facile
2067 821 2211 856 possunt

1223 858 1378 888 accidere
1400 856 1516 897 lapsus
1541 867 1579 888 ex
1604 858 1808 894 infirmitate3
1831 858 1892 889 sed
1916 857 2000 888 haec
2023 865 2110 889 meta
2133 868 2211 889 esse

1223 900 1321 931 debet
1360 907 1498 930 nostrae
1531 900 1757 938 obedientiae,
1791 906 1825 931 ut
1862 901 2064 931 retineamus
2099 901 2210 939 fidem,

1221 953 1288 973 non
1314 943 1506 974 deficiamus
1530 954 1549 972 a
1573 944 1692 979 verbo:
1727 944 1788 974 etsi
1825 950 1876 974 est
1913 943 2083 984 multiplex
2117 946 2211 985 igno-

1222 986 1328 1016 rantia
1352 992 1383 1016 et
1406 985 1564 1016 dubitatio
1588 986 1618 1015 in
1643 986 1756 1017 nobis:
1791 985 1883 1024 item,
1906 994 1939 1017 ut
1966 986 2110 1018 vitemus
2134 996 2211 1018 soe-

1220 1028 1291 1059 lera
1330 1033 1446 1061 contra
1488 1029 1742 1066 conscientiam,
1785 1039 1981 1070 quamquam
2023 1029 2133 1061 adhuc
2177 1029 2212 1060 in

1221 1072 1317 1102 nobis
1351 1076 1428 1102 sunt
1457 1069 1564 1102 malae
1587 1069 1835 1110 inclinationes,
1869 1073 1961 1113 pravi
1997 1072 2150 1110 affectus,
2179 1078 2212 1104 et

1223 1113 1325 1145 multa
1352 1113 1504 1154 {peccata
1539 1114 1729 1144 omissionis
1764 1124 1819 1145 aut
1865 1115 2109 1146 commissionis
2144 1125 2212 1147 non

1223 1156 1407 1188 affectatae.

1311 1199 1402 1230 Haec
1436 1205 1487 1229 est
1521 1199 1702 1230 communis
1736 1200 1887 1230 doctrina
1919 1201 1959 1231 ‹le
1997 1201 2209 1242 poenitentia,

1226 1253 1312 1284 quae
1335 1252 1436 1282 saepe
1464 1243 1624 1282 repetitur
1652 1241 1684 1272 in
1711 1240 1878 1279 Ecclesia,
1902 1248 1933 1273 et
1962 1243 2038 1274 inde
2061 1253 2168 1285 usque
2190 1254 2210 1275 a

1227 1286 1370 1326 receptis
1404 1285 1516 1324 primis
1548 1286 1740 1325 parentibus
1766 1294 1899 1325 semper
1921 1286 1953 1317 in
1976 1285 2133 1317 Ecclesia
2155 1296 2210 1317 so-

1226 1330 1308 1367 nuit,
1333 1334 1364 1359 et
1389 1329 1487 1358 (lebet
1510 1338 1632 1357 sonare
1656 1338 1762 1368 nsque
1785 1329 1828 1358 ad
1853 1328 1966 1364 lineum
2011 1329 2042 1359 id
2065 1335 2134 1367 est,
2157 1339 2211 1361 us-

1228 1381 1292 1412 que
1315 1372 1356 1402 ad
1382 1369 1654 1412 glorificationem
1673 1369 1861 1401 Ecclesiae.
1906 1371 2002 1402 Nunc
2028 1372 2210 1403 intueamur

1227 1415 1387 1455 imagines
1410 1414 1602 1454 propositas
1625 1413 1656 1442 in
1680 1411 1744 1443 hoc
1769 1419 1870 1443 textu.

1315 1457 1374 1487 His
1397 1457 1562 1491 sciamus,
1587 1454 1672 1486 velle
1697 1466 1758 1486 uos
1783 1455 1951 1487 Christum
1976 1457 2146 1488 adhortari
2168 1458 2210 1488 ad

1228 1500 1472 1540 poeniteutiam,
1496 1505 1528 1530 et
1551 1499 1682 1534 docere,
1707 1499 1794 1539 quid,
1819 1505 1851 1529 et
1875 1498 1982 1541 qualis
2002 1510 2079 1531 esse
2093 1500 2212 1531 debeat

1230 1543 1453 1584 poenitentia,
1489 1547 1520 1572 ct
1555 1541 1734 1579 consolari,
1771 1542 1858 1583 quod
1896 1552 1975 1573 vere
2011 1543 2211 1583 recipiantur

1230 1592 1367 1627 agentes
1380 1585 1623 1626 poenitentiarii.
1659 1584 1741 1615 Nam
1765 1586 1807 1616 ad
1832 1585 1894 1616 hos
1919 1592 1987 1617 tres
2012 1585 2106 1623 fines,
2129 1592 2211 1617 tam-

1231 1640 1327 1670 quam
1363 1629 1404 1659 ad
1439 1638 1576 1668 scopum
1611 1626 1784 1658 reserenda
1820 1634 1897 1659 sunt
1931 1629 2015 1660 istae
2037 1629 2209 1669 imagines·

1232 1673 1260 1702 l.
1285 1672 1369 1703 Sunt
1391 1670 1652 1708 adhortationes,
1677 1676 1710 1701 ut
1733 1681 1870 1709 agamus
1894 1671 2146 1711 poenitentiam;
2178 1672 2209 1702 2.

1230 1721 1307 1746 sunt
1339 1716 1490 1756 picturae
1519 1715 1768 1754 praecipuarum
1802 1714 1942 1754 partium
1975 1714 2211 1755 poenitentiae3

1231 1758 1261 1789 3.
1285 1764 1454 1799 postremo
1477 1763 1554 1788 sunt
1577 1755 1692 1787 dulces
1716 1755 1964 1787 consolationes
1989 1758 2029 1788 de
2052 1757 2211 1798 receptio·

1230 1811 1272 1832 ne
1305 1801 1470 1843 agentium
1504 1800 1746 1840 poenitentiam.
1790 1799 1861 1830 Nos
1884 1810 1924 1831 ex
1948 1799 2090 1841 singulis
2112 1809 2210 1832 voca-

1233 1843 1311 1876 bula
1335 1842 1591 1875 declarabimus.

1235 2010 1344 2061 Quid
1376 2011 1577 2065 significat
1607 2010 1743 2064 imago
1780 2009 1950 2064 pastoris
1982 2010 2210 2063 quaerentis

1234 2103 1356 2128 ovem
1387 2088 1609 2142 perditam,
1657 2093 1699 2126 et
1736 2087 1978 2140 imponentis
2011 2102 2103 2128 eam
2134 2087 2210 2128 hu-

1584 2163 1704 2203 meris
1736 2163 1816 2204 suis
1832 2162 1850 2205 ἲ

1323 2300 1445 2331 Pastor
1468 2303 1520 2330 est
1541 2296 1645 2329 Filius
1657 2296 1733 2335 Dei,
1757 2298 1811 2339 qui
1835 2297 1997 2328 derivavit
2018 2297 2051 2328 in
2073 2306 2112 2328 se
2133 2306 2211 2337 poe-

1237 2354 1313 2375 nam
1334 2348 1549 2384 peccatorum
1580 2346 1787 2378 nostrorum,
1818 2346 1849 2371 et
1872 2345 1981 2382 gestat
2003 2349 2076 2371 nos.
2120 2338 2157 2370 ld
2180 2340 2213 2371 in

1236 2386 1338 2418 Esaia
1360 2383 1498 2427 pulchre
1521 2384 1721 2415 describitur
1744 2382 1840 2414 simili
1871 2384 2026 2425 imagine:
2072 2381 2212 2414 Gestabo

1237 2440 1295 2461 cos
1316 2430 1399 2461 sicut
1419 2431 1538 2469 pastor
1560 2436 1677 2468 (tynum
1695 2436 1806 2457 recens
1829 2427 1963 2458 editum:
1994 2425 2035 2457 Et
2059 2425 2212 2457 Christus

1238 2473 1311 2514 ipse
1332 2471 1452 2511 inquit:
1486 2469 1588 2501 Nemo
1609 2470 1720 2510 ’παρίοι
1743 2480 1817 2501 ores
1845 2479 1932 2500 meas
1954 2479 1994 2500 ex
2016 2478 2110 2500 manu
2131 2478 2211 2500 mea.

1237 2516 1312 2546 Non
1337 2513 1445 2546 solum
1469 2513 1585 2553 recipit
1614 2513 1646 2543 in
1669 2522 1706 2543 se
1729 2523 1856 2553 poenas
1880 2517 2069 2543 nostrorum
2092 2520 2212 2552 pecca-

1238 2564 1356 2596 torum,
1380 2563 1412 2588 et
1434 2557 1550 2587 merito
1574 2566 1635 2587 suo
1659 2555 1851 2586 reconciliat
1871 2565 1932 2586 nos
1945 2554 2031 2592 Deo,
2044 2553 2212 2585 sedetiam

1239 2600 1390 2632 efficacia
1413 2610 1473 2631 sua
1496 2608 1558 2631 nos
1583 2604 1772 2629 conservat.
1828 2597 1922 2630 Hanc
1944 2598 2118 2640 imaginem
2141 2606 2212 2627 sae—

1238 2654 1280 2686 pe
1302 2643 1520 2685 aspiciamus,
1550 2651 1624 2673 cum
1648 2641 1815 2678 videmus,
1843 2651 1941 2683 quam
1964 2641 2065 2671 simus
2088 2639 2212 2678 miseri,
