2374 2985
91 193 153 226 153

90 294 168 321 tunc
191 287 328 319 floreant
359 285 601 328 Respublicae,
636 285 768 327 quando
799 290 849 316 est
881 295 1068 317 consensus

89 333 122 364 in
145 332 246 363 rebus
270 330 381 369 bonis,
407 336 442 361 ut
465 329 562 361 Plato
585 329 704 370 inquit:
741 327 826 367 ἡμῶν
849 327 879 358 δὲ
904 327 921 367 .7‘
940 329 999 359 τῶν
1022 326 1069 359 νό-

88 387 155 415 μων
178 374 326 410 inlesam
348 376 377 404 ἐν
398 374 488 403 ταῦτα
511 374 642 413 βλέπειν,
676 369 761 407 ὅπως
795 372 909 402 ἔσονται
931 374 958 402 οἱ
987 374 1070 402 πολῖ-

90 431 138 450 ται
158 413 287 457 μάλιστα
305 416 430 457 ἀγαθοὶ,
454 419 503 446 καὶ
521 415 659 453 ἀλλήλοις
676 414 769 455 φίλοι.
795 414 886 446 Finis
903 415 1070 455 [φὴ-111710-

89 465 233 494 strarum
255 463 319 498 est,
353 464 387 490 ut
417 460 501 490 cit-es
528 460 591 490 sint
614 458 754 497 honesti,
786 462 816 488 et
839 459 902 489 sint
928 459 1014 489 zlster
1037 468 1071 488 se

90 504 275 536 concordes.
320 502 393 534 Non
418 508 526 543 potest
550 502 634 533 enim
659 511 735 533 esse
758 501 909 532 diuturna
932 511 1069 532 concor-

91 548 155 585 dia,
175 547 230 577 ubi
245 556 312 577 non
329 551 379 577 est
398 546 531 577 iustitia.
562 544 603 575 Et
618 545 672 576 ubi
688 550 738 576 est
750 544 917 576 discordia
931 554 1070 575 necesse

91 596 141 622 est
163 589 301 621 alteram
331 595 457 630 partem
489 598 564 619 esse
593 588 755 619 iniustam.
801 586 985 619 Romanurn
1014 587 1068 618 im-

89 633 215 674 perium
238 631 349 663 floruit
380 636 528 672 tempore
550 630 692 673 Augusti
721 636 796 671 post
819 631 942 662 victum
965 631 1070 662 Anto-

90 677 195 712 nium3
229 677 305 716 quia
328 681 405 706 tunc
428 674 488 706 fuit
512 673 594 713 tale,
630 679 663 704 ut
687 678 776 704 esset
799 683 942 705 concors
967 679 999 705 et
1022 674 1068 704 in-

90 725 178 750 stum
208 719 388 759 imperium.
434 718 500 750 Sic,
518 724 587 748 orat
619 716 770 748 Christus
801 717 899 748 etiam
923 727 984 757 pro
1008 715 1070 747 Ec-

92 761 212 793 clesia:
236 761 355 799 Pater,
381 760 440 801 fac
461 764 495 791 ut
518 770 611 791 unum
634 761 697 791 sint
721 760 753 790 ιή
775 760 884 791 nobis.-
913 761 1011 801 petit,
1034 769 1070 791 ut

91 804 336 836 sanctificemur
364 805 396 835 in
423 805 543 842 verbo,
573 808 605 834 et
638 808 674 834 ut
697 804 880 834 consociati
904 804 1008 834 simus
1037 803 1069 834 in

91 847 175 879 Deo.
201 847 247 878 lta
271 847 324 878 hic
347 847 462 879 videtis
487 856 563 878 esse
582 847 859 878 consociationem
875 845 1069 884 Zachariae,

89 890 227 928 Mariae,
252 889 434 928 Elizabeth,
459 889 621 921 Simeonis
645 895 677 920 et
699 888 851 927 aliorum,
876 890 994 931 quibus
1019 895 1070 920 est

89 932 290 975 patefactum
315 933 378 964 hoc
403 932 597 964 miraculum
618 933 770 973 concepti
793 932 850 963 filii
875 933 951 964 Dei.

174 975 235 1007 Est
262 981 370 1007 autem
399 975 463 1007 hoc
495 977 631 1017 primum
655 975 830 1007 concilium
854 977 932 1008 novi
954 975 1070 1008 Testa·

88 1019 199 1056 menti,
222 1019 253 1050 in
278 1029 343 1060 quo
368 1019 537 1050 decretum
558 1019 623 1050 hoc
642 1018 887 1061 promulgatum
912 1020 997 1060 quod
1020 1019 1071 1050 Fz'-

87 1063 148 1094 lius
171 1061 238 1092 Dei
259 1066 431 1102 conceptus
453 1066 504 1093 sit.

174 1104 358 1136 Faciuntne
382 1104 521 1137 coucilia
545 1116 652 1136 novos
675 1103 832 1136 articulos
856 1104 954 1137 fidei?
977 1104 1070 1137 Non:
1096 1134 1098 1145 ,

87 1147 148 1179 sed
179 1148 399 1179 testificantur
422 1149 462 1179 de
486 1147 633 1180 articulis
658 1149 733 1179 tidei
751 1149 815 1179 iam
835 1154 913 1179 ante
931 1148 1070 1179 traditis.

88 1191 155 1222 Sed
178 1201 245 1222 non
269 1201 449 1232 possumus
474 1202 560 1222 nunc
583 1192 625 1222 de
645 1190 786 1232 singulis
805 1192 955 1231 partibus
973 1191 1069 1222 huius
1095 1203 1097 1223 ι

87 1233 246 1266 historiae
265 1234 385 1265 dicere.
410 1233 548 1265 Debetis
571 1240 679 1265 actem
700 1235 762 1265 ista
783 1234 1006 1272 considerare,
1030 1234 1070 1264 de
1095 1237 1097 1245 ¹

88 1277 207 1319 quibus
226 1276 304 1314 dixi,
330 1283 361 1308 et
379 1276 452 1308 Deo
471 1287 572 1317 agere
586 1277 722 1319 gratias,
748 1283 779 1308 ct
794 1283 918 1318 petere,
941 1283 975 1308 ut
994 1287 1069 1308 con-

89 1326 203 1351 servet
238 1318 443 1357 Ecclesiam,
479 1321 564 1351 sicut
598 1325 677 1351 tunc
713 1321 944 1352 conservabat.
990 1319 1070 1350 Erat

88 1363 172 1394 enim
192 1361 304 1403 aliqua
328 1361 478 1394 Ecclesia
504 1373 598 1394 vera:
633 1362 843 1394 sacrificabat
872 1363 1070 1400 Zacharias3

87 1404 221 1436 Simeon
245 1405 399 1437 docebat:
434 1404 626 1446 Elizabeth‚
654 1405 760 1437 Maria
784 1406 880 1437 etiam
904 1406 1069 1437 docebant

87 1458 148 1480 suo
172 1447 248 1480 loco
274 1454 306 1480 et
329 1449 459 1480 ordine:
494 1448 597 1480 Erant
620 1449 716 1480 etiam
740 1449 783 1480 ad
814 1447 970 1490 templum
1000 1459 1068 1481 ma-

86 1497 202 1523 tronae
226 1489 327 1531 aliae,
362 1490 639 1528 conservatrices,
674 1498 702 1525 et
723 1493 975 1534 propagati-ices
1011 1493 1068 1524 do-

87 1535 227 1566 ctrinae:
249 1533 326 1566 illae
348 1535 381 1566 in
403 1533 525 1575 templo
548 1545 610 1567 suo
635 1535 710 1567 loco
732 1541 907 1574 steterunt,
931 1542 965 1567 ut
984 1535 1067 1567 alias

86 1588 106 1610 a
129 1578 225 1609 nobis
248 1578 369 1611 dictum
392 1583 443 1610 est
466 1579 505 1610 de
525 1578 654 1617 Hanna,
677 1589 763 1621 quae
782 1579 969 1611 nominatur
988 1581 1067 1611 Pro-

85 1620 241 1662 plzett'ssa.

173 1663 333 1695 Dicemus
350 1674 438 1696 nunc
455 1665 496 1696 de
514 1664 746 1696 Grammaticis
765 1665 961 1707 quibusdam
980 1675 1067 1697 com-

89 1705 388 1739 monefactionibus
412 1708 444 1738 in
467 1707 606 1739 Cantica
629 1707 764 1739 Mariae.

176 1748 358 1781 construe:
385 1749 533 1791 Suscepit
568 1750 681 1782 lsrael.
716 1751 926 1792 Respondeo.
972 1750 1065 1783 Deus

88 1792 284 1825 recordatus
318 1793 582 1831 misericordiae,
617 1795 761 1834 suscepit
792 1794 896 1826 lsrael
930 1805 1067 1835 puerum

89 1845 202 1866 suum:
228 1836 257 1865 id
282 1841 344 1872 est,
364 1836 559 1867 recordatus
582 1837 838 1877 promissionum
862 1847 1011 1874 suarum,
1035 1839 1068 1868 in

88 1878 206 1919 quibus
241 1879 518 1918 promissionibus
550 1885 599 1910 est
628 1878 796 1920 patefacta
830 1880 1067 1911 misericordia.

86 1921 319 1952 Permutantur
352 1922 416 1952 ista
450 1921 631 1954 vocabula:
666 1923 742 1963 quia
764 1923 992 1954 misericordia
1017 1929 1067 1953 est

86 1962 234 1995 revelata
258 1974 317 2004 per
339 1965 609 2004 promissionem,
635 1970 665 1995 et
695 1966 870 2005 promissio
901 1966 996 1996 datur
1027 1976 1067 1996 ex

87 2007 322 2037 misericordia.
374 2006 444 2039 Nos
480 2008 633 2039 dicimus:
670 2008 758 2039 Mein
794 2008 884 2039 Heri·
917 2009 973 2039 hat
1007 2009 1068 2039 mir

85 2050 194 2090 ynade
222 2054 380 2090 :vyesayh
432 2049 480 2080 Ita
503 2050 556 2082 hic
587 2050 826 2092 aequipollent:
858 2051 1066 2083 Recordatus

88 2092 317 2133 promissionis
330 2102 422 2130 suae,
447 2099 479 2124 et
493 2094 672 2125 immensae
691 2094 950 2132 misericordiae,
969 2105 1066 2136 quam

86 2133 243 2175 patefecit
272 2134 443 2167 Abrahae:
478 2135 537 2167 ltzt
565 2137 677 2168 dt‘nclst
701 2147 737 2168 er
759 2138 864 2170 (ἰν-(της
886 2137 982 2168 Mittit
1005 2138 1068 2168 iam
1093 2148 1095 2184 i

87 2176 179 2209 illum
198 2177 425 2216 liberatorem,
449 2189 544 2220 quem
568 2180 715 2221 promisit
741 2181 908 2213 Abrahae.
953 2180 1068 2218 Israel,

88 2226 187 2251 vocat
205 2219 383 2258 Israelitas,
402 2222 433 2252 id
452 2229 514 2258 est,
538 2229 639 2254 totam
660 2222 860 2256 Ecclesiam:
887 2224 954 2254 Vns
978 2234 1068 2255 arme
1092 2244 1095 2276 Ι

88 2264 196 2294 elemle
219 2263 406 2302 Israeliten,
441 2266 547 2296 sez'nen
575 2276 685 2297 armen
715 2267 842 2304 ltnecht,
877 2277 1011 2298 servum
1035 2273 1067 2298 et
1091 2277 1095 2321 1

89 2305 245 2347 populum
270 2316 376 2344 suum,
399 2308 430 2338 id
455 2315 522 2347 est,
550 2309 746 2342 Ecclesiam.
793 2309 876 2345 Quid
901 2310 1067 2352 significat
1091 2322 1094 2356 j

89 2348 218 2380 lsrael?
248 2349 309 2380 Est
331 2350 415 2381 idem
440 2352 527 2392 quod
551 2353 617 2384 dux
640 2353 720 2391 Dei,
752 2353 817 2384 dux
842 2354 989 2391 divinus,
1011 2359 1066 2384 aut

90 2393 140 2421 vir
175 2391 229 2432 qui
264 2392 342 2423 vidit
377 2392 494 2424 Deum.
552 2395 720 2437 Suscepit,
761 2406 797 2427 er
831 2396 888 2427 leat
920 2401 1092 2437 9e1·eltet.‘

91 2434 283 2477 Susceptor,
307 2434 499 2479 dvitiq‘ntwg,
519 2438 683 2480 significat
706 2440 757 2470 εἰη
779 2444 925 2471 erretler.
971 2439 1065 2471 Unde
1089 2425 1093 2488 ξ

89 2476 208 2507 dicitur
240 2477 365 2509 latter?
404 2479 457 2510 Ab
487 2485 643 2519 err-enen,
677 2488 790 2514 servat
820 2481 967 2524 lapsum,
998 2493 1063 2514 non

89 2519 166 2550 sinit
199 2520 348 2559 interire,
383 2521 569 2564 ἀντελάβετο,
604 2525 652 2556 Er
681 2526 749 2557 wz’ls
777 2527 862 2567 lediy
891 2526 1022 2558 mac-lien
1044 2537 1064 2558 a
1089 2550 1092 2581 Ι

88 2568 239 2602 peccato,
262 2569 379 2601 morte,
403 2564 566 2604 Diab0103
590 2566 659 2599 vult
679 2567 798 2600 tollere
818 2575 968 2607 mortem,
991 2570 1063 2601 red-

89 2604 167 2636 dere
190 2605 345 2637 iustitiam
369 2614 401 2638 et
423 2609 522 2640 vitam
545 2616 720 2642 aeternam.
1089 2586 1092 2639 i

173 2648 264 2680 Haec
282 2659 347 2681 non
371 2650 823 2698 intelliguntur'l'heologice,
846 2655 977 2697 quando
997 2665 1062 2687 non
1086 2641 1091 2699 ¹¹

1093 1737 1096 1796 ἵ

1093 1824 1095 1848 Ι

1093 1861 1095 1881 Ι

1093 1908 1095 1925 l

1093 1950 1095 1973 1

1093 1998 1095 2012 t

779 190 997 224 POSTILLA
1015 189 1414 222 MELANTHONIANA.

1095 923 1098 938 1

1094 1554 1097 1608 1
1120 1547 1143 1620 3

1093 1622 1097 1678 ι

1093 1693 1098 1716 l

1093 2207 1095 2218 .
1120 2187 1267 2213 servate:

2040 191 2102 223 154

1121 283 1346 327 intelliguntur
1381 284 1611 316 Grammatice.
1664 283 1857 326 Magnitudo
1893 294 2000 316 rerum
2035 296 2102 317 non

1121 327 1325 370 intelligitur.
1387 327 1480 359 Deus
1509 333 1644 369 propter
1684 329 1855 358 veritatem
1887 338 1996 366 suam,
2033 339 2099 360 non

1122 378 1257 413 propter
1279 376 1395 403 nostra
1418 371 1534 402 merita
1557 370 1709 401 liberabit
1728 371 1791 401 iam
1815 369 1970 412 pupulum
1995 371 2099 402 lsrael

1122 426 1140 446 a
1163 421 1320 457 peccato,
1348 425 1367 445 a
1391 419 1496 445 morte
1525 420 1679 452 aeterna,
1709 424 1728 445 a
1752 415 1923 455 tyrannide
1954 414 2101 453 Diaboli,

1122 459 1269 490 destruet
1309 456 1399 489 illum
1438 463 1558 489 statum
1595 457 1727 498 generis
1762 458 1891 488 humani
1915 457 2102 496 confusum,

1121 500 1253 542 plenum
1277 506 1501 542 peccatorum,
1525 500 1723 542 glorificabit
1746 499 1943 538 Ecclesiam,
1967 502 2103 532 donabit

1122 545 1233 586 generi
1258 544 1399 576 humano
1424 544 1524 575 vitam
1544 549 1723 581 aeternam,
1748 543 2022 581 missoDomino,
2047 545 2103 586 qui

1122 589 1218 619 debet
1243 598 1318 618 esse
1342 587 1580 629 primogenitus
1603 597 1643 617 ex
1667 585 1752 624 illis,
1781 588 1835 628 qui
1860 589 2103 618 resuscitantur

1121 641 1161 662 ex
1193 637 1309 662 morte.
1356 630 1445 662 Dicit
1473 631 1572 661 istum
1602 629 1778 661 Dominum
1807 640 1883 661 esse
1918 640 2007 667 611111,
2043 640 2103 671 per

1122 684 1218 715 quem
1236 674 1399 705 habemus
1424 674 1651 705 remissionem
1672 680 1896 714 peccatorum,
1919 680 1950 704 et
1967 679 2103 715 propter

1122 728 1218 759 quem
1243 716 1486 748 sanctificamur
1508 716 1551 748 ad
1574 717 1673 747 vitam
1697 722 1875 747 aeternam.

1208 760 1274 791 Ista
1304 761 1410 791 onmia
1440 759 1688 801 comprehendit
1718 760 1749 790 in
1780 760 1883 790 verbo
1917 759 2102 800 (ἐπελάβετο,

1123 804 1245 840 erexit,
1267 802 1405 841 liberat,
1440 809 1568 834 recreat
1605 801 1761 844 populum
1786 813 1891 834 suum.
1940 802 2104 844 Loquitur

1123 848 1163 878 de
1193 853 1261 877 tota
1290 845 1455 877 Ecclesia.
1500 846 1572 877 Nos
1601 856 1716 877 omnes
1746 856 1861 878 sumus
1885 847 1916 876 in
1946 847 2025 876 serti
2057 845 2103 877 illi

1122 888 1307 928 Ecclesiae,
1331 888 1375 920 illi
1401 888 1504 921 oleae.
1540 888 1585 919 lta
1609 890 1677 930 agit
1700 889 1824 930 gratias
1849 900 1908 929 pro
1930 888 2102 928 beneficio,

1122 939 1154 964 et
1178 932 1273 964 sinml
1297 937 1463 974 precatur,
1488 940 1521 963 ut
1545 932 1576 962 id
1601 932 1796 964 beneficium
1821 930 2035 973 compleatur.

1208 976 1261 1006 Ad
1293 976 1380 1017 quod
1412 986 1518 1017 genus
1548 985 1744 1007 caussarum
1771 976 1911 1016 pertinet
1943 975 2008 1007 hoc
2033 985 2103 1006 car-

1122 1019 1219 1050 men?
1253 1019 1305 1049 Ad
1337 1019 1652 1050 Demonstrativum.
1703 1018 1764 1049 Est
1793 1019 1972 1060 gratiarum
2004 1019 2103 1051 actio.

1123 1062 1208 1097 Quid
1240 1063 1274 1092 fit
1298 1063 1330 1093 in
1354 1061 1417 1092 hac
1441 1063 1617 1104 gratiarum
1641 1062 1793 1093 actione?
1828 1061 2021 1093 Recitantur
2050 1063 2104 1093 be—

1122 1105 1238 1136 neficia
1257 1104 1332 1143 Dei,
1357 1106 1484 1146 privata
1509 1111 1539 1136 et
1562 1103 1706 1146 publica.
1743 1105 1827 1140 Quid
1846 1111 1896 1136 cst
1914 1105 2103 1145 (ἐι-6111111102

1096 1148 1182 1179 'Est
1216 1148 1470 1189 comprehensio
1506 1149 1643 1179 duarum
1682 1148 1838 1179 virtutum
1880 1147 2105 1189 principaliter

1123 1197 1334 1233 (quamquam
1365 1201 1496 1231 semper
1524 1190 1648 1223 multae
1681 1192 1819 1223 virtutes
1852 1202 1925 1222 cum
1953 1202 2018 1222 una
2049 1202 2104 1222 co-

1121 1233 1254 1275 pulatae
1285 1240 1375 1269 suut)
1408 1235 1556 1266 veritatis
1581 1240 1611 1265 et
1636 1234 1789 1266 iustitiae.
1835 1234 1968 1266 Veritas
1992 1234 2104 1266 tribuit

1122 1277 1316 1308 beneficium
1340 1275 1397 1315 illi,
1421 1278 1514 1308 cuius
1539 1283 1605 1308 est:
1629 1277 1773 1315 lustitia,
1805 1277 1931 1319 obligat
1956 1278 2103 1309 vicissim

1121 1326 1154 1351 te
1173 1320 1213 1351 ad
1232 1318 1342 1361 aliqua
1362 1319 1484 1351 officia:
1509 1326 1555 1359 tu,
1576 1321 1602 1350 si
1620 1326 1735 1361 gratus
1753 1331 1789 1351 es
1808 1321 2016 1362 praeceptori
2035 1327 2104 1360 tuo,

1121 1373 1238 1394 narras
1262 1364 1323 1404 ipsi
1347 1364 1471 1401 deberi,
1495 1364 1582 1405 quod
1607 1363 1731 1405 aliquid
1750 1364 1914 1404 didiceris,
1937 1371 1969 1395 te
1989 1362 2103 1396 111116-

1120 1405 1207 1438 ferre
1220 1412 1407 1448 acceptum:
1431 1407 1604 1448 promittiS,
1618 1408 1706 1448 quod
1721 1406 1802 1439 velis
1816 1406 1941 1438 referre
1955 1407 2104 1449 gratiam.

1213 1450 1359 1481 Pertinet
1400 1451 1500 1492 igitur
1538 1449 1623 1481 haec
1663 1451 1808 1482 narratio
1843 1451 1884 1482 ad
1920 1451 2102 1482 veritatem.

1120 1491 1215 1525 Deus
1244 1493 1319 1524 ideo
1345 1505 1364 1525 a
1387 1494 1483 1525 nobis
1508 1493 1643 1534 requirit
1667 1494 1918 1535 gratitudinem,
1952 1495 2028 1534 quia
2051 1504 2104 1525 re-

1147 1536 1219 1568 dirit
1245 1537 1431 1569 veritatem:
1466 1536 1619 1568 videlicet
1649 1544 1684 1569 ut
1712 1536 1893 1575 fateamur,
1928 1538 2016 1579 quod
2040 1545 2103 1569 nos

1144 1590 1180 1610 er
1202 1578 1319 1611 Filium
1349 1580 1541 1619 redemerit,
1572 1591 1638 1611 non
1667 1586 1805 1622 propter
1833 1586 1949 1612 nostra
1977 1581 2105 1612 merita.

1121 1621 1203 1654 Vult
1225 1633 1286 1654 nos
1310 1621 1417 1661 fateri,
1441 1624 1529 1665 quod
1553 1624 1656 1665 ipsius
1682 1625 1827 1655 bonitate
1849 1624 1952 1655 simus
1977 1622 2104 1655 incolu-

1121 1676 1210 1704 mes,
1235 1667 1324 1707 quod
1348 1672 1479 1698 maneat
1502 1665 1667 1705 Ecclesia,
1692 1677 1759 1698 non
1782 1667 1948 1708 praesidio
1972 1672 2104 1699 nostro—

1120 1720 1192 1740 rum
1223 1708 1398 1748 nobilium,
1432 1710 1632 1750 principum,
1666 1711 1880 1742 exercituum.
1934 1710 1968 1741 Si
1997 1710 2104 1741 nostri

1120 1751 1252 1783 Domini
1276 1754 1308 1783 in
1332 1753 1481 1794 proximo
1506 1751 1594 1784 bello
1618 1754 1793 1791 vicissent,
1823 1754 1977 1794 opinione
2000 1753 2103 1785 homi-

1121 1805 1215 1832 num,
1261 1794 1403 1827 fuissent
1437 1801 1612 1827 savatores
1646 1797 1772 1827 mundi:
1814 1795 1908 1828 Deus
1944 1797 1985 1828 ibi
2021 1796 2102 1827 1111ιί1

1120 1836 1270 1869 fecisset:
1296 1839 1381 1869 sicut
1404 1839 1445 1869 de
1459 1838 1549 1879 Papa
1568 1838 1715 1869 Adriano
1733 1840 1863 1880 quidam
1882 1840 2102 1880 scripserant:

1125 1880 1305 1912 Traiectum
1346 1882 1509 1921 plantavit
1549 1883 1773 1917 (mutabantur
1813 1883 1953 1923 turpiter
1999 1883 2104 1914 verba

1120 1924 1325 1964 scripturae)
1346 1924 1523 1955 Loram'tmz
1547 1925 1669 1966 νίφα-ἥ
1687 1926 1750 1963 (do
1770 1935 1835 1956 wer
1856 1935 1892 1956 er
1913 1936 1977 1956 :nm
2000 1925 2102 1957 Prae-

1120 1968 1206 1998 luten
1255 1968 1403 2007 worden)
1448 1967 1574 1998 Caesar
1618 1969 1841 1999 incrementum
1883 1969 1992 2000 dedit.-
2041 1969 2101 2000 sed

1121 2010 1251 2051 quidam
1276 2011 1485 2050 subscripsit.
1516 2010 1581 2041 Hic
1604 2011 1695 2042 Dens
1717 2012 1797 2042 m'lzi'
1815 2010 1915 2051 fecit.-
1940 2012 2032 2043 Deus
2057 2014 2101 2043 ita

1121 2059 1232 2084 servat
1250 2052 1454 2091 Ecclesiam,
1484 2059 1518 2085 ut
1542 2055 1693 2085 ostendat
1716 2065 1753 2086 se
1779 2065 1839 2086 sua
1862 2056 2008 2096 potentia
2032 2065 2100 2086 ser-

1095 1048 1098 1062 t

1095 1096 1098 1108 Ι

1093 2098 1095 2132 ξ
1121 2106 1216 2133 vare,
1252 2106 1318 2127 non
1342 2096 1414 2128 vult
1447 2106 1509 2127 nos
1541 2097 1708 2128 confidere
1736 2097 1887 2129 humanis
1916 2098 2100 2139 praesidiis.

1120 2139 1319 2170 [Maledictus
1347 2141 1403 2180 qui
1428 2139 1559 2182 confidit
1588 2141 1618 2171 ιή
1647 2141 1778 2172 homine.
1824 2141 1896 2172 Hoc
1920 2142 2020 2182 igitur
2043 2143 2100 2172 ob-

1303 2182 1476 2214 Gratitudo
1500 2190 1551 2214 est
1576 2184 1679 2215 virtus
1703 2184 1853 2216 tribuens
1876 2182 1921 2215 illi
1947 2184 2100 2216 benefici-

1119 2236 1185 2264 um,
1209 2236 1229 2256 a
1252 2235 1317 2266 quo
1340 2225 1525 2267 profectum
1549 2233 1611 2258 est.

1204 2268 1309 2299 Huius
1339 2269 1386 2300 rei
1417 2268 1602 2310 exemplum
1626 2270 1680 2301 hie
1698 2269 1847 2301 habetis:
1882 2269 1988 2301 Maria
2013 2269 2099 2301 cele·

1121 2311 1193 2342 brat
1217 2311 1408 2343 beneficium
1443 2311 1517 2344 Dei.
1543 2312 1635 2344 Haec
1660 2319 1711 2344 cst
1734 2314 1875 2344 veritas:
1903 2313 2099 2355 lllaynifi'cat

1118 2355 1226 2385 anima
1248 2365 1317 2386 mea
1339 2355 1524 2387 Dominum:
1560 2357 1636 2396 quia
1664 2357 1733 2396 ipse
1756 2354 1847 2395 fecit.
1894 2356 1940 2387 Er
1962 2357 2019 2388 liat
2037 2357 2100 2388 das

1118 2398 1195 2439 ditty
1218 2397 1348 2439 yetlzan.
1401 2399 1456 2431 Sic
1488 2398 1634 2431 cantabit
1664 2405 1733 2430 tota
1764 2397 1916 2430 Ecclesia
1946 2399 1977 2430 in
2011 2400 2099 2432 omni

1117 2441 1328 2472 aeternitate.-
1350 2441 1444 2473 Tunc
1468 2443 1674 2474 cantabimus
1695 2442 1830 2483 Spiritu,
1855 2452 1920 2473 non
1945 2443 2099 2484 impediet

1117 2494 1179 2515 nos
1208 2494 1285 2516 caro
1315 2491 1370 2517 aut
1399 2491 1512 2516 nostra
1542 2485 1724 2517 infirmitas.
1781 2483 1839 2516 llla
1863 2486 1951 2516 canit
1987 2487 2098 2528 singu-

1115 2525 1177 2558 lari
1200 2534 1301 2559 motu.
1348 2528 1432 2559 Sunt
1456 2529 1586 2560 diversa
1611 2529 1697 2559 dona
1720 2529 1751 2559 in
1775 2527 1945 2567 Ecclesia,
1970 2529 2098 2560 etiamsi

1116 2570 1267 2601 remissio
1302 2577 1515 2613 peccatorum
1550 2578 1600 2603 est
1635 2582 1699 2603 una
1733 2577 1765 2602 et
1799 2572 1924 2602 eadem.
1975 2570 2098 2603 Daniel

1114 2612 1212 2645 habet
1231 2615 1355 2646 maiora
1374 2616 1461 2645 dona
1485 2625 1582 2664 quam
1607 2625 1681 2656 ego.
1706 2613 1818 2645 Helias
1845 2613 1945 2646 habet
1972 2616 2098 2646 maiora

1115 2657 1214 2695 dona,
1238 2667 1335 2699 quam
1359 2657 1561 2695 Hieremias,
1591 2664 1624 2689 et
1648 2665 1757 2689 tamen
1781 2664 1833 2689 est
1863 2656 2040 2690 similitudo
2063 2658 2096 2689 in
