2374 2985
93 204 157 237 189

91 299 450 355 Disputatio
485 297 720 339 Christi
762 311 882 336 cum
923 296 1098 338 Pha-t

475 376 688 416 risaeo.

180 478 332 510 Christus
355 477 476 518 inquite
507 475 569 510 Qui
596 474 718 504 multum
741 473 862 513 etiayn,
897 475 926 502 ei
948 473 1072 503 mullum

92 523 270 553 remittitur.
326 518 388 551 Est
422 517 563 560 pulchra
592 518 779 559 disputatio.
825 516 891 547 Sed
915 515 1072 557 Papistae

92 566 168 598 inde
191 563 349 595 inferunt:
384 562 471 601 Eryo
497 565 631 602 propter
659 561 855 590 dilectionem
873 560 909 598 fit
932 561 1072 588 remissio

88 611 302 648 peccatorum.
347 606 422 636 Non
446 604 523 636 volo
548 602 711 635 subtiliter
734 603 914 643 disputare.
965 603 1073 642 Opor-

95 657 139 683 tet
160 661 238 682 esse
262 660 335 681 cum
364 649 429 679 fide
457 647 682 679 dilectionem:
713 651 745 677 et
775 652 826 677 est
855 644 1072 686 impossibile,

94 693 265 736 imaginari
284 692 381 723 fidem
405 692 476 722 sine
500 690 695 725 dilectione;
722 695 755 719 et
778 694 885 720 tamen
909 699 975 719 non
999 700 1073 729 pro-

94 743 168 778 pter
191 735 416 772 dilectionem,
439 735 499 765 sed
522 738 658 775 propter
680 731 796 763 Filium
820 731 883 763 Dei
911 731 1072 762 habemus
1098 749 1100 772 t

95 780 324 811 remissionem
348 782 570 818 peccatorum.
623 775 914 817 Apprehendimus
946 775 1073 806 miseri·
1098 812 1100 814 v

97 823 243 854 cordiam
273 827 409 862 propter
434 820 550 851 Filium
578 818 657 850 Dei:
693 824 829 859 propter
857 817 953 850 huius
979 819 1072 849 meri-

776 198 995 231 POSTILLA
1017 195 1416 230 MELANTHONIANA.

97 872 165 897 tum
187 864 292 895 habes
315 864 540 894 remissionem
554 885 564 900 ,
587 872 654 892 non
677 867 812 903 propter
834 867 922 892 tuam
947 862 1073 892 novita-

97 914 172 939 tem.
216 906 276 938 Est
306 907 403 948 igitur
431 904 563 936 fallacia
586 916 606 936 a
629 915 696 935 non
725 915 858 942 caussa,
883 910 917 936 ut
942 914 1073 935 caussa.
1100 922 1101 930 κ

97 950 236 980 Dilectio
264 953 309 978 est
335 950 528 978 necessaria.-
560 948 649 987 Eryo
681 951 726 977 est
750 958 861 977 caussa
884 949 1075 977 remissionis
1100 969 1101 976 ,

92 996 306 1032 peccatorum:
335 1002 531 1033 quamquain
561 997 612 1022 est
640 1001 719 1032 pars
751 991 997 1029 conversionis,
1027 996 1073 1022 ta-

95 1046 169 1066 men
194 1045 259 1066 non
282 1040 334 1065 est
358 1045 489 1065 caussa.
735 1041 747 1047 ‘⁷

180 1093 259 1125 Mihi
281 1092 386 1125 altera
410 1092 531 1125 solutio
556 1104 621 1124 non
645 1093 809 1134 displicet.

94 1136 276 1168 absolutio:
311 1147 375 1168 una
399 1147 483 1177 quae
507 1136 542 1167 fit
566 1147 679 1167 coram
706 1137 798 1173 Dco;
833 1135 954 1174 altera,
988 1148 1074 1178 quae

94 1179 130 1210 fit
153 1190 266 1211 coram
289 1178 453 1211 Ecclesia.
500 1179 678 1210 Absolutio
704 1190 816 1210 coram
837 1179 922 1217 Deo,
945 1181 980 1210 tit
1004 1188 1074 1211 tan·
1099 1194 1100 1208 ι

94 1229 162 1254 tuin
186 1223 268 1259 fide3
292 1223 322 1253 id
346 1229 413 1260 est,
444 1228 478 1253 tu
503 1222 724 1263 apprehendis
748 1223 976 1254 remissionem
1000 1234 1073 1264 pec·
1099 1246 1100 1249 η

94 1271 244 1297 catorum
268 1270 392 1296 tantum
416 1264 492 1296 fide.

181 1323 322 1356 Valetne
346 1325 602 1366 consequentia:
636 1324 735 1355 Fides
762 1329 816 1355 τιια
840 1329 870 1355 te
893 1325 1009 1354 salvam
1028 1326 1073 1363 fe·
1098 1354 1100 1357 ,

94 1369 155 1398 cit:
181 1367 268 1407 Eryo
291 1378 353 1397 non
376 1368 530 1400 dilectio?
1099 1363 1100 1368 ¹

180 1427 292 1460 Valet:
316 1429 392 1470 quia
414 1428 497 1459 fides
521 1439 586 1459 non
606 1434 716 1469 potest
733 1428 790 1460 niti
809 1427 995 1466 dilectione,
1012 1429 1072 1460 sed
1099 1445 1100 1454 t

93 1471 205 1502 nititur
234 1471 317 1503 Filio
346 1471 409 1502 Dei
439 1477 579 1503 tantum:
613 1471 736 1513 alioqui
765 1482 832 1503 non
863 1477 953 1503 esset
976 1472 1071 1503 fides.

93 1514 213 1546 Coram
247 1514 322 1546 Deo
356 1514 634 1555 apprehendimus
660 1515 890 1547 remissionem
919 1521 1072 1556 peccato-

93 1568 165 1589 rum
189 1563 313 1589 tantum
337 1557 411 1589 fide.
468 1558 549 1590 Cum
578 1559 785 1589 nominamus
815 1558 929 1597 fidem,
961 1559 1073 1590 statim

93 1599 279 1632 excluditur
304 1599 436 1632 dilectio
461 1612 480 1632 a
502 1603 635 1633 merito:
666 1603 742 1643 quia
770 1601 893 1644 alioqui
921 1612 988 1633 non
1021 1607 1073 1633 est

94 1644 189 1674 fides.
222 1643 340 1675 Altera
363 1643 529 1676 absolutio
555 1645 591 1676 fit
613 1655 725 1676 coram
744 1643 909 1683 Ecclesia,
928 1651 964 1676 ut
977 1644 1072 1676 Chri-

95 1692 167 1718 stus
189 1685 243 1717 hic
266 1686 410 1718 absolvit
431 1686 603 1719 mulierem
628 1698 739 1719 coram
762 1687 822 1719 illo
845 1694 954 1720 coetu.
989 1688 1072 1719 Fue—

95 1734 171 1760 runt
193 1729 238 1760 ibi
260 1728 370 1770 aliqua
392 1731 538 1761 membra
550 1730 733 1762 Ecclesiae.
778 1731 871 1763 Haec
893 1730 1072 1770 absolutio,

96 1782 181 1813 quae
210 1771 246 1803 fit
276 1782 388 1804 coram
416 1771 588 1811 Ecclesia,
618 1774 716 1805 debet
738 1774 863 1806 habere
886 1748 1101 1805 testimonial

96 1821 232 1846 externa
257 1815 497 1847 conversionis.
554 1815 674 1848 Donec
698 1818 817 1848 retinet
839 1816 960 1858 aliquis
984 1817 1073 1858 apud

95 1867 134 1889 se
168 1856 304 1889 alterius
345 1859 540 1900 coniugem,
580 1869 646 1890 non
680 1865 790 1899 potest
828 1858 979 1890 absolvi:
1014 1860 1074 1890 sed

95 1906 227 1941 oportet
250 1910 327 1932 esse
349 1902 572 1932 testimonium
599 1900 735 1943 aliquod
758 1912 858 1933 verae
883 1903 1074 1933 conversio-

94 1944 158 1975 nis.
205 1942 360 1975 Christus
383 1945 483 1986 igitur
505 1943 690 1975 absolvens
719 1955 791 1976 eam
822 1955 935 1976 coram
957 1944 1074 1977 Eccle-

95 1986 163 2025 sia,
185 1985 309 2028 allegat
332 1996 437 2028 opus,
461 1988 552 2029 quod
576 1986 701 2030 diligat.

311 2162 574 2216 Allegoria
605 2162 859 2203 historiae.

183 2269 244 2301 Est
267 2275 375 2301 autem
398 2276 467 2301 tota
489 2269 628 2302 historia
651 2277 761 2312 typus.
814 2270 899 2302 Tota
921 2269 1076 2301 Ecclesia

98 2313 131 2344 in
155 2322 277 2354 genere
300 2312 442 2344 humano
466 2319 517 2344 est
539 2312 597 2345 illa
619 2313 735 2345 mulier
752 2313 937 2355 peccatrix:
962 2323 1076 2344 omnes

98 2365 212 2386 sumus
235 2356 390 2386 immundi
414 2361 446 2386 et
468 2356 590 2388 miseri.
636 2357 759 2388 Omnes
780 2367 894 2388 sumus
919 2356 1077 2388 contami-

99 2398 166 2429 nati
188 2397 401 2429 horribilibus
425 2400 580 2439 peccatis.
621 2399 787 2435 Quantum
806 2405 858 2431 est
881 2399 947 2431 hoc
969 2400 1076 2440 ipsum

98 2445 284 2482 peccatum,
301 2441 387 2482 quod
405 2447 455 2472 est
478 2441 551 2473 talis
570 2443 754 2475 securitas?
778 2443 866 2485 quod
888 2453 956 2474 non
980 2441 1078 2473 valde

100 2483 253 2514 timemus
275 2482 401 2517 Deum:
425 2485 513 2526 quod
536 2495 603 2516 non
625 2486 778 2517 ardemus
803 2484 979 2518 dilectione
1002 2484 1076 2520 Dei,

100 2526 189 2567 quod
218 2536 284 2557 non
312 2527 468 2558 ardenter
495 2529 698 2560 invocamus.
755 2529 880 2561 Omnes
915 2529 1077 2560 habemus

99 2574 284 2609 peccatum,
307 2575 339 2600 et
361 2580 427 2600 non
450 2580 627 2610 possumus
651 2570 797 2611 liberari,
819 2572 882 2603 nisi
906 2572 1077 2603 veniamus

100 2612 144 2642 ad
167 2611 264 2642 istum
287 2611 480 2651 Dominum,
503 2614 545 2645 ad
567 2613 802 2654 Mediatorem,
832 2615 876 2646 ad
903 2616 1002 2646 istum
1025 2614 1077 2645 Fi-

100 2652 180 2686 lium
203 2659 316 2686 natum
339 2665 380 2687 ex
403 2655 529 2695 Maria,
556 2657 751 2689 crucifixum
775 2664 808 2689 et
830 2658 1076 2690 resuscitatum.

1099 1214 1100 1218 =
1128 1197 1225 1230 Quam
1244 1196 1372 1235 pulchri
1393 1200 1463 1225 sunt
1486 1195 1586 1234 pedes
1608 1194 1901 1233 Ecanyelizwztlum.

2038 192 2100 225 190

1123 292 1186 323 Ubi
1209 290 1396 324 invenitur?
1430 290 1465 321 ln
1495 290 1592 321 domo
1616 289 1804 328 Pharisaei,
1835 290 1867 320 id
1891 295 1960 326 est,
1988 289 2019 318 in
2043 299 2101 329 po-

1096 349 1099 370 2
1122 334 1200 378 pulo
1225 336 1278 377 qui
1302 335 1404 366 habet
1426 343 1545 365 nomen
1569 331 1761 371 Ecclesiae,
1791 333 1846 364 ubi
1875 338 1927 364 est
1956 344 2021 364 vox
2046 333 2101 363 mi-

1123 380 1259 410 nisterii.

1210 423 1349 463 Semper
1381 426 1491 452 autem
1524 420 1557 450 in
1592 417 1763 456 Ecclesia,
1797 428 1884 460 quae
1913 418 2014 450 habet
2037 418 2101 449 hoc

1098 489 1100 492 f
1123 475 1262 503 nomen,
1289 469 1366 496 sunt
1390 463 1454 495 duo
1478 461 1609 504 populi:
1644 461 1737 493 Unus
1762 468 1813 493 est
1836 471 1937 492 verus
1965 467 2102 497 coetus3

1124 507 1223 546 alter,
1247 513 1299 539 est
1318 507 1556 549 hypocriticus.
1613 504 1767 536 Christus
1796 504 1892 539 sedet
1914 505 1976 541 ihi3
2004 505 2103 535 (locet

1124 552 1221 582 etiam
1255 550 1457 593 hypocritas
1519 549 1586 580 Sed
1619 548 1677 579 ille
1711 548 1886 590 hypocrita
1919 547 2099 578 admiratur

1125 604 1212 631 sese,
1236 595 1378 636 cogitat:
1401 592 1474 634 Ego
1498 602 1570 624 sum
1594 593 1714 625 iustus,
1738 601 1803 622 non
1827 601 1899 622 sum
1924 592 2009 622 sicut
2030 599 2103 621 cae-

1125 638 1197 668 teri.
1244 637 1384 678 Semper
1407 641 1519 673 erunt,
1555 641 1588 666 et
1618 640 1695 667 sunt
1718 632 1814 665 tates.
1872 633 1945 664 Non
1970 634 2102 673 putetis,

1126 691 1185 711 eos
1220 690 1284 711 non
1321 689 1397 710 esse
1425 678 1635 720 hypocritaS,
1671 678 1725 719 qui
1749 687 1815 708 non
1839 682 1915 707 sunt
1938 674 2103 707 monachi.

1127 723 1259 752 Cur-ulla
1281 733 1342 752 non
1361 723 1445 760 fucit
1468 721 1662 754 monachum,
1692 720 1890 762 Hypocrisis
1921 724 1972 750 est
1994 719 2104 749 ἐνδελέ-

1126 779 1191 806 χεια
1215 765 1387 803 Monachi,
1411 766 1456 794 sie
1479 768 1589 804 trayen
1612 764 1735 803 huppen
1763 763 1842 792 oder
1871 762 2091 800 strausfetlern.

1214 809 1415 840 Pharisaeus
1433 806 1500 846 ille,
1525 808 1600 849 quia
1623 813 1673 838 est
1696 807 1728 837 in
1751 806 1918 837 ordinaria
1942 806 2105 847 guberna-

1126 853 1232 891 tione,
1265 851 1391 883 fastidit
1422 861 1534 882 veram
1558 849 1762 888 Ecclesiam,
1797 847 1965 880 mulierem
1990 858 2105 888 pecca—

1126 896 1259 933 tricem,
1282 905 1345 925 nos
1369 895 1527 929 miserosz
1551 900 1660 925 tamen
1683 903 1745 924 nos
1769 893 1878 923 miseri
1899 898 2025 922 stamus
2049 901 2106 922 co-

1127 949 1195 969 ram
1221 938 1374 976 Christo,
1409 936 1622 978 deplorantes
1646 941 1786 977 peccata
1809 941 1940 971 nostra3
1963 935 2105 975 petimus

1100 980 1103 999 ³
1127 983 1274 1019 venium,
1308 981 1468 1012 habemus
1497 980 1658 1021 quaedam
1688 980 1776 1009 bona
1799 989 1921 1019 opera,
1953 977 2105 1008 lavamus

1101 1022 1102 1047 ἶ
1127 1030 1295 1066 unguento
1326 1025 1428 1065 pedes
1458 1022 1599 1060 Christi,
1634 1023 1666 1053 id
1691 1028 1759 1060 est,
1783 1031 1930 1052 amamus
1954 1026 1985 1052 et
2009 1030 2105 1050 orna-

861 1093 922 1124 eq
952 1092 1075 1135 duplex
1097 1074 1103 1116 t
1127 1078 1199 1098 nius
1224 1067 1447 1098 ministerium.

1504 1066 1593 1097 Vera
1617 1064 1769 1097 Ecclesia
1796 1063 1907 1102 fovet,
1931 1069 2030 1100 amat,
2056 1073 2106 1094 or-

1128 1117 1197 1147 nat,
1221 1111 1448 1142 ministerium:
1474 1120 1540 1140 non
1565 1115 1615 1139 est
1638 1107 1782 1139 crudelis
1806 1109 1970 1138 adversus
1995 1107 2106 1137 docto-

1098 1165 1100 1173 *
1127 1164 1181 1184 res
1206 1153 1398 1187 Ecclesiae,
1433 1154 1475 1183 de
1499 1153 1617 1194 quibus
1642 1152 1760 1182 dicitur
1783 1151 1868 1190 apud
1894 1149 2104 1191 prophetam:

1957 1193 2108 1221 Luvamus

1127 1240 1264 1268 laeriun's
1286 1241 1423 1273 nostris,
1448 1240 1479 1269 iil
1503 1244 1570 1270 est:
1604 1237 1710 1268 Etiam
1735 1248 1809 1268 cum
1840 1235 1988 1277 periculo
2020 1236 2106 1266 vitae

1126 1288 1263 1313 nostrae
1287 1292 1481 1322 cuperemus
1507 1281 1699 1311 conservari
1723 1280 1948 1311 ministerium.
2001 1278 2105 1316 Infun-

1126 1326 1226 1354 ιίὶηιιω·
1257 1325 1371 1361 oleum3
1404 1325 1436 1355 id
1464 1330 1534 1361 cst,
1569 1333 1762 1354 recreamus
1792 1323 1945 1353 omnibus
1976 1321 2107 1359 officiis,

1126 1373 1284 1410 quantum
1320 1377 1517 1409 possumus,
1553 1367 1613 1395 das
1646 1366 1708 1395 solt
1737 1366 1786 1395 ιἸιν
1808 1365 1910 1395 tlzuen.
1966 1364 2107 1395 Debetis

1125 1421 1237 1442 amare
1271 1412 1504 1449 ministerium,
1545 1420 1611 1441 non
1646 1408 1819 1450 indulgere
1859 1407 2030 1439 furoribus
2065 1407 2107 1438 ad

1126 1455 1320 1486 turbandam
1350 1453 1552 1486 Ecclesiam:
1588 1453 1673 1484 sicut
1697 1452 1823 1483 faciunt
1844 1451 1995 1482 homines
2020 1449 2107 1488 mali,

1124 1496 1237 1529 furore
1261 1496 1381 1528 diaboli
1404 1497 1546 1536 incitati,
1570 1497 1641 1527 sine
1659 1494 1728 1526 ulla
1751 1494 1818 1526 alia
1842 1505 1974 1526 caussa.

1212 1558 1278 1588 Ista
1313 1556 1430 1589 mulier
1460 1556 1550 1588 lavat
1578 1557 1680 1598 pedes
1711 1554 1850 1586 Christi:
1887 1554 1978 1586 Vere
2002 1552 2105 1591 dolet,

1127 1601 1217 1642 cupit
1240 1601 1356 1632 fovere
1374 1599 1571 1635 Ecclesiam,
1594 1605 1751 1642 quantum
1775 1604 1896 1639 potest.
1942 1597 1989 1628 lbi
2013 1597 2107 1628 sedet

1126 1643 1279 1676 Christus
1304 1641 1500 1685 colloquens
1520 1654 1594 1675 cum
1615 1653 1672 1673 ea:
1697 1640 1848 1673 Absolvo
1869 1647 1914 1673 te:
1937 1640 2034 1670 Fides
2054 1644 2107 1669 tun

1126 1691 1156 1717 te
1177 1687 1295 1716 salvam
1320 1688 1410 1725 fecit.
1468 1686 1531 1720 Qui
1560 1686 1662 1715 credit
1689 1687 1722 1714 in
1746 1685 1859 1724 filium,
1894 1683 1984 1713 habet
2013 1684 2108 1712 vitam

1126 1734 1291 1761 aeternam.
1337 1730 1433 1761 Item:
1467 1729 1523 1758 Sic
1550 1729 1638 1758 Deus
1660 1728 1775 1757 dilexit
1798 1728 1951 1757 mundum.
2007 1724 2107 1757 Tales

1127 1773 1305 1804 conciones
1334 1774 1401 1804 edit
1430 1771 1582 1803 Christus
1611 1773 1644 1802 in
1667 1771 1866 1806 ministeri03
1895 1776 1928 1801 et
1950 1768 2020 1801 vult
2042 1779 2106 1799 nos

1127 1816 1302 1853 assentiri,
1338 1815 1408 1846 vult
1442 1825 1504 1846 nos
1540 1813 1677 1846 eluctari
1708 1824 1748 1844 cx
1777 1813 2002 1850 dubitatione,
2036 1811 2107 1843 vult

1126 1869 1188 1890 nos
1222 1859 1378 1889 invocare
1412 1858 1493 1894 fide3
1528 1856 1585 1888 illa
1620 1857 1684 1888 fide
1712 1857 1808 1888 datur
1837 1854 1935 1887 simul
1964 1855 2107 1896 Spiritus

1127 1907 1276 1938 sanctuS,
1292 1902 1345 1941 qui
1369 1901 1557 1932 sanctificat
1576 1901 1677 1931 corda
1700 1906 1833 1934 nostra;
1856 1899 2009 1930 accendit
2028 1898 2107 1928 obe-

1128 1945 1282 1975 dientiam
1305 1945 1338 1974 in
1363 1944 1520 1975 cordibus
1544 1944 1683 1974 nostris:
1708 1943 1820 1974 tribuit
1844 1942 1962 1973 deinde
1992 1940 2039 1972 illi
2062 1941 2108 1971 in-

1129 1993 1259 2029 gentem
1288 1985 1417 2018 laudem
1451 1985 1604 2028 impletae
1636 1985 1733 2028 legis.
1795 1985 1863 2015 We'r
1894 1994 1997 2014 armen
2031 1983 2108 2013 elen-

1129 2031 1189 2060 den
1207 2029 1286 2059 Leut
1309 2029 1407 2060 haben
1423 2030 1483 2059 den
1499 2029 1594 2065 ruhm,
1612 2030 1700 2071 quod
1719 2027 1966 2071 impleverimus
1984 2026 2106 2069 legem.

1215 2089 1355 2122 Contra:

1258 2149 1354 2179 Nemo
1377 2149 1440 2189 leyi
1461 2150 1636 2189 satisfacit:

1258 2193 1346 2232 Ery-9
1368 2204 1429 2222 non
1450 2193 1594 2223 habemus
1610 2192 1697 2223 istud
1719 2192 1822 2222 decus.

1217 2252 1429 2294 Respondeo.
1463 2254 1558 2296 Nego
1578 2253 1863 2295 consequentiam:
1887 2257 1919 2282 et
1938 2251 2020 2281 ratio
2040 2255 2109 2287 est3

1129 2297 1206 2338 quia
1239 2295 1400 2328 habemus
1433 2295 1500 2329 hoc
1538 2298 1642 2328 decus
1681 2307 1748 2327 non
1786 2300 1920 2337 propter
1959 2300 2109 2324 nostram

1128 2338 1373 2380 impletionem,
1416 2341 1475 2371 sed
1514 2346 1649 2382 propter
1684 2339 1931 2380 imputationem
1966 2336 2109 2367 iustitiae

1129 2381 1185 2413 filii
1209 2382 1288 2421 Dei,
1311 2393 1407 2424 quem
1431 2383 1524 2415 Deus
1547 2382 1625 2414 fecit
1648 2389 1839 2424 peccatum,
1870 2386 1904 2411 ut
1927 2389 1990 2411 nos
2014 2379 2108 2410 fiere·

1128 2435 1200 2457 mus
1234 2426 1357 2457 iustitia
1389 2425 1453 2457 Dei
1487 2427 1520 2457 in
1552 2427 1638 2467 ipso.
1689 2426 1937 2466 imputationem
1961 2423 2110 2464 sequitur

1128 2469 1314 2503 inchoatio,
1338 2470 1469 2500 tandem
1493 2470 1746 2501 consummatio,

1215 2528 1259 2560 Ut
1281 2529 1380 2571 igitur
1403 2529 1494 2570 prius
1514 2529 1634 2561 dictum
1659 2534 1709 2560 est
1740 2528 1781 2558 de
1809 2527 1857 2558 ira
1886 2525 1967 2558 Dei:
2002 2526 2052 2557 sic
2075 2526 2108 2556 in

1129 2571 1360 2604 consolatione
1383 2578 1515 2613 oportet
1532 2572 1672 2614 cogitari
1696 2572 1792 2603 ctiam
1817 2571 1857 2601 de
1880 2569 2108 2600 misericordia

1129 2613 1212 2654 Dei,
1247 2626 1312 2657 qua
1338 2626 1484 2658 persona
1512 2621 1629 2647 nostra
1653 2614 1689 2646 fit
1711 2619 1850 2655 accepta
1873 2611 1966 2652 Deo,
2001 2618 2031 2643 et
2062 2612 2108 2643 in-

1131 2658 1252 2690 choata
1275 2659 1463 2690 obedientia
1486 2657 1607 2700 placet.
