2374 2985
218 166 278 198 135

248 263 356 313 Quid
389 262 571 303 fecerunt
602 262 791 316 Papistac
825 261 875 301 (10
909 261 986 299 1100
1017 258 1166 299 textu?

303 355 398 386 llanc
422 355 653 395 gravissimam
678 353 860 384 doctrinam
881 358 909 382 et
933 349 1197 382 consolationem

216 397 493 430 transibi-marum
526 398 556 428 in
586 397 769 428 doctrinam
799 396 839 426 de
868 405 929 425 suo
961 403 1064 435 regno
1094 393 1197 433 ponti-

216 442 302 472 ficio.
351 439 507 472 Profecto
526 451 579 471 res
602 441 767 480 stupenda
786 444 848 476 est.
867 437 954 479 quod
975 437 1060 467 haec
1078 436 1196 468 concio

216 485 260 516 ita
283 485 325 515 sit
351 490 516 524 corrupta.
569 483 739 514 Venerunt
767 482 808 513 ad
832 483 927 512 istam
952 480 1130 517 insaniam,
1161 485 1197 511 ut

217 528 376 564 dixerint,
408 527 626 568 principatum
656 527 765 557 datum
791 535 867 556 esse
892 524 1002 564 Papae
1025 523 1058 554 in
1084 523 1196 564 regnis

215 571 409 608 mundanis,
433 577 465 601 et
488 570 519 600 in
542 568 706 601 Ecclesia.
758 568 956 599 'l'ribuerunt
980 566 1198 598 Pontificibus

215 620 413 655 potestatem
438 613 646 643 convocandi
674 612 850 653 Synodos,
882 616 915 641 et
945 610 1109 641 condendi
1132 615 1198 640 tra-

216 658 358 688 ditiones
383 662 414 686 01
438 655 549 697 leges:
579 655 730 686 dixerunt
760 664 833 685 eum
855 663 923 684 non
945 663 1048 694 posse
1073 662 1197 684 errare.

216 700 274 732 Sic
297 700 591 741 argumentabatur
613 698 761 740 quidam:

305 768 430 806 Optima
453 767 636 807 ymber-natio
658 766 780 795 videtur
803 774 973 804 congruere
994 763 1171 794 Ecclesiae:

302 811 365 840 Illa
388 810 574 840 Monoi-chia
605 813 651 839 est
674 811 809 849 optima,
838 808 960 838 scilicet
982 811 1017 838 ut
1039 809 1081 838 sil
1102 808 1199 848 Papa

346 865 436 883 unum
459 857 569 892 caput:

302 895 392 936 Eryo
415 897 536 926 videtur
558 895 616 925 illa
639 896 800 924 convenire
823 893 997 923 Ecclesiae.

303 964 516 1006 Respondeo.
540 964 798 1005 Argumentum:
821 963 955 1001 videtur,
966 961 1109 994 solvitur
1127 972 1197 1004 per,

215 1019 277 1038 non
301 1008 440 1037 videtur:
469 1008 502 1038 id
532 1013 601 1045 051,
639 1007 769 1036 Videtur
797 1017 863 1037 non
889 1004 1056 1037 concludit
1079 1006 1120 1037 de
1142 1015 1199 1037 ne-

216 1052 382 1083 cessitate.
439 1049 595 1082 Ecclesia
629 1055 681 1081 est
714 1049 929 1087 Monawhia,
964 1050 1053 1091 quod
1082 1050 1199 1080 attinet

216 1094 258 1125 ad
282 1100 383 1134 caput
405 1092 592 1130 Christum,
615 1093 670 1135 qui
694 1094 804 1124 onmia
826 1093 857 1123 in
882 1093 1034 1123 omnibus
1057 1092 1198 1133 perficit.

216 1138 283 1169 Sed
317 1135 470 1168 Ecclesia
504 1142 556 1168 est
590 1136 831 1173 Aristocratia,
871 1135 960 1176 quod
995 1135 1037 1165 ad
1072 1134 1198 1176 gradus

214 1190 432 1222 personarum
455 1180 582 1217 attinet,
606 1189 691 1220 quae
713 1185 789 1210 sunt
814 1179 876 1210 sub
897 1177 1041 1209 Christo.
1086 1177 1199 1209 Nomi-

216 1230 314 1255 natur
348 1230 457 1255 autem
485 1223 707 1254 Aristocratia
737 1228 845 1253 status
876 1220 949 1257 1110,
986 1221 1040 1252 ubi
1069 1230 1200 1251 summa

216 1267 397 1298 auctoritas
421 1272 472 1297 est
495 1276 598 1306 penes
624 1265 796 1296 Senatum:
821 1265 863 1293 da
889 1264 1022 1294 ehrliclze
1045 1264 1108 1293 lent
1127 1263 1199 1292 sind

215 1311 247 1340 in
271 1310 397 1341 Senatu
421 1310 473 1350 qui
498 1314 659 1350 quaerunt
682 1309 715 1339 in
739 1307 886 1339 consiliis
912 1308 1001 1349 quod
1025 1313 1077 1338 est
1099 1306 1199 1338 hone-

216 1360 323 1391 stum,
356 1359 387 1383 et
413 1354 576 1384 communi
600 1351 698 1383 saluti
722 1350 812 1382 utile.
858 1350 1015 1382 Ecclesia
1038 1355 1090 1381 est
1114 1350 1200 1380 simi-

216 1395 257 1427 lis
280 1396 442 1427 honestae
471 1394 633 1433 Schotae,
667 1395 722 1426 ubi
753 1405 849 1425 nemo
882 1395 946 1430 sibi
978 1392 1070 1425 solus
1101 1393 1199 1424 sumit

216 1440 465 1477 auctoritatem,
502 1439 563 1469 sed
594 1437 677 1469 alter
709 1438 793 1468 cedit
823 1436 928 1468 alteri.
986 1437 1021 1467 ln
1056 1435 1198 1468 coneilio

216 1482 407 1513 Tridentino
431 1482 524 1512 missi
547 1492 566 1512 a
590 1481 693 1521 Papa,
718 1480 797 1511 nihil
821 1480 1026 1512 concludere
1048 1484 1201 1521 poterant

217 1527 345 1567 absque
368 1534 537 1556 consensa
563 1531 593 1555 et
618 1525 754 1555 arbitrio
778 1523 900 1565 Papae.

318 1708 435 1758 Quae
468 1716 530 1748 est
562 1708 761 1748 sententia
795 1707 896 1747 illius
930 1707 1104 1747 Versus:

275 1791 371 1821 Petra
396 1791 486 1820 ‹Ie-dit
507 1790 624 1825 Petr03
648 1791 763 1820 Petrus
785 1790 932 1820 diadema
955 1788 1149 1828 Roclolplto?

306 1877 422 1912 Petra,
452 1877 484 1908 id
516 1882 582 1915 est,
614 1876 784 1915 Christus,
816 1876 906 1905 dedit
934 1875 1048 1909 Petro,
1079 1875 1111 1905 id
1140 1879 1204 1913 est,

219 1920 387 1962 Episcopo
424 1920 590 1958 Romano,
625 1920 799 1954 Diocleum,
834 1919 865 1950 id
900 1925 969 1956 est,
1003 1923 1204 1959 potestatem

220 1962 444 1996 transferendi
468 1973 586 2004 regna:
616 1963 746 1997 Petrus,
777 1963 809 1993 id
833 1968 902 1999 est,
925 1961 1114 2003 Episcopus
1138 1960 1203 1992 Ro-

220 2018 357 2044 manus,
385 2006 576 2046 liodolplzo,
603 2006 636 2037 id
666 2012 732 2040 est,
761 2005 839 2037 facit
864 2004 1076 2045 Rudolphum
1100 2004 1204 2045 Impe-

221 2056 375 2082 ratorem.
421 2049 526 2081 Estne
551 2059 630 2080 vera
653 2049 816 2080 sententia
841 2048 938 2079 huius
961 2048 1104 2079 versus?
1126 2047 1202 2078 Non

222 2100 292 2126 est:
324 2093 399 2134 quia
419 2093 574 2124 Christus
603 2094 695 2124 dicit:
730 2092 870 2130 Reynum
894 2101 987 2120 meum
1010 2101 1072 2120 ηοη
1096 2094 1142 2120 est
1165 2090 1205 2119 cle
1230 2088 1233 2112 1

220 2137 280 2167 hoc
302 2137 424 2166 mundo.
475 2136 555 2167 Item
579 2134 716 2166 Paulus:
745 2137 908 2172 πολίτευμα
935 2138 1072 2163 nostrum
1097 2138 1143 2164 est
1171 2135 1205 2163 z'n

223 2180 328 2210 coelis.
385 2178 605 2220 Evangelium
636 2188 703 2209 non
732 2178 899 2209 constituit
922 2177 1058 2217 imperia
1082 2177 1204 2208 mundi.

222 2222 347 2256 Paulus
372 2232 436 2253 uon
461 2223 548 2254 eiicit
570 2221 739 2253 Neronem
761 2231 803 2252 ex
825 2230 887 2251 sua
909 2221 999 2251 sede.

316 2398 451 2448 Quem
483 2397 625 2438 dicunt
656 2410 743 2437 esse
775 2395 901 2436 filium
934 2394 1117 2435 hominis.

318 2509 362 2538 Tu
390 2517 453 2539 non
483 2517 518 2538 es
539 2507 663 2545 Helias,
691 2515 794 2545 neque
821 2504 1000 2541 Ieremias]
1047 2501 1210 2534 Doctrina

227 2555 279 2582 est
299 2549 353 2581 hic
379 2551 587 2592 gravissima,
610 2548 777 2591 quomodo
800 2547 844 2578 sit
862 2546 1100 2589 agnoscendus
1118 2545 1210 2578 Chri-

229 2599 332 2667 stusl,b
348 2600 379 2624 et
409 2593 649 2626 discernendus
680 2593 722 2623 ab
752 2589 826 2623 aliis
858 2589 1056 2631 Prophetis,
1089 2595 1123 2621 et
1153 2589 1210 2621 do-

229 2643 310 2668 01011
336 2646 386 2667 115.

833 162 942 193 PIllL.
968 161 1068 192 MEL.
1094 160 1278 193 scntPTA
1304 158 1568 191 EXEGETICA.

2171 161 2233 195 136

1342 256 1387 286 Τιι
1409 265 1445 286 es
1471 256 1640 293 Christus]
1688 254 1749 285 1⁴10
1773 253 1888 286 melius
1912 261 2091 296 poneretur
2114 256 2232 288 articu-

1251 296 1323 335 lus,
1351 299 1394 329 Τιι
1417 309 1453 330 es
1479 299 1624 330 Christus
1647 300 1712 335 ille,
1736 297 1767 328 id
1792 304 1860 335 est,
1885 298 1938 340 qui
1962 299 2059 329 nobis
2083 304 2133 330 est
2157 310 2232 340 pro-

1251 341 1382 372 missus
1436 340 1597 378 Messias,
1627 340 1800 378 Christus,
1831 347 1863 372 et
1891 348 2010 373 unctus.
2041 342 2126 373 idem
2145 348 2234 374 sunt.

1250 383 1454 425 Usurpatum
1478 391 1527 416 est
1551 392 1660 416 autem
1686 383 1753 414 1100
1777 394 1914 423 nomen,
1944 385 2019 426 quia
2043 383 2144 416 Filius
2169 384 2233 418 Dei

1250 428 1373 459 missus
1397 428 1429 458 in
1461 437 1615 465 carnem,
1646 426 1776 458 futurus
1808 434 1898 459 esset
1922 438 1978 459 rex
2003 434 2035 460 et
2059 428 2234 463 sacerdos.

1252 470 1370 503 Unctio
1394 481 1508 512 regum
1533 477 1563 501 et
1584 471 1798 502 sacerdotum
1816 472 2028 513 significabat
2045 471 2234 504 unctionem

1252 513 1386 546 Christi.
1433 513 1587 546 Christus
1618 524 1684 545 non
1711 520 1836 545 tantum
1866 521 1918 546 est
1939 515 2176 557 agnoscendus
2198 520 2236 551 ut

1251 555 1400 595 Doctor,
1432 558 1491 589 sed
1522 565 1557 589 ut
1588 558 1795 599 redemptor.
1829 557 2043 596 iustificator,
2073 556 2233 590 salvator:

1250 599 1373 632 Daniel
1404 611 1476 642 cap.
1497 600 1528 632 9.
1558 601 1676 642 inquit:
1720 602 1826 632 I'em'et
1853 603 2003 641 Messias,
2038 606 2071 633 et
2097 600 2249 633 adducet.

1251 647 1406 676 iustitiam
1428 647 1667 684 sempiternam.
1703 643 1802 676 Item:
1826 646 1865 676 In
1886 648 2008 677 semine
2031 649 2084 677 tuo
2106 645 2234 677 benedi-

1251 692 1365 720 centur
1388 698 1498 720 omnes
1517 692 1639 728 ,qe-ntes.

1321 871 1474 911 Annon
1507 869 1629 910 etiam
1662 870 1807 910 Petrus
1840 877 1903 910 est:
1935 869 2055 911 Filius
2085 869 2164 911 Dei

1641 946 1844 989 viventis?

1336 1056 1551 1096 Respondeo.
1602 1054 1761 1086 Nominat
1789 1054 1844 1086 hic
1875 1053 2045 1086 Christum
2076 1052 2238 1097 singulari

1251 1099 1349 1130 modo
1380 1098 1498 1129 Filium
1527 1098 1605 1136 Dei,
1635 1096 1762 1129 50111001
1791 1099 2010 1140 unigenitum:
2034 1108 2096 1129 nos
2122 1108 2237 1130 sumus

1253 1140 1310 1172 filii
1334 1140 1523 1181 adoptione.

1339 1186 1461 1215 Beatus
1483 1193 1519 1214 es
1542 1183 1674 1219 Simon]
1728 1182 1790 1214 Hie
1819 1183 1916 1215 simul
1946 1183 2238 1225 comprehenditur

1252 1227 1413 1258 articulus
1443 1227 1484 1257 de
1507 1225 1585 1263 fide,
1615 1235 1680 1266 qua
1703 1225 1939 1256 iustificaniur:
1970 1227 2057 1257 sieut
2081 1226 2160 1257 Esa.
2184 1226 2236 1257 53.

1253 1271 1388 1301 dicitur:
1413 1271 1533 1302 Notitia
1555 1272 1643 1299 serre·
1663 1271 1729 1299 mei
1748 1271 1839 1305 iusti,
1863 1269 2051 1307 iustefieabit
2069 1272 2195 1301 mullos.

1339 1314 1547 1350 Bar-Iona]
1572 1311 1603 1341 id
1627 1317 1690 1348 est,
1715 1309 1801 1342 filius
1826 1310 1937 1342 lonae.
1975 1313 2046 1342 Bar
2068 1311 2239 1353 significat

1252 1355 1373 1393 filium,
1398 1362 1429 1387 et
1452 1355 1586 1396 proprie
1608 1354 1775 1391 nativum,
1805 1354 1935 1393 γνήσιον.
1992 1355 2114 1385 Paulus
2139 1356 2239 1385 Timo-

1252 1401 1324 1433 theo
1344 1401 1412 1438 filio
1434 1408 1493 1430 suo
1511 1407 1685 1437 ,llermamffl
1715 1397 1748 1427 id
1772 1403 1840 1430 est,
1871 1397 1994 1428 nativo.
2047 1397 2236 1429 Germanus

1253 1453 1272 1473 a
1297 1442 1455 1484 germine.
1507 1441 1711 1477 Germanus,
1743 1441 1953 1479 weqefelsclct.
2011 1439 2069 1470 Sic
2091 1439 2239 1470 nominat

1254 1484 1379 1516 Paulus
1402 1484 1627 1521 Τ11110111011111,
1651 1488 1687 1514 111
1709 1483 1884 1524 significet,
1909 1483 1997 1524 quod
2022 1481 2137 1524 diligat
2162 1492 2236 1514 eum

1253 1534 1393 1570 paterna
1425 1525 1666 1558 benevolentia.
1724 1526 1759 1558 Si
1797 1527 1841 1557 ita
1875 1526 2123 1566 interpreteris,
2158 1524 2240 1557 Ger-

1254 1575 1352 1603 'mano
1378 1570 1463 1604 filio.
1487 1574 1609 1603 sentem
1637 1571 1814 1601 Teutschen
1843 1571 1941 1602 solen.
1970 1567 2100 1600 faceres
2129 1569 2240 1609 inepte

1256 1621 1289 1645 et
1311 1613 1458 1646 ridicule.
1511 1616 1581 1645 Bar
1604 1618 1654 1644 est
1679 1613 1778 1643 etiam
1801 1613 1833 1643 in
1858 1611 2006 1643 Psalmo:
2045 1613 2242 1643 osculamini

1253 1660 1363 1698 filium.
1408 1659 1552 1690 Nassecu
1575 1658 1652 1693 bar,
1676 1656 1709 1686 id
1733 1662 1794 1693 est,
1819 1654 1920 1686 filium
1944 1655 2102 1693 nativum,
2124 1654 2240 1696 unige-

1256 1702 1369 1732 nitunt.

1347 1746 1430 1777 Caro
1453 1748 1486 1775 ec
1505 1746 1638 1782 sanquis
1660 1752 1724 1773 non
1746 1744 1972 1773 revelat-erunt
1990 1741 2068 1778 tibi-1
2103 1738 2166 1771 Hic
2189 1745 2242 1771 est

1257 1788 1421 1818 distinctio
1446 1786 1546 1828 Legis
1569 1792 1599 1816 et
1624 1783 1809 1826 Evangelii.
1855 1782 2075 1825 Evangelium
2099 1793 2166 1813 non
2189 1788 2241 1814 est

1256 1831 1370 1861 notitia
1397 1828 1572 1861 naturalis.
1626 1828 1723 1863 Quod
1754 1828 1854 1859 homo
1878 1827 1935 1858 fiat
1958 1825 2091 1864 salvus,
2121 1825 2241 1856 fiducia

1256 1872 1332 1911 filii,
1363 1879 1415 1904 est
1445 1879 1539 1904 extra
1568 1878 1600 1902 et
1630 1881 1732 1912 supra
1755 1876 1968 1911 conspectum
1991 1868 2129 1899 rationis
2153 1868 2241 1909 posi-

1256 1923 1335 1948 tum.
1382 1915 1478 1946 Mens
1501 1914 1645 1946 humana
1667 1923 1734 1944 non
1757 1913 1952 1951 assentitur,
1977 1912 2039 1942 nisi
2063 1911 2240 1942 adiuvetur

1256 1969 1277 1990 a
1299 1959 1422 2000 Spiritu
1445 1965 1575 1990 sancto,
1608 1959 1708 1988 Nemo
1729 1957 1818 1988 norit
1836 1959 1968 1988 Patrem
1990 1957 2055 1986 nisi
2076 1955 2187 1993 Elius,
2210 1958 2245 1985 et

1257 2006 1310 2034 cuz·
1331 2005 1413 2034 volet
1430 2004 1518 2041 filins
1540 2002 1694 2032 revelare.

1353 2047 1456 2084 Volet]
1513 2044 1560 2075 lbi
1592 2042 1776 2074 ostenditur
1810 2041 1898 2073 actio
1930 2039 2006 2078 tilii,
2041 2039 2131 2081 quod
2162 2037 2242 2071 velit

1257 2098 1320 2120 nos
1344 2089 1471 2120 iuvare.
1525 2089 1622 2126 Volet,
1645 2084 1745 2116 habet
1768 2084 1960 2125 Emphasin.
2008 2082 2182 2121 Petamus,
2205 2087 2242 2114 ut

1258 2132 1355 2163 etiam
1378 2132 1411 2162 in
1434 2130 1531 2162 nobis
1551 2129 1714 2161 accendat
1731 2126 1835 2158 Filius
1854 2126 1916 2158 Dei
1935 2136 2030 2158 suam
2047 2125 2242 2167 sapientiam

1258 2181 1291 2207 et
1313 2174 1433 2212 lucem,
1454 2179 1485 2205 et
1509 2172 1680 2205 confirmet
1703 2171 1807 2202 corda
1829 2176 1945 2201 nostra
1965 2169 2090 2211 Spiritu
2113 2174 2241 2200 sancto.

1345 2228 1444 2257 Pater
1465 2235 1555 2256 meus
1577 2226 1632 2264 qui
1653 2227 1704 2255 est
1725 2226 1759 2254 in
1781 2224 1900 2261 coelia]
1954 2220 2129 2262 Significat
2152 2219 2243 2262 quod

1260 2269 1303 2301 sit
1324 2275 1444 2301 natura
1467 2265 1554 2299 filius
1576 2266 1673 2298 istius
1696 2265 1806 2297 Patris
1825 2266 1857 2296 in
1882 2263 1989 2297 coelo.

1346 2322 1390 2352 Et
1408 2329 1465 2359 eqo
1486 2320 1545 2351 eibi
1564 2319 1669 2356 daha]
1715 2317 1777 2349 Hic
1800 2317 1913 2358 incipit
1935 2315 2087 2348 doctrina
2111 2314 2153 2346 de
2178 2312 2241 2345 Ec-

1261 2363 1377 2396 clesia.

1350 2416 1396 2447 Tu
1428 2423 1463 2446 es
1495 2414 1634 2450 Petrus]
1691 2409 1827 2443 Scilicet
1857 2411 1889 2442 in
1924 2414 2081 2452 quantum
2115 2417 2242 2439 sonans

1262 2459 1351 2491 hanc
1374 2455 1633 2493 confessionem,
1651 2455 1684 2486 in
1707 2460 1863 2496 quantum
1886 2453 2034 2485 minister
2051 2450 2148 2483 huius
2168 2460 2242 2482 cou-

1261 2501 1430 2534 fessionis.
1486 2498 1545 2530 Illa
1578 2509 1643 2530 vox
1677 2503 1711 2529 et
1738 2497 1862 2529 veritas
1890 2497 1922 2528 in
1951 2501 2023 2527 tota
2047 2494 2243 2525 aeternitate

1262 2545 1424 2577 manebit:
1447 2548 1484 2575 ut
1507 2541 1626 2574 Sirach
1647 2541 1767 2582 inquit:
1796 2542 1894 2572 Fides
1915 2544 1981 2572 stat
2001 2542 2035 2570 in
2057 2542 2243 2569 aeternum.-

1262 2590 1296 2620 id
1326 2595 1394 2626 est,
1428 2585 1628 2628 propositio,
1663 2594 1761 2626 quam
1784 2582 1856 2615 vult
1879 2583 1971 2614 Deus
1995 2580 2102 2619 credi,
2135 2579 2243 2612 estin

1238 2676 1240 2678 .
1264 2638 1335 2664 tota
1357 2629 1549 2664 aeternitate
1570 2627 1665 2660 firma
1693 2633 1725 2659 et
1753 2637 1852 2665 vera,
1881 2632 1916 2659 et
1937 2625 2013 2657 fidei
2035 2622 2242 2665 respondent
