2343 2970
216 192 276 223 451

216 286 387 319 simulata,
422 293 475 316 aut
508 287 711 325 captatione*
742 284 840 314 lucri:
870 294 903 314 es
930 284 980 313 so!
1007 283 1193 323 sreamlliclt

213 329 383 369 yos-chalan
410 330 472 359 nur!
493 339 572 368 'qr-ru
631 328 724 357 Mons·
756 334 801 355 cst
836 328 1016 367 spectanda
1041 328 1070 356 in
1099 328 1194 358 bene-

214 372 312 403 ficiis:
347 373 454 411 ιὶρειιιῐι
489 371 521 401 δέ
559 384 583 401 ιε
616 370 710 407 ,νομαῖς
744 369 882 410 ἄρισιος,
919 369 997 399 lwt'st
1028 370 1087 399 cler
1110 379 1191 400 vrrs.

858 190 965 223 l'lllL.
991 190 1093 221 MEL.
1118 189 1303 221 sCRu’TA
1326 188 1589 221 EXEGETICA.

2161 192 2224 223 452

1219 287 1221 293 '
1247 282 1368 321 delicti,
1394 283 1485 315 Deus
1509 285 1667 325 praecipit
1697 286 1944 323 contritionem,
1972 284 2041 317 vult
2070 297 2132 317 nos
2157 297 2222 318 non

217 414 362 445 Com-ilia
396 414 477 445 hat-c
507 415 570 443 duo
596 414 700 443 dicta:
738 413 882 442 llum-vm
913 414 1058 443 datm-vm
1087 414 1193 453 aliliffl't
1218 430 1219 455 ἦ

214 457 314 489 Dens.
339 463 366 486 vt
395 454 477 486 rusam·
501 459 578 496 ἔχεις
601 461 715 496 χαίρεις
739 455 850 490 διδούς.
886 455 1053 486 Debemus
1078 455 1192 486 laetari
1215 492 1218 498 A

214 501 337 532 officio.
362 510 425 530 non
450 500 640 539 perditione,
665 510 728 529 non
754 497 1011 539 profusionibus.
1058 498 1191 530 Dictum

213 543 398 583 Epicharmi
424 541 568 583 loquitur
593 542 632 572 de
656 540 920 582 profusionibus:
953 542 1058 571 {initiis
1082 550 1191 571 Osten-

212 587 290 616 tatio
316 597 378 615 non
404 592 450 615 cst
480 585 704 615 lus-nelicentia.
750 584 858 615 Tertia
884 583 1008 622 Gratia,
1033 592 1083 615 cst
1108 585 1123 613 ἰ’
1134 585 1190 614 lm-

211 630 279 666 lta,
305 629 334 659 id
361 635 409 658 ‹ast
425 651 432 657 .
458 628 669 669 germinans.
694 628 768 668 quia
793 628 891 657 (labet
915 628 1020 657 redire
1045 627 1190 657 osticium

211 682 272 712 pro
307 671 428 702 oilicio.
482 671 570 701 llaec
607 672 812 711 cogitemus,
848 676 881 699 nt
916 671 1060 701 sciamus
1085 670 1191 700 Deum

212 715 441 756 gratitudinem
464 716 647 754 requirere.
678 719 706 743 ct
737 723 797 754 pro
821 713 1020 753 gratitudine
1043 714 1122 743 dare
1146 714 1190 743 in-
1215 741 1217 747 Υ

211 759 321 799 gentia
346 758 442 788 bona.
478 757 596 797 loseph
623 759 652 787 lit
682 756 876 797 praecipuus
901 756 996 787 iudex
1016 757 1048 786 in
1072 766 1190 797 regno,

210 801 298 842 quod
334 806 411 831 tnnc
441 799 496 831 snit
530 800 798 831 florentissimum
830 800 860 829 in
892 806 961 830 toto
987 800 1085 837 orbe,
1116 810 1189 839 pro-

209 850 281 884 pter
304 844 457 884 pietatem
482 854 557 883 erga
584 850 749 883 parenteS.

297 887 395 927 Apud
420 882 592 928 Virgilium
624 887 655 916 in
680 886 806 921 Aetna,
837 892 888 915 est
917 884 1103 925 exemplum
1136 895 1188 916 ce·
1215 876 1216 909 Ῐ

208 928 369 960 lebratnm
412 930 453 960 de
495 929 634 960 filiorum
674 928 871 970 gratitudine
906 938 987 969 erga
1020 934 1186 969 parentes.

208 972 284 1003 Duo
309 972 429 1003 iratres
455 972 624 1009 Catanaei,
655 971 778 1003 relictis
800 972 920 1009 rebus,
949 971 1013 1002 suis
1042 970 1186 1002 humeris

208 1014 371 1046 allevatus
402 1023 557 1057 parentes
594 1014 798 1052 extulerunt,
827 1015 875 1044 eis
907 1015 1009 1045 cessit
1043 1014 1185 1051 flamma,

207 1057 261 1089 alii
291 1059 455 1099 perierunt
489 1060 520 1089 in
552 1059 715 1089 incendio.
762 1058 808 1088 lta
832 1057 925 1088 Deus
957 1058 1101 1088 ostendit
1123 1058 1185 1087 sibi

207 1102 437 1143 gratitudinem
461 1100 604 1143 placere.
650 1101 757 1132 Vobis
780 1100 931 1131 Dominis
955 1099 1064 1131 adhuc
1088 1110 1187 1131 unum

207 1146 362 1176 narrabo.
408 1144 467 1176 Est
490 1144 681 1186 Apologus:
706 1144 863 1175 Rusticus
886 1143 1028 1174 faciebat
1050 1144 1111 1173 iter
1133 1142 1187 1173 ali-

207 1189 308 1229 quod,
333 1187 419 1219 forte
442 1189 473 1219 in
498 1189 644 1219 meridie.
690 1188 757 1219 lam
782 1187 1002 1229 defatigatus,
1027 1185 1101 1217 solo
1122 1196 1188 1217 me-

206 1231 334 1262 ridiano
358 1229 423 1262 vult
452 1233 575 1263 cubare
588 1230 837 1272 aliquantisper,
852 1236 882 1261 et
904 1231 1093 1271 quiescere:
1111 1240 1187 1261 con—

205 1275 288 1305 sidet
313 1275 354 1305 ad
378 1280 524 1313 antrum,
552 1275 584 1305 in
616 1285 682 1316 quo
714 1280 782 1305 erat
813 1272 961 1304 inclusus
982 1282 1123 1314 serpens
1147 1273 1186 1303 si-

205 1318 307 1353 tien-53
336 1328 411 1348 nam
443 1324 606 1349 venenata
636 1318 757 1348 habent
793 1317 1055 1348 ardentissimam
1091 1316 1184 1347 sitim.

205 1359 352 1400 Serpens
376 1361 468 1391 dicit:
493 1361 578 1392 dabo
602 1361 677 1399 tibi,
706 1361 794 1402 quod
824 1360 856 1390 in
880 1361 1002 1391 mundo
1027 1364 1078 1390 est
1101 1369 1186 1390 sum-

204 1413 290 1435 mum
314 1405 494 1444 praemium
517 1414 577 1445 pro
600 1414 728 1435 summo
754 1402 927 1441 beneficio,
952 1412 1078 1444 quaeso
1095 1403 1185 1433 entit-

203 1451 256 1477 tas
280 1457 342 1478 me.
378 1445 535 1478 Rusticus
555 1447 672 1488 inquit:
702 1447 806 1478 Visne
821 1445 898 1477 mihi
911 1456 1047 1477 servare
1065 1446 1185 1477 fidem?

203 1488 359 1521 Affirmat
382 1499 545 1531 serpenS,
580 1489 635 1521 ille
665 1500 738 1521 eum
768 1489 894 1521 emittit.
940 1489 1020 1520 Mox
1044 1498 1185 1530 serpens

203 1533 236 1564 in
260 1533 421 1565 rusticum
445 1532 523 1564 facit
547 1534 722 1574 impetum:
747 1532 927 1574 praestabo
951 1533 1008 1563 tibi
1025 1542 1185 1563 summam

203 1577 361 1618 gratiam,
391 1576 512 1618 inquit,
540 1577 573 1607 id
602 1582 669 1614 est,
699 1577 847 1607 occidam
871 1581 922 1613 te,
953 1576 1041 1617 quod
1071 1581 1123 1606 est
1153 1575 1185 1605 in

203 1620 324 1651 mundo
358 1620 523 1651 usitatum.
590 1620 647 1652 Sic
685 1617 939 1651 Themistoclem
980 1623 1186 1650 servatorem

203 1663 365 1694 Graeciae
394 1661 571 1694 voluerunt
596 1663 759 1694 occidere.
806 1662 863 1693 Sic
890 1660 1075 1699 Miltiades,
1106 1660 1185 1692 libe-

201 1711 293 1737 rator
315 1705 542 1743 Athenarum,
572 1712 722 1737 mortuus
752 1712 803 1737 est
826 1706 858 1736 in
882 1715 1029 1736 carcere.
1074 1703 1185 1736 Rusti-

202 1759 263 1781 cus
294 1749 417 1790 inquit:
454 1748 606 1787 Quaem,
634 1759 676 1780 ne
706 1758 880 1790 properes:
911 1749 954 1779 sit
983 1748 1100 1786 iudex,
1130 1747 1185 1788 qui

200 1791 341 1834 primum
365 1792 485 1823 obvius
510 1792 584 1823 erit:
614 1792 801 1824 Procedunt
830 1790 948 1829 simul,
976 1791 1113 1822 veniunt
1142 1790 1185 1821 ad

201 1834 348 1867 vetulum
372 1846 510 1876 equum,
541 1835 728 1867 confectum
758 1834 883 1867 labore.
930 1834 1051 1872 Vides,
1081 1834 1185 1875 inquit

202 1888 356 1919 serpens,
375 1879 540 1920 quomodo
570 1877 623 1910 hic
652 1885 766 1920 pereat
796 1879 829 1909 in
857 1888 917 1909 sua
945 1878 1050 1908 macie
1078 1875 1186 1908 fame?

201 1926 318 1963 postea
337 1922 472 1953 veniunt
495 1922 536 1952 ad
562 1932 675 1953 canem
695 1920 850 1954 vetulum.
886 1920 947 1952 Hic
970 1921 1069 1952 iudex
1087 1920 1185 1951 etiam

201 1965 345 1995 reiectus
369 1970 428 1996 est.
475 1964 587 1995 Tertio
611 1965 744 1996 veniunt
771 1966 813 1996 ad
837 1963 986 2005 vulpem,
1016 1964 1068 1995 cui
1098 1963 1184 1994 acci-

205 2008 252 2039 dit
280 2008 369 2049 quod
398 2008 561 2048 praedixit
591 2018 751 2049 serpens;
774 2018 850 2039 nam
883 2007 961 2039 huic
990 2007 1087 2038 etiam
1123 2016 1186 2037 sua

202 2051 325 2082 astutia
348 2049 408 2081 fuit
431 2051 539 2081 exitio.
585 2051 700 2082 Habeo
724 2050 910 2088 consilium,
932 2050 1037 2092 inquit
1054 2048 1183 2090 vulpes,

203 2094 279 2136 quid
311 2094 406 2125 dabis
437 2093 537 2124 mihi?
596 2094 752 2126 Rusticus
782 2094 939 2135 promittit
969 2094 998 2124 ei
1028 2092 1184 2135 gallinas,

202 2147 286 2178 quas
310 2147 384 2168 cum
407 2135 539 2168 auferre
563 2136 674 2175 vellet,
688 2138 849 2169 occiditur
867 2138 909 2169 ab
933 2146 1036 2168 uxore
1057 2136 1182 2167 rustici.

202 2179 251 2211 lta
274 2185 325 2211 est
347 2180 548 2222 ingratitudo
571 2181 658 2222 apud
682 2190 828 2212 summos
852 2180 975 2222 pariter
993 2186 1025 2210 et
1040 2180 1183 2217 infimos,

203 2228 236 2255 et
265 2224 411 2265 inprimis
440 2224 470 2254 in
501 2222 585 2254 aulis
615 2224 735 2254 domini
763 2230 840 2255 sunt
869 2231 925 2255 aut
958 2222 1055 2254 valde
1085 2222 1183 2264 grati,

203 2272 259 2298 aut
282 2265 381 2298 valde
402 2266 531 2307 ingrati.

409 2413 466 2450 Ite,
491 2412 648 2444 ostendite
669 2421 727 2443 ros
750 2411 984 2442 sacerdotibus.

291 2482 420 2520 Reiclzt,
450 2482 567 2513 dicitur
595 2492 615 2512 a
643 2479 782 2521 heysem,
810 2481 872 2511 (Ias
901 2481 945 2510 ist
971 2490 1042 2511 ‘vom
1070 2480 1129 2515 1a;
1152 2480 1184 2510 id

204 2533 274 2562 est,
299 2525 402 2556 fateri.
451 2524 594 2565 Beye'clzt,
616 2525 649 2555 id
673 2529 736 2560 est,
759 2524 982 2560 asseveratio,
1014 2522 1184 2553 confessio

203 2578 315 2600 coram
344 2568 435 2606 Deo,
464 2569 504 2599 de
533 2577 599 2609 qna
621 2568 698 2598 dicit
721 2566 999 2608 chrysostomus:
1023 2566 1117 2596 Nihil
1137 2567 1184 2596 ita

202 2612 366 2652 placatum
388 2612 496 2642 reddit
521 2611 641 2649 Deum,
661 2614 695 2641 nt
718 2609 877 2649 consessio
900 2609 1030 2639 delicti:
1058 2609 1090 2639 id
1120 2614 1183 2646 est,

203 2660 255 2686 est
284 2653 379 2685 valde
402 2654 475 2686 Deo
506 2653 658 2695 placens,
689 2658 720 2684 et
749 2655 867 2684 bonum
902 2662 986 2693 opus
1015 2650 1184 2683 confessio

1247 337 1322 358 esse
1346 326 1437 358 seros
1462 326 1673 368 syr-lopicos.

1374 387 1581 418 Enumeratio
1604 391 1649 417 est
1674 388 1828 418 ostensio:

1375 430 1523 461 (siwinus
1546 431 1707 470 praecipit
1731 432 1936 461 asumma-ionem
1945 442 1954 460 .·

1375 473 1462 514 Eryo
1485 474 1646 514 praecipit
1671 475 1943 504 emunim-ationem.

1330 541 1426 583 Nego
1465 542 1750 583 teowequemiam:
1783 547 1815 572 et
1856 542 1940 573 ratio
1971 548 2040 580 cst,
2070 544 2144 583 quia
2180 552 2221 574 ex

1244 585 1333 624 puris
1358 583 1614 626 particularibus
1640 583 1719 615 nihil
1750 585 1910 625 sequitur:
1943 584 2096 616 Christus
2128 597 2220 626 prae-

1245 628 1319 668 cipit
1340 628 1582 666 ostensionvm,
1607 628 1635 658 id
1661 634 1726 665 est,
1750 628 1993 659 adiunctionem
2016 629 2057 658 ad
2078 630 2220 660 ministe—

1243 671 1336 701 rium.
1393 672 1550 701 (lstcnsiu
1579 676 1629 702 est
1658 671 1824 701 adiunctio
1856 672 1897 701 ad
1929 672 2162 709 ministerium,
2186 678 2221 703 ut

1243 714 1357 744 audias
1392 714 1589 751 conciones,
1624 720 1717 754 petas
1755 712 2014 751 absolutionem,
2053 721 2084 745 ct
2117 715 2220 745 utaris

1242 757 1477 788 Sam-iuuentis.
1528 756 1653 788 Eadem
1684 757 1825 787 obiectio
1856 763 1886 787 ct
1919 756 1983 787 hoc
2016 759 2114 788 modo
2146 768 2220 798 pro-

1242 806 1390 840 ponitur:

1372 859 1520 890 Christus
1547 860 1646 894 iulwt,
1669 864 1703 890 ut
1726 860 1930 891 ostendmnm·
1952 869 2011 891 nos
2033 860 2220 891 Sacerdoti-

1415 902 1489 933 bus.-

1372 945 1540 982 0stensio,
1567 949 1614 975 est
1642 947 1780 977 ostensio
1811 947 1915 976 mortu·
1936 950 2158 985 neyrotornm,
2185 947 2220 977 id

1413 993 1471 1026 est,
1495 989 1698 1019 delictorum.-

1374 1032 1459 1072 Ergyo
1482 1031 1678 1062 enumeratio
1701 1032 1886 1062 delictorum
1910 1037 1958 1062 est
1978 1032 2174 1062 neccssaria.

1329 1099 1529 1140 Respondeo
1564 1100 1605 1130 ad
1639 1101 1817 1131 Minorem:
1868 1101 2024 1131 (lstensio
2065 1110 2131 1130 non
2167 1106 2219 1130 est

1242 1144 1444 1174 enumeratio
1483 1142 1695 1181 delictorum,
1728 1144 1787 1174 sed
1826 1149 1877 1174 est
1906 1144 2016 1184 petitio
2051 1143 2220 1174 ministerii

1241 1186 1388 1216 mandari
1420 1197 1438 1216 a
1469 1185 1555 1217 Deo.
1615 1186 1675 1217 Est
1704 1185 1791 1218 velle
1821 1187 1921 1217 inseri
1951 1186 2152 1223 ministerio,
2189 1191 2220 1216 et

1242 1228 1327 1260 velle
1350 1230 1396 1261 uti
1418 1229 1579 1260 beneficio
1602 1230 1772 1260 ministerii
1795 1230 1930 1260 instituti
1955 1240 1973 1259 a
1996 1228 2082 1260 Deo.
2129 1227 2220 1260 Chri-

1241 1280 1314 1303 stus
1345 1273 1465 1313 inquit:
1513 1272 1681 1303 Oslcndite
1713 1283 1771 1303 cos
1807 1272 2050 1304 sacerdotibus:
2087 1273 2119 1303 id
2157 1277 2220 1309 est,

1241 1316 1384 1353 Omnes,
1416 1326 1499 1356 quos
1529 1326 1592 1357 ego
1617 1326 1714 1353 curo,
1750 1314 1826 1346 volo
1862 1317 1909 1347 ire
1941 1316 1984 1345 ad
2007 1315 2221 1353 Sacerdotes,

1241 1359 1331 1389 adire
1354 1359 1578 1397 ministerium,
1598 1359 1712 1390 audire
1735 1360 1849 1396 verba,
1870 1358 2028 1389 adhibere
2051 1359 2150 1399 signa
2161 1368 2220 1389 seu

1241 1401 1428 1432 testimonia
1453 1402 1556 1439 verbi,
1581 1411 1665 1442 quae
1689 1407 1765 1431 sunt
1783 1401 2018 1437 Sacramenta3
2041 1400 2118 1431 volo
2143 1410 2220 1432 esse

1240 1445 1351 1475 socios
1382 1450 1414 1475 et
1442 1445 1587 1474 membra
1617 1442 1755 1475 visibilis
1778 1442 1970 1481 Ecclesiae,
2007 1453 2073 1473 non
2105 1443 2219 1484 vagari

1238 1492 1274 1518 ut
1297 1496 1447 1523 errones,
1470 1487 1525 1527 qui
1548 1486 1674 1518 faciunt
1696 1486 1895 1524 schismata,
1918 1487 1959 1517 de
1981 1486 2099 1527 quibus
2124 1496 2218 1517 nemo

1239 1530 1313 1568 scit,
1338 1530 1416 1571 quid
1439 1530 1593 1561 sentiant.
1639 1529 1700 1560 Est
1728 1530 1826 1570 igitur
1854 1529 1937 1560 haec
1966 1530 2130 1560 sententia
2161 1540 2217 1569 op-

1239 1573 1392 1615 ponenda
1433 1571 1714 1604 Stenckseldianis
1752 1572 1933 1603 suroribus.
2000 1571 2042 1602 Et
2079 1571 2134 1602 hic
2169 1577 2219 1601 est

1239 1615 1379 1656 simplex
1414 1621 1446 1646 et
1480 1625 1599 1646 versus
1633 1613 1820 1646 intellectus
1854 1614 1951 1645 huius
1987 1614 2074 1645 dicti.
2124 1611 2221 1645 Alter

1239 1658 1441 1696 intellectus,
1466 1659 1552 1699 quod
1573 1667 1633 1689 nos
1655 1659 1762 1689 mittat
1786 1658 1830 1688 ad
1852 1657 2066 1695 Sacerdotes,
2097 1663 2132 1687 ut
2154 1657 2221 1687 sint

1239 1708 1344 1733 testes
1367 1700 1613 1738 miraculorum,
1637 1702 1753 1733 eodem
1776 1700 1878 1732 redit:
1901 1701 1988 1732 sicut
2011 1706 2043 1731 et
2060 1699 2115 1731 ille
2134 1699 2221 1741 quod

1239 1746 1351 1777 debent
1374 1745 1457 1776 dare
1471 1745 1595 1783 clauda,
1618 1745 1715 1776 etiam
1739 1745 1856 1775 eodem
1878 1744 1979 1775 redit:
2002 1744 2078 1785 quia
2101 1752 2140 1775 ea
2163 1743 2219 1774 da-

1240 1790 1372 1826 bantur,
1395 1795 1431 1820 ut
1455 1793 1568 1819 essent
1598 1793 1712 1819 testes.
1757 1787 1806 1819 Ita
1835 1796 1948 1818 verum
1982 1797 2065 1818 vero
2100 1796 2219 1817 conso·

1239 1838 1312 1864 nat:
1336 1830 1438 1863 Falsa
1460 1831 1544 1862 inter
1568 1841 1605 1862 se
1628 1831 1830 1872 discrepant,

1368 1892 1471 1922 Index
1509 1901 1573 1922 non
1610 1895 1717 1932 potest
1751 1891 1917 1922 absolvere
1949 1890 2016 1920 nisi
2047 1889 2176 1930 cognita

1411 1945 1546 1966 caussa:

1368 1977 1534 2009 Sacerdos
1557 1981 1603 2008 est
1625 1977 1741 2007 iudex.-

1368 2021 1456 2063 Eryo
1478 2030 1560 2061 opus
1582 2024 1629 2051 est
1652 2019 1897 2050 mamm-atione.

1325 2089 1537 2131 RespondeO.
1582 2088 1678 2130 Nego
1708 2086 1889 2119 Minorem:
1925 2085 2119 2117 Absolvens
2152 2095 2219 2117 non

1238 2139 1291 2165 est
1313 2134 1428 2171 iudex,
1453 2132 1513 2163 sed
1536 2132 1683 2162 minister
1705 2129 1803 2162 alieni
1825 2130 1986 2167 mandati,
2020 2134 2051 2160 et
2085 2127 2219 2160 absolu-

1237 2177 1283 2208 tio
1307 2175 1395 2208 valet
1418 2176 1544 2207 ratione
1568 2174 1750 2211 ministerii,
1774 2183 1841 2204 non
1864 2173 1992 2204 ratione
2014 2172 2133 2203 iudicii.
2183 2171 2218 2202 ld

1237 2220 1362 2261 probo:
1386 2219 1462 2261 quia
1485 2218 1521 2249 fit
1544 2217 1710 2249 absolutio
1740 2228 1759 2247 a
1790 2214 1920 2253 multis,
1951 2225 2036 2256 quae
2064 2224 2126 2246 nos
2155 2213 2218 2255 ipsi

1237 2265 1441 2305 ignoramus.
1487 2261 1683 2303 Gropperus
1706 2261 1752 2292 ita
1774 2260 1924 2291 recitavit
1955 2258 2019 2290 hoc
2043 2267 2218 2299 argumen-

1237 2312 1318 2338 tum:

1367 2365 1532 2397 ›Sacerdos-
1556 2364 1643 2395 «tebet
1668 2365 1831 2404 imponere
1853 2359 2122 2400 satisfactionem:

1367 2408 1444 2440 Non
1475 2411 1579 2448 potest
1613 2407 1775 2447 imponere
1807 2406 1872 2436 nisi
1903 2405 2039 2445 cofflzitz's
2058 2402 2218 2444 yradibus

1410 2451 1597 2483 delictorum
1606 2461 1615 2480 .-

1367 2494 1456 2535 Eryo
1478 2503 1604 2525 necesse
1627 2497 1675 2523 est
1697 2503 1737 2523 ea
1758 2491 1902 2522 recitari.

1324 2563 1536 2605 Respondeo.
1571 2561 1681 2593 Debet
1703 2561 1871 2601 imponere
1895 2556 2166 2594 satisfactionem,
2184 2556 2217 2587 id

1238 2613 1306 2645 est,
1337 2607 1378 2638 de
1401 2606 1558 2642 notoriis,
1588 2615 1652 2636 non
1683 2602 1771 2634 illam
1795 2600 2065 2638 satisfactionem,
2088 2600 2128 2630 de
2152 2608 2217 2640 qua

1238 2650 1285 2682 illi
1296 2649 1485 2691 loquuntur,
1507 2649 1567 2679 sed
1581 2647 1831 2689 castigationem
1854 2644 1954 2683 illam,
1967 2654 2051 2685 quae
2074 2648 2125 2674 est
2150 2652 2216 2673 non
