2343 2970
202 152 267 183 223

203 246 333 284 divinis,
348 246 391 276 ibi
410 255 475 275 :ton
494 251 602 286 potest
621 242 853 275 benevolentia
866 242 1017 272 diuturna
1031 240 1072 271 de
1084 241 1184 271 rebus

202 288 370 326 humanis,
400 288 460 319 sed
490 294 599 319 tamen
629 292 762 328 oportet
791 286 982 316 discernere
1005 284 1090 315 inter
1113 281 1184 314 sun-

203 333 391 364 damentuni
415 336 447 361 et
470 331 555 362 inter
578 329 730 370 stipulas.

289 374 357 405 Res
381 372 494 405 infelix
518 380 579 411 est,
604 374 685 404 inire
708 371 844 403 foedera
867 380 941 401 cum
965 370 1018 407 iis,
1039 370 1094 411 qui
1116 379 1183 400 non

203 419 414 449 consentiunt
449 417 620 448 nobiscum
655 417 688 447 {n
723 413 893 456 religione.
957 411 1048 454 Ergo
1084 413 1183 443 toties

203 461 312 494 David
337 459 487 501 deplorat
510 460 541 490 in
562 458 722 495 Psalmis,
753 468 849 499 quam
877 466 980 497 grave
1009 456 1038 486 ei
1063 456 1106 486 sit
1129 456 1184 486 ab·

204 515 281 536 esse
305 506 345 534 ab
371 505 410 535 iis
435 502 536 540 locis,
560 503 615 533 ubi
640 508 690 532 est
714 499 876 531 Ecclesia.
923 498 995 530 flue
1019 499 1185 540 pertinent

203 548 299 579 etiam
334 545 389 578 illa
423 547 526 576 dicta:
572 545 647 575 Cum
680 546 785 583 impiis
818 553 880 572 non
913 542 1036 571 sedebo.
1087 542 1184 580 Item,

204 590 334 629 Cinfflzm
355 589 455 619 altare
478 593 570 625 tumn,
595 588 735 617 Domine.
786 586 873 624 Hae,
897 591 928 616 et
952 584 1077 616 similes
1109 595 1183 616 sen-

202 635 324 665 tentiae
358 633 479 663 debent
513 631 608 662 nobis
645 641 720 662 esse
749 630 961 666 notissimae,
1003 629 1078 670 quia
1108 633 1185 659 sunt

204 676 491 707 conununissimac
527 673 680 716 regulae,
714 684 798 715 quae
832 682 900 703 non
934 670 1031 703 aliter
1064 670 1185 702 infixae

203 720 323 750 debent
357 729 433 749 esse
461 719 595 756 animis,
629 727 728 758 quani
763 715 952 747 Geometris
980 720 1078 746 notae
1108 720 1184 746 suut

202 765 300 793 κοιναὶ
323 763 440 793 ἔννοιαι-

234 868 394 917 Quaero
434 868 571 921 igitur,
619 881 670 906 an
711 878 873 920 prorsus
913 878 995 904 non
1035 864 1154 903 liceat,

247 945 451 985 disc-edero
484 945 536 984 ab
569 943 766 982 ordinaria
799 940 1139 995 congregatione?

288 1028 411 1058 'j‘extivs
437 1026 526 1058 clare
551 1027 645 1056 dicit:
668 1025 741 1055 Non
765 1025 941 1055 ‹leswentes
964 1025 1182 1063 coisyreyatio·

201 1081 267 1100 uem
285 1074 420 1099 (θεῖν-(ιω.
456 1070 547 1106 Item,
571 1068 702 1097 Obmfite
723 1069 917 1108 praepositis
935 1069 1054 1096 vestris.
1090 1066 1182 1105 ltem,

204 1114 266 1148 Qui
289 1124 341 1142 ovs
365 1114 548 1149 contemnit,
572 1122 615 1140 me
639 1113 814 1141 conmmanit.
863 1110 953 1141 Haec
977 1111 1065 1140 (licta
1088 1120 1182 1150 prae-

203 1157 325 1197 cipiunt
350 1157 390 1187 dc
411 1155 594 1186 reverentia
619 1155 727 1186 debita
757 1154 955 1190 ministerio,
987 1159 1014 1183 et
1047 1153 1086 1183 de
1115 1163 1181 1183 non

202 1200 366 1231 movenda
397 1199 559 1229 seditione
582 1205 636 1228 aut
661 1199 863 1235 desertione,
894 1197 965 1227 sine
990 1206 1126 1231 caussa3
1151 1202 1183 1226 et

201 1243 233 1274 in
257 1241 343 1273 hanc
367 1242 562 1272 sententiam
587 1242 682 1272 citavi
706 1249 803 1272 antea
827 1241 949 1270 dictum
979 1238 1073 1269 illud:
1109 1238 1181 1269 Non

202 1287 300 1315 minas
322 1289 366 1314 est
381 1288 544 1324 pecc-alum
563 1284 705 1319 schisma,
725 1294 815 1324 quom
832 1281 1027 1311 izlololatr.··‹1.
1063 1280 1182 1316 Quant-
1207 1265 1211 1331 Ι

202 1330 254 1360 vis
278 1329 362 1359 enim
386 1334 437 1359 est
461 1325 667 1369 Hyperbole,
696 1333 804 1358 tamen
828 1331 919 1356 recte
943 1325 1008 1355 lioc
1031 1325 1107 1355 inde
1131 1334 1182 1355 se-

202 1372 323 1414 quitur,
348 1381 503 1413 magnum
528 1376 699 1411 peccatum
725 1379 813 1406 esse,
836 1367 948 1398 facere
971 1368 1181 1405 scissionem,

202 1420 260 1447 aut
289 1424 424 1445 movere
453 1413 666 1450 seditionem,
694 1419 751 1444 aut
781 1411 1029 1442 distractionem
1059 1411 1091 1441 in
1120 1409 1182 1442 Ec-

203 1457 324 1494 clesia,
348 1459 419 1488 sine
443 1457 574 1496 magnis
599 1462 630 1487 et
654 1456 861 1487 evidentibus
886 1454 1024 1486 caussis.

289 1498 390 1532 Filius
415 1499 478 1531 Dei
500 1501 533 1530 in
557 1505 704 1530 extremo
727 1508 834 1541 agone
857 1497 954 1539 petit,
985 1497 1124 1538 primum
1147 1502 1182 1526 ut

202 1545 246 1576 sit
273 1542 446 1581 Ecclesia,
481 1548 600 1583 postea
628 1548 664 1573 ut
692 1542 734 1572 sit
764 1551 927 1573 concors:
963 1541 1029 1570 Fac
1057 1544 1091 1569 ut
1120 1541 1183 1568 sint

202 1598 292 1617 ιιηιιηι
314 1588 347 1616 in
370 1586 468 1616 nobis.
504 1585 599 1616 Hunc
620 1595 821 1616 consensum
840 1583 1012 1615 Ecclesiae
1036 1583 1181 1620 turbare,

202 1640 359 1672 magnum
389 1629 502 1660 scelus
533 1635 600 1666 est,
633 1629 720 1659 sicut
743 1627 833 1659 multi
856 1638 942 1658 nunc
966 1627 997 1657 in
1022 1625 1181 1656 Ecclesiis

202 1672 416 1714 Evangelicis
441 1678 566 1703 tantuin
589 1670 770 1712 petulantia
794 1671 914 1712 ingenii
939 1674 1101 1711 spargunt
1124 1678 1181 1699 no·

202 1726 265 1748 vas
290 1717 479 1756 opiniones,
501 1720 634 1755 captant
656 1713 839 1755 applausus
864 1723 996 1754 quoquo
1020 1713 1129 1743 modm

290 1759 347 1789 Sic
381 1758 482 1799 igitur
515 1758 702 1798 respondeo
742 1758 784 1787 ad
824 1757 1071 1797 qiiaestiOiien13
1110 1756 1182 1785 sine

204 1812 325 1833 caussa
340 1812 405 1832 non
419 1807 469 1832 est
483 1801 720 1832 discedendum
733 1801 774 1831 ab
799 1799 966 1830 ordinario
991 1798 1181 1828 ministerio.

204 1844 271 1877 Sed
295 1851 403 1875 tamen
428 1845 587 1884 contingit
610 1842 786 1885 aliquando
816 1843 849 1873 in
879 1840 1050 1879 Ecclesia,
1080 1847 1113 1871 ut
1143 1752 1213 1903 siti

203 1887 356 1920 facienda
391 1888 596 1929 segregatio:
639 1887 683 1917 lbi
719 1891 814 1917 caute
850 1885 1014 1926 agendum
1049 1889 1117 1921 est,
1152 1889 1184 1914 et

205 1931 495 1968 considerandum,
514 1931 546 1961 in
571 1940 636 1971 quo
660 1940 752 1966 casu,
772 1935 803 1960 et
824 1935 958 1969 propter
981 1938 1064 1969 quas
1090 1936 1184 1958 caus-

204 1983 262 2005 sas
286 1972 384 2005 liceat
409 1974 593 2004 discedere.

1211 2048 1214 2081 Ι

204 2122 282 2162 De
314 2121 541 2162 caussis
574 2121 905 2161 necessario
939 2084 1213 2160 saciendii

847 147 957 178 PHlL.
983 146 1085 177 MEL.
1115 144 1301 177 SCRIPTA
1328 144 1589 177 EXEGE'HGA.

2156 146 2219 178 224

1207 239 1212 248 '
1237 240 1456 280 corrumpitur
1479 239 1630 271 doctrina
1653 240 1686 270 in
1710 237 1942 276 fundamenti),
1972 245 2005 270 et
2037 237 2217 271 defendun-

1237 289 1290 313 tur
1313 283 1526 322 pertinaciter
1548 292 1681 313 errores
1701 288 1818 314 contra
1837 280 2102 322 fundamentum
2125 283 2218 314 iuxta

1236 325 1402 366 regulam:
1438 326 1476 355 Si
1497 327 1566 365 quis
1598 325 1686 354 alind
1708 324 1910 365 annyele'nm
1933 325 2094 360 docuerit,
2125 327 2218 355 etiam

1237 368 1364 408 anqelus
1387 369 1427 398 de
1450 369 1553 403 coelo,
1578 368 1739 398 anatlwrna
1762 370 1813 398 sie.
1860 368 1957 406 ltem,
1983 369 2095 407 Fuyite
2116 368 2216 399 idola.

1236 411 1302 442 lam
1328 422 1408 443 vero
1433 412 1514 442 satis
1540 418 1689 449 constat,
1714 411 1906 442 Pontificius
1931 412 2053 443 docere
2076 410 2163 443 salsa
2185 411 2218 443 in

1236 454 1387 486 articulis
1411 454 1504 487 fidei:
1528 453 1676 486 stabilire
1700 453 1937 492 idololatriam,
1970 465 2094 497 cogere
2116 454 2218 486 homi-

1236 508 1295 528 nes
1314 498 1355 529 ad
1376 496 1553 528 manifesta
1573 504 1712 538 peccata
1727 503 1843 529 contra
1857 499 2107 529 conscientiam.
2142 497 2218 529 Non

1236 547 1327 572 recte
1351 541 1472 572 docent
1497 541 1537 571 (le
1560 541 1683 572 iustitia
1703 540 1795 577 fidei3
1818 541 1965 572 tribuunt
1983 542 2140 582 operibus
2159 541 2217 572 ho-

1236 584 1358 615 minum
1381 585 1529 615 meritum
1553 585 1696 615 iustitiae
1726 590 1757 614 ct
1788 584 1875 614 vitae
1899 590 2070 620 aeternae3
2104 584 2218 615 iubent

1236 637 1369 658 manere
1393 628 1424 657 in
1449 627 1665 658 dubitatione.
1721 626 1814 658 Haec
1838 632 1871 657 et
1893 626 2012 658 similia
2035 625 2138 658 multa
2160 637 2217 668 pu-

1235 676 1339 712 gnant
1364 676 1481 701 contra
1503 669 1752 701 fundamentum
1776 670 1945 700 doctrinae
1968 668 2152 711 Evangelii.

1323 712 1446 744 Postea
1474 712 1650 744 manifesta
1681 720 1732 743 est
1755 711 1942 743 idololatria
1966 713 1998 743 in
2021 712 2217 744 adoratione

1236 756 1351 797 panis,
1381 754 1541 787 et'Missa
1565 756 1744 797 Papistica.
1790 755 1914 786 Dicunt
1937 755 2075 787 Missam
2099 757 2217 787 mereri

1236 800 1463 830 remissionem
1487 805 1699 840 peccatorum
1725 797 1856 830 facienti
1881 804 1913 830 et
1942 797 2031 838 aliis,
2061 808 2217 840 praesen-

1235 842 1323 873 tibus
1348 848 1380 873 et
1401 843 1607 880 absentibus,
1632 843 1718 873 vivis
1743 848 1775 873 et
1798 842 1945 873 mortuis.
1993 842 2116 873 Panem
2140 851 2218 873 eon-

1236 890 1401 916 secretum
1432 891 1601 916 ostentant
1631 891 1797 926 tamquam
1828 895 1957 917 numen.
2014 885 2108 916 Sicut
2129 884 2217 916 Iero-

1236 928 1333 959 boam
1358 929 1398 959 de
1422 928 1531 960 vitulis
1555 929 1625 959 suis
1648 929 1759 959 aureis
1784 929 1929 959 dicebat:
1953 927 2037 957 Ecce
2054 927 2165 962 Israel,
2184 927 2218 956 1ιί

1234 975 1304 1000 sunt
1327 971 1387 1000 Dii
1410 973 1470 1007 tui,
1495 973 1549 1011 qui
1571 971 1745 1001 eduxerunt
1769 975 1799 1000 te
1821 981 1861 999 ez
1884 972 2045 1011 Aeyyplo:
2076 971 2132 1002 Si.)
2154 969 2215 1002 Pa-

1234 1015 1341 1055 pistae
1375 1015 1417 1045 de
1449 1025 1535 1056 pane
1569 1020 1767 1046 consecrato
1796 1015 1923 1046 dicunt:
1958 1013 2018 1046 llic
2048 1019 2099 1045 est
2121 1013 2216 1046 Deus

1235 1062 1327 1095 tuus,
1351 1058 1407 1098 qui
1430 1068 1490 1098 pro
1514 1063 1546 1089 te
1570 1063 1622 1088 est
1646 1058 1822 1088 crucifixus
1842 1063 1873 1088 et
1901 1063 2061 1089 mortuus.
2112 1057 2216 1088 Mani-

1233 1098 1320 1130 festa
1350 1105 1403 1130 est
1431 1101 1528 1131 etiam
1559 1099 1749 1131 idololatria
1778 1101 1809 1131 in
1840 1101 2049 1132 invocatione
2071 1106 2216 1132 mortuo-

1235 1154 1304 1174 rum
1328 1142 1508 1174 hominum.
1559 1142 1621 1173 Est
1652 1144 1750 1174 etiam
1773 1142 1958 1175 idololatria
1979 1150 2068 1175 totus
2094 1141 2215 1181 cultus,

1234 1196 1330 1226 quein
1356 1187 1590 1227 excogitarunt
1608 1185 1776 1223 Monachi,
1801 1192 1837 1217 ut
1860 1185 1939 1217 nihil
1963 1187 2025 1217 iam
2050 1187 2157 1217 dicam
2176 1186 2217 1217 de

1236 1229 1334 1259 variis
1359 1230 1519 1260 abusibus
1544 1230 1575 1259 in
1600 1230 1795 1260 ceremoniis
1822 1230 2004 1270 papisticis.
2041 1228 2217 1261 Manifeste

1234 1273 1330 1302 etiam
1354 1273 1453 1313 impia
1477 1279 1527 1303 est
1550 1273 1725 1313 probibitio
1750 1273 1901 1313 coniugii.

1321 1314 1411 1346 llaec
1435 1322 1557 1357 quanta
1581 1326 1653 1346 cum
1677 1316 1814 1346 saevitia
1839 1322 1870 1346 et
1895 1314 2090 1347 crudelitate
2115 1315 2217 1346 stabi-

1233 1357 1372 1395 liantur,
1407 1365 1439 1389 et
1463 1369 1560 1400 quam
1583 1357 1676 1390 multi
1700 1359 1939 1390 interficiantur
1962 1358 2124 1400 quotidie,
2160 1358 2217 1399 qui

1235 1402 1405 1432 erroribus
1430 1407 1461 1432 et
1485 1400 1583 1432 idolis
1607 1400 1672 1432 illis
1698 1403 1940 1440 contradicunt,
1960 1412 2015 1433 res
2039 1402 2112 1441 ipsa
2135 1401 2216 1432 satis

1235 1445 1390 1475 ostendit.
1448 1444 1561 1486 ltaque
1597 1455 1738 1476 caussae
1771 1446 1854 1476 istae
1890 1451 1967 1476 sunt
2001 1443 2216 1483 sufficientes,

1235 1497 1339 1528 quare
1373 1487 1608 1528 profiteamur,
1643 1499 1705 1519 nos
1741 1498 1807 1519 non
1839 1489 1937 1519 modo
1968 1487 2146 1519 dissentire
2173 1487 2216 1518 ab

1234 1529 1318 1568 illis,
1343 1531 1403 1561 sed
1427 1531 1524 1562 etiam
1547 1531 1676 1561 discere
1700 1533 1740 1562 ab
1772 1541 1886 1562 eorum
1916 1537 2031 1567 coetu3
2062 1531 2138 1572 quia
2161 1530 2216 1562 de·

1234 1572 1388 1604 sensores
1424 1572 1535 1604 talium
1571 1574 1750 1605 enormium
1786 1584 1934 1605 errorum
1969 1580 2000 1604 et
2040 1572 2216 1611 idolorum,

1234 1626 1299 1647 non
1324 1623 1401 1647 sunt
1424 1617 1572 1647 membra
1596 1615 1790 1654 Ecclesiae,
1820 1617 1906 1647 sicut
1934 1615 2012 1647 olim
2043 1616 2216 1647 Pharisaei

1235 1666 1265 1690 et
1288 1659 1452 1690 Saducaei
1477 1670 1542 1689 non
1567 1658 1699 1690 fuerunt
1722 1658 1897 1691 Ecclesiae
1921 1660 2081 1697 membra,
2105 1668 2216 1700 quam-

1234 1703 1283 1733 vis
1308 1703 1562 1732 dominabantur
1583 1703 1615 1732 in
1640 1701 1802 1733 Ecclesia.

1322 1745 1463 1780 Quando
1489 1744 1613 1775 Paulus
1633 1746 1792 1776 docentes
1815 1743 1904 1775 aliud
1917 1744 2133 1787 Evangelinm
2157 1754 2215 1776 no-

1238 1789 1338 1819 minat
1360 1787 1578 1821 Anatlzemata,
1603 1789 1712 1819 onmia
1737 1786 1975 1828 complectitur,
1999 1797 2216 1829 quaecunque

1238 1831 1301 1862 dici
1324 1836 1465 1872 possunt
1489 1839 1603 1862 contra
1628 1831 1741 1862 hostes
1754 1829 1937 1869 Ecclesiae,
1957 1841 2018 1861 nec
2041 1831 2217 1871 quicquam

1238 1874 1300 1904 dici
1326 1880 1435 1914 potest
1459 1875 1615 1906 atrociuS.
1651 1874 1823 1916 Significat
1846 1874 1929 1904 enim
1953 1872 2127 1904 anathema
2149 1883 2218 1904 rem

1239 1916 1459 1948 execrabilem
1479 1923 1511 1948 et
1531 1918 1728 1948 destinatam
1746 1918 1855 1954 exitio,
1875 1917 1968 1948 cuius
1988 1917 2103 1947 umbra
2119 1917 2218 1947 etiam

1239 1966 1337 1991 nocet
1363 1959 1447 1990 aliis:
1507 1959 1548 1988 Es
1576 1960 1671 1989 heiset
1703 1962 1750 1989 ein
1780 1959 1943 1997 vei-slucleet
1967 1959 2031 1988 und
2053 1959 2218 1988 ver-bonnet

1239 2003 1327 2042 ditty,
1352 2002 1416 2032 und
1435 2007 1538 2034 elevas.
1559 2003 1618 2031 das
1641 2014 1709 2031 man
1734 2004 1811 2041 anslsss·
1833 2006 1982 2031 mosei-ste
2004 2001 2066 2031 soll
2087 2002 2215 2035 melden,

1238 2046 1303 2075 und
1325 2047 1378 2074 mil
1401 2045 1554 2075 lzoclzstem
1574 2046 1644 2083 fleis
1665 2045 1787 2087 sliehen.

1326 2114 1519 2146 Adversarii
1544 2114 1711 2144 nominant
1735 2123 1796 2144 nos
1820 2113 2051 2144 schismaticos·
2081 2120 2113 2144 et
2140 2112 2218 2144 hae-

1209 2162 1213 2203 Ι
1239 2158 1377 2195 reticos,
1401 2158 1460 2188 sed
1480 2155 1582 2187 inulto
1607 2160 1717 2187 verius
1741 2168 1759 2187 a
1783 2158 1878 2188 nobis
1904 2156 1949 2187 illi
1974 2157 2137 2188 habentur
2156 2167 2215 2196 pro

517 2198 877 2238 schismatis.
1210 2207 1212 2250 ;

1210 2255 1212 2268 i

206 2293 321 2344 Quae
362 2300 455 2333 sunt
494 2308 590 2347 ergo
632 2307 796 2332 caussae
837 2292 1088 2331 discessionis
1129 2286 1212 2350 ab{

237 2371 299 2410 illo
332 2377 469 2420 coetu,
504 2370 570 2423 qui
602 2369 706 2423 gerit
738 2383 886 2408 nomen
919 2376 960 2408 et
992 2369 1153 2408 titulum

277 2448 492 2496 Ecclesiae,
526 2454 568 2487 et,
599 2447 726 2486 habet,
757 2446 1041 2486 auctoritatem
1074 2453 1116 2485 et

424 2532 670 2580 potestatem
703 2523 968 2563 ordinariam?

293 2607 386 2639 Tunc
408 2614 459 2639 est
485 2607 734 2643 discedendum,
757 2605 890 2647 quando
912 2604 1134 2636 labefactatur
1152 2612 1183 2636 et

1237 2200 1462 2237 anathemate,
1486 2200 1668 2230 secundum
1694 2199 1841 2230 Paulum.
1898 2200 1974 2231 ldeo
1998 2210 2064 2230 non
2089 2210 2217 2230 movea-

1238 2255 1310 2275 mur
1334 2242 1463 2274 illornm
1489 2241 1698 2274 clamoribus.
1744 2243 1930 2274 Teneanius
1962 2243 2050 2274 hunc
2080 2240 2217 2284 syllogi-

1238 2298 1345 2319 smum
1370 2286 1520 2317 firmiter:

1324 2346 1456 2376 Nes-esse
1479 2349 1524 2374 est
1547 2345 1709 2375 discedere
1739 2357 1757 2375 a
1788 2346 1950 2383 manifeste
1977 2344 2162 2384 blosplwmis
2188 2348 2218 2374 et

1366 2388 1564 2421 idololatris,
1581 2390 1765 2427 praesertim
1789 2388 2024 2426 defendentibus
2046 2389 2217 2427 pertinaci-

1367 2436 1413 2461 ter
1436 2431 1641 2470 blasphemias
1663 2436 1692 2460 ct
1715 2431 1934 2461 idololatrias:

1325 2475 1477 2514 Papistac
1507 2475 1667 2512 manifeste
1701 2475 1872 2512 defendunt
1901 2473 1990 2503 idola
2021 2478 2050 2503 et
2080 2473 2217 2512 blasphe-

1367 2528 1458 2547 nnus:

1323 2561 1409 2599 Eryo
1433 2561 1600 2589 nea-essitas
1622 2560 1710 2589 nobis
1732 2561 1879 2590 incumbit
1902 2559 2089 2590 discedendi
2112 2569 2129 2588 α
2155 2558 2214 2588 Pa-

1364 2605 1469 2643 pistis.
