2374 2985
221 181 281 214 151

220 284 271 310 est
291 275 377 315 aula,
397 282 432 308 ut
451 277 583 308 dicitur:
606 277 715 314 Qualis
729 280 775 307 est
793 276 933 313 (lomina,
956 275 1037 306 tales
1054 275 1199 305 catvllue.

220 321 301 352 Item
336 320 589 351 dominabantur
623 325 700 350 tnnc
733 318 903 350 Pharisaei
938 324 969 349 ct.
1003 317 1200 354 Sadducaei,

220 364 371 395 homines
396 362 587 404 simpliciter
611 361 711 394 ἄθεοι.
734 362 769 393 ln
790 372 927 397 summa,
951 367 1041 391 erant
1066 366 1144 391 tnnc
1167 360 1201 391 in

221 406 277 438 illo
302 405 425 447 populo
449 407 610 437 maximae
635 405 864 442 contusiones,
894 403 1052 444 plurimae
1076 409 1200 441 sectae,

221 456 253 481 et
278 450 388 481 omnia
412 455 505 481 erant
530 449 670 480 turbata.

440 615 521 655 Ubi
554 629 650 669 ergo
683 620 767 653 erat
796 612 996 653 Ecclesia?

306 705 401 737 Deus
434 706 589 737 servabat
616 705 825 741 Zachariam,
860 704 1065 742 Simeonem,
1098 702 1203 735 Elisa-

220 749 311 787 beth,
335 749 487 786 Annam,
510 748 669 786 Mariam,
698 754 729 778 et
753 757 902 778 sororem
928 747 1043 784 huius,
1084 745 1203 788 loseph

220 800 248 824 et
275 791 396 823 multos
426 791 521 823 alios.
553 791 591 821 lli
616 796 710 821 erant
733 790 895 821 coniuncti
920 788 1204 829 confessione,in-

219 836 406 872 vocatione,
426 842 454 866 et
471 833 543 865 aliis
558 834 685 865 officiis.
704 833 814 875 Atque
830 834 874 864 ita
888 840 957 864 erat
970 832 1080 874 aliqua
1094 840 1202 865 tamen

218 877 382 910 Ecclesia.
431 878 522 909 Sicut
547 878 599 908 hit·
626 877 758 908 videtis:
793 878 900 907 statim
925 882 1104 918 postquam
1127 887 1204 908 con-

220 928 334 961 ceptus
364 928 415 953 est
443 919 544 951 Filius
564 919 626 951 Dei
650 921 680 951 in
706 926 799 951 utero
823 920 979 961 virginiS,
1009 921 1070 950 ista
1096 920 1204 962 virgo,

219 964 334 996 relicta
364 965 490 1005 patria,
523 964 611 994 venit
636 964 677 994 ad
702 974 794 994 suam
824 970 999 1004 cognatam
1029 962 1204 994 Elizabeth

220 1018 277 1049 per
299 1008 341 1038 20
366 1006 507 1038 miliaria
528 1006 735 1047 mzytserlt't'lz.
774 1005 858 1037 Num
882 1006 1044 1037 nostratia
1067 1005 1204 1037 miliaria

221 1052 261 1082 19
284 1049 373 1089 funt,
407 1056 439 1081 et
463 1049 632 1091 aliquanto
667 1047 808 1091 amplius
832 1060 850 1080 a
874 1048 1055 1087 Nazareth,
1089 1048 1204 1081 Hiero-

220 1092 379 1136 solymam
403 1103 519 1134 usque.

305 1135 362 1167 llle
394 1142 527 1167 tractus
558 1135 745 1166 nominatur
769 1135 949 1172 Montana,
985 1135 1060 1176 quia
1084 1135 1204 1166 Iudaea

218 1178 277 1212 suit
301 1180 332 1210 in
356 1178 442 1210 locis
470 1179 645 1209 montanis.
690 1177 849 1209 Planities
874 1177 932 1209 fuit
956 1178 1045 1209 circa
1063 1178 1204 1209 Samari·

219 1233 288 1261 am,
318 1223 350 1253 in
383 1223 473 1253 tribu
503 1221 670 1262 Ephraim.
716 1221 814 1252 Circa
848 1220 1062 1252 Hierichunta
1085 1231 1204 1252 versus

219 1266 420 1303 Samariam,
459 1271 491 1296 et
520 1274 641 1296 versus
672 1262 935 1305 Hierosolymam
970 1262 1101 1296 fuerunt
1130 1263 1205 1295 loca

218 1315 385 1340 montana.

304 1351 412 1384 Maria
437 1350 547 1392 igitur,
570 1356 605 1381 ut
629 1350 706 1389 dixi,
728 1351 839 1381 statim
863 1350 991 1381 accedit
1009 1350 1052 1381 ad
1081 1360 1203 1391 cogna-

218 1401 302 1434 tam,
336 1400 367 1426 et
393 1394 435 1425 ad
463 1393 678 1431 Zachariam,
712 1400 743 1424 et
771 1391 854 1424 alios
879 1399 1017 1424 sanctos
1040 1392 1202 1424 homines.

218 1438 266 1470 lbi
297 1438 518 1475 conveniunt,
553 1443 585 1468 et
620 1437 761 1468 eduntur
795 1437 982 1471 testimonia
1011 1436 1051 1468 de
1086 1446 1204 1468 conce-

218 1482 331 1522 ptione
350 1480 508 1518 Messiae,
532 1480 650 1521 quibus
675 1486 707 1511 et
725 1479 808 1520 ipsa,
833 1486 864 1511 et
883 1479 937 1511 alii
957 1479 1204 1511 confirmantur.

218 1523 332 1556 lufaus
358 1528 522 1561 movetur,
547 1523 650 1561 exilit,
671 1522 759 1555 saltu
783 1522 948 1564 significat
967 1523 1120 1564 gaudium
1140 1523 1205 1564 spi-

219 1567 346 1600 rituale.
383 1567 459 1608 lpsa
483 1572 587 1597 mater
602 1565 777 1597 Elizabeth
797 1567 895 1597 sentit
918 1566 951 1597 in
976 1567 1076 1598 corde
1095 1571 1204 1597 motus

219 1609 421 1652 spirituales,
436 1611 520 1641 sicut
539 1610 670 1641 motus?
693 1610 832 1651 Spiritus
845 1610 951 1641 sancti
967 1620 1045 1641 vere
1059 1610 1204 1640 sentiun-

220 1659 282 1686 tur.
329 1653 441 1685 Timor
465 1652 547 1690 Dei,
586 1651 712 1684 laetitia
735 1654 767 1684 in
791 1652 865 1685 Deo
890 1653 1043 1684 sentitur:
1084 1653 1127 1684 ita
1151 1652 1205 1683 hic

219 1698 338 1739 ingens
367 1703 489 1733 motus,
518 1696 573 1737 qni
606 1696 717 1727 debuit
745 1706 821 1727 esse
850 1696 1070 1727 testimonium
1101 1696 1141 1726 de
1168 1705 1205 1726 re
1230 1710 1232 1721 ι

221 1742 364 1772 omnium
388 1740 546 1776 maxima,
570 1738 671 1770 multo
695 1740 801 1781 magis
824 1740 974 1770 sentitur.
1010 1739 1131 1770 Postea
1154 1748 1205 1769 re-

220 1785 363 1826 spondet
387 1782 471 1814 alius
496 1788 606 1813 motus
630 1783 661 1813 in
685 1781 791 1814 Maria
814 1782 954 1824 virgine,
994 1793 1068 1814 cum
1103 1782 1203 1813 canit:

220 1827 415 1869 Mayuificat
445 1827 553 1857 misma
582 1836 649 1856 meo
686 1825 869 1857 Dominum.
932 1825 1083 1857 Eduntur
1110 1825 1204 1865 quasi

220 1881 279 1912 per
303 1871 395 1902 vices
419 1869 620 1906 testimonia,
645 1869 675 1899 in
699 1867 755 1899 illa
780 1870 895 1900 domo:
924 1867 1030 1900 Maria
1054 1868 1144 1899 audit
1164 1869 1204 1899 de

222 1914 440 1954 conceptione
477 1911 649 1943 lobannis:
685 1911 859 1944 Elizabeth
893 1912 956 1942 iam
992 1918 1062 1942 erat
1096 1912 1231 1942 vicina=

221 1958 344 1999 partui:
382 1955 487 1988 Maria
522 1961 630 1986 manet
657 1955 743 1995 apud
767 1965 855 1992 eam,
889 1965 996 1995 usque
1019 1955 1058 1985 ad
1083 1965 1205 1985 nonum
1230 1964 1231 1972 ¹

222 2010 389 2037 mensem,
425 2009 490 2039 quo
521 1997 692 2029 Elizabeth
723 1999 859 2039 peperit.
906 1997 1026 2029 Mansit
1052 1999 1136 2029 enim
1161 1997 1205 2028 ibi

222 2049 290 2074 tres
315 2052 448 2074 menses
472 2047 572 2072 totos.
619 2041 771 2072 [hristus
796 2047 848 2072 est
872 2047 1053 2081 conceptus
1076 2041 1127 2072 ⁶25.
1153 2041 1206 2071 die

222 2087 345 2118 mensis
361 2085 482 2122 Martii,
507 2090 537 2115 et
555 2090 633 2115 tunc
654 2083 712 2115 suit
731 2085 872 2115 vicinum
892 2090 1020 2124 tempus
1037 2084 1205 2115 l’ascliati.

223 2130 339 2162 Statim
376 2134 452 2170 post
494 2129 745 2168 conceptionem
782 2128 853 2168 ipsa
894 2126 1045 2167 profecta
1080 2133 1131 2158 est
1164 2127 1207 2157 ad

223 2183 316 2204 suam
341 2177 531 2211 cognatam,
555 2171 595 2201 ad
617 2169 766 2208 Pascha,
802 2171 876 2211 quia
899 2169 956 2201 suit
982 2170 1137 2201 usitatum
1159 2170 1207 2201 ire

223 2215 374 2247 homines
399 2216 440 2245 ad
465 2213 607 2244 Pascha.

311 2258 454 2299 Dignum
480 2263 531 2288 est
555 2262 664 2288 autem
689 2255 836 2297 diligenti
867 2256 1133 2287 consideratione
1160 2262 1208 2286 et-

224 2304 287 2333 iam
307 2301 374 2332 hoc
391 2311 547 2340 inagnum
566 2298 771 2336 miraculum,
794 2299 881 2339 quod
902 2308 1000 2339 saepe
1021 2299 1208 2339 repetimus,

224 2345 352 2375 Videtis
373 2343 425 2374 hic
448 2342 635 2374 Ecclesiam
660 2343 818 2373 custodiri
838 2340 941 2372 aDeo
966 2343 1054 2372 iuxta
1073 2343 1208 2373 dictum:

226 2387 329 2419 Posui
348 2387 447 2417 rerba
472 2397 541 2417 mea
565 2387 595 2417 ιή
620 2396 676 2417 ore
701 2389 771 2422 tuo,
802 2389 830 2415 e!
859 2385 978 2416 dama
1007 2396 1075 2415 mea
1097 2389 1208 2425 prote-

223 2442 299 2473 gam
323 2435 363 2467 te,
386 2434 419 2460 ut
442 2431 571 2470 plumes
597 2430 712 2461 coelos.
758 2427 804 2459 lbi
833 2426 977 2469 loquitur
1005 2439 1069 2459 vox
1100 2428 1208 2459 divina

227 2475 267 2506 de
291 2480 360 2504 toto
385 2473 582 2509 ministerio,
615 2473 656 2503 de
680 2471 857 2508 ministris,
885 2477 915 2502 ct
938 2471 978 2501 de
1003 2469 1137 2512 populo.
1172 2471 1207 2502 Si

227 2524 339 2548 servat
370 2517 602 2554 ministerium,
634 2521 747 2547 servat
780 2514 876 2545 etiam
897 2512 1039 2555 aliquem
1069 2521 1206 2545 coetum.

227 2560 322 2592 Deus
352 2558 419 2590 vult
446 2570 581 2590 servare
609 2569 714 2600 genus
737 2558 914 2589 humanum
939 2563 1072 2598 prepter
1096 2556 1210 2588 Eccle-

229 2604 325 2634 siam:
364 2601 520 2633 Ecclesia
547 2609 702 2633 servatur
736 2601 768 2632 in
791 2610 915 2642 genere
948 2600 1110 2637 humano,
1144 2610 1209 2631 non

227 2645 357 2678 habens
381 2643 606 2677 defensionem
630 2644 784 2687 aliquam.

864 180 976 212 PlllL.
999 179 1102 211 MRL.
1127 178 1313 211 SCRIPTA
1336 177 1598 210 EXEGETICA.

2171 180 2234 214 152

1338 271 1441 303 Posui
1460 272 1585 311 verbm]
1631 271 1723 303 Haec
1747 278 1797 304 est
1821 279 1899 304 nota
1922 283 1982 304 seu
2005 274 2148 306 conditio
2171 275 2234 307 Ec-

1252 314 1384 347 clesiae.
1430 314 1552 346 Postea
1577 321 1628 346 est
1651 316 1844 356 promissio:
1877 317 1988 348 umbra
2012 327 2124 349 manus
2146 328 2236 350 meae

1251 363 1419 400 proteymn
1454 363 1492 390 te.
1550 358 1623 400 lpse
1653 357 1908 390 clcmentissime
1944 366 1975 391 ct
2010 361 2157 393 bonitate
2187 362 2234 392 in-

1253 402 1429 433 enarrabili
1447 408 1559 433 servat
1576 400 1706 442 aliquos
1721 408 1848 433 coetus.
1880 403 1950 433 Nos
1964 403 2061 434 etiam
2074 403 2235 436 habemus

1254 455 1427 482 caussam,
1459 456 1517 476 cur
1540 456 1599 486 pro
1629 444 1693 476 hoc
1717 446 1878 477 beneficio
1901 457 2039 488 agamus
2063 445 2136 479 Deo
2160 458 2234 490 gra-

1254 488 1329 520 tias.
1376 488 1450 519 Non
1476 488 1633 519 habemus
1658 487 1884 520 defensionem
1908 489 2094 523 humanam.

1341 531 1491 562 Herodes
1521 542 1586 562 non
1621 537 1698 562 tunc
1732 532 1764 562 id
1797 533 1936 573 agebat,
1971 539 2005 564 ut
2044 532 2236 565 defenderet

1254 573 1460 611 Ecclesiam,
1485 575 1549 605 imo
1573 573 1694 606 multos
1719 574 1948 606 interficiebat.
1994 575 2067 616 lpse
2091 587 2156 607 non
2181 577 2236 609 de-

1226 648 1231 666 1
1254 617 1409 649 fendebat
1430 618 1580 655 Mariam,
1606 617 1738 658 loseph,
1762 624 1793 648 et
1817 617 1952 650 similes.
1998 619 2113 651 Potius
2137 620 2236 651 inter-

1255 660 1389 692 fecisset
1413 670 1488 698 eos,
1512 661 1540 691 si
1564 661 1595 691 in
1615 661 1686 692 eins
1710 671 1826 692 manus
1850 662 2090 702 pervenissent.
2136 662 2236 694 Prae-

1256 711 1346 735 terea
1370 705 1579 744 vagabantur
1602 705 1632 734 in
1657 703 1778 735 Iudaea
1801 706 1937 746 pessimi
1959 704 2120 737 homines.
2159 705 2235 737 Non

1254 746 1385 779 [uerunt
1420 747 1567 778 homines
1605 747 1787 777 deteriore-2
1819 749 1850 778 in
1875 754 1944 779 toto
1963 749 2044 779 orbe
2063 754 2237 787 terrarum,

1256 801 1353 832 quam
1378 789 1422 821 illi
1448 788 1565 821 milites
1589 790 1736 827 Arabici,
1761 790 1917 829 Parthici,
1940 791 2148 832 Aegyptiaci,
2172 791 2236 823 Ro-

1255 834 1354 866 mani.
1400 833 1459 864 llis
1484 834 1573 864 mixti
1597 839 1692 864 crant
1721 833 1830 865 ludaei
1854 834 2050 874 Apostatae.
2097 834 2237 876 Semper

1255 876 1562 917 autemApostatae
1582 883 1656 908 sunt
1678 878 1820 916 pessimi.
1857 876 1935 908 lllae
1958 878 2056 919 igitur
2079 876 2237 919 pulchrae

1255 918 1409 951 mulieres
1433 926 1641 960 praestantes
1664 919 1781 959 forum,
1806 927 1836 951 81
1862 921 2015 962 ingeniis,
2040 922 2238 962 tegebantur

1256 963 1422 994 divinitus.
1441 962 1514 993 Etsi
1531 968 1732 1004 appetuntur
1746 962 1843 1001 tales,
1867 974 1928 995 nec
1944 963 2075 995 suerunt
2091 965 2238 1005 ignotae,

1256 1012 1362 1037 tamen
1386 1012 1462 1037 sunt
1482 1007 1648 1039 defensae.
1693 1005 1747 1037 Ad
1775 1005 1839 1037 hoc
1863 1006 2048 1048 exemplum
2072 1006 2238 1038 defensio·

1256 1050 1306 1079 nis
1338 1049 1470 1080 divinae
1501 1049 1670 1091 adiungite
1700 1048 1766 1080 lioc
1795 1050 1891 1080 etiam
1924 1051 2059 1081 dictum:
2099 1049 2176 1081 Νοπ
2203 1050 2238 1081 in

1256 1094 1414 1129 exercitu,
1449 1101 1511 1122 non
1540 1094 1573 1122 [η
1602 1092 1737 1128 rohsn-e,-
1771 1093 1827 1124 sed
1857 1093 1889 1123 in
1917 1093 2058 1124 Domino
2082 1093 2152 1124 Deo
2172 1097 2235 1124 tuo.

1256 1135 1355 1172 ltem,
1391 1135 1457 1165 liro
1491 1136 1572 1165 sicut
1606 1144 1720 1166 murus
1752 1136 1863 1176 &neus
1890 1136 1923 1166 in
1951 1137 2089 1167 cirmu‘tu
2117 1146 2236 1167 torum·

1227 1160 1232 1214 l
1256 1177 1330 1208 Vos
1348 1178 1454 1214 scitis,
1472 1183 1621 1219 tempore
1639 1178 1821 1209 obsidionis
1835 1178 1932 1210 huius
1952 1179 2043 1211 urbis
2063 1180 2238 1221 coniugem

1255 1220 1409 1262 Magistri
1427 1220 1594 1258 Andreae,
1617 1225 1801 1251 matronam
1823 1221 1999 1252 honestam
2023 1228 2055 1253 et
2073 1228 2237 1260 sanctam,

1255 1264 1415 1296 habuisse
1438 1264 1616 1301 somnium,
1640 1264 1670 1294 in
1696 1274 1761 1304 quo
1785 1265 1863 1295 vidit
1883 1275 1984 1305 supra
2007 1264 2162 1305 oppidum
2184 1264 2238 1296 iri·

1256 1307 1347 1345 dem,
1372 1312 1403 1337 et
1428 1306 1535 1337 Deum
1566 1312 1728 1338 tenentem
1752 1305 1843 1338 illam
1867 1307 1998 1344 iridem,
2029 1318 2124 1349 quam
2148 1307 2238 1340 vide·

1256 1351 1353 1381 batur
1376 1350 1471 1391 quasi
1494 1349 1667 1391 amplexus
1691 1359 1776 1380 esse.
1805 1350 1877 1381 Fuit
1896 1350 2128 1391 significatum,
2149 1350 2239 1391 quod

1256 1392 1347 1424 Deus
1373 1398 1461 1424 esset
1485 1398 1679 1424 servaturus
1702 1392 1804 1430 istos,
1829 1393 1884 1434 qui
1908 1392 1962 1424 hic
1985 1399 2090 1430 erant,
2113 1403 2180 1424 non
2203 1393 2238 1424 in

1256 1437 1393 1474 robore,
1417 1446 1484 1466 non
1508 1436 1539 1466 in
1564 1436 1732 1473 exercitu,
1761 1436 1821 1467 sed
1844 1437 1875 1466 in
1898 1435 2041 1467 Domino
2072 1435 2146 1467 Deo
2169 1441 2237 1468 tuo.

1344 1478 1511 1520 Propheta
1535 1479 1577 1509 ibi
1602 1477 1738 1509 clamat:
1768 1478 1838 1509 Ah!
1868 1480 2034 1521 quomodo
2062 1477 2238 1510 defenden-

1257 1529 1309 1554 tur
1328 1522 1383 1552 isti
1412 1522 1523 1553 miseri
1552 1521 1727 1553 homines?
1760 1522 1965 1553 advenerant
1995 1533 2035 1554 ex
2062 1521 2239 1564 Babylone

1228 1591 1233 1622 ξ
1256 1564 1536 1607 Hierosolymam,
1555 1571 1585 1597 et
1605 1575 1671 1596 non
1688 1564 1854 1596 habebant
1874 1565 1983 1597 adhuc
1999 1564 2238 1601 defensionem,

1228 1627 1232 1673 5
1257 1620 1323 1640 non
1346 1607 1513 1640 habebant
1544 1609 1692 1646 moenia,
1727 1615 1820 1639 erant
1844 1608 1966 1639 multae
1988 1607 2162 1646 mulieres,
2190 1608 2238 1639 in-

1229 1677 1233 1708 Ι
1257 1652 1384 1690 santes,
1420 1662 1530 1683 senes.
1576 1651 1657 1682 Erat
1681 1649 1856 1682 imbecillis
1881 1652 1996 1689 turba,
2024 1651 2122 1683 vicini
2145 1655 2240 1682 erant

1258 1697 1305 1727 eis
1329 1694 1456 1733 infesti,
1485 1695 1684 1726 exercebant
1709 1693 1899 1732 latrocinia,
1932 1693 2089 1725 nolebant
2111 1693 2240 1725 restitui

1229 1726 1233 1794 Ξ
1257 1737 1538 1779 Hierosolymam:
1573 1738 1650 1779 quia
1680 1738 1869 1768 metuebant
1898 1747 1936 1768 se
1958 1736 2079 1779 expelli
2098 1747 2138 1768 ex
2162 1746 2239 1778 pos-

1257 1782 1478 1818 sessionibus,
1502 1791 1584 1822 quas
1610 1787 1870 1821 occupaverant}
1902 1787 1931 1811 et
1956 1790 2041 1821 opus
2065 1786 2117 1812 est
2139 1780 2239 1821 impe-

1229 1825 1357 1879 'ditum
1391 1822 1501 1854 multis
1536 1824 1704 1864 practicis.
1751 1822 1834 1854 Petit
1870 1834 1952 1865 ergo
1987 1823 2170 1864 Propheta,
2204 1828 2239 1853 ut

1229 1887 1232 1923 y
1257 1867 1351 1898 Deus
1376 1866 1529 1898 defendat
1556 1865 1724 1908 populum.
1760 1866 1951 1907 Respondet
1975 1866 2085 1897 Deus:
2111 1865 2188 1896 Non
2206 1866 2240 1896 ἱπ

1256 1911 1391 1947 robore,
1424 1919 1487 1941 mm
1515 1911 1547 1940 in
1573 1911 1726 1940 czerciln.
1773 1909 1844 1940 Hoc
1868 1910 1989 1940 dictum
2018 1909 2239 1948 considerate,

1259 1954 1445 1995 cogitantes
1469 1954 1510 1984 de
1534 1952 1597 1984 hac
1621 1952 1768 1983 historia.

1229 1978 1233 2045 i
1344 1996 1410 2028 Ista
1434 1994 1543 2038 puella
1567 1994 1647 2027 facit
1671 1996 1732 2026 iter
1754 1995 1786 2025 in
1811 1994 1981 2032 Iudaeam,
2007 2000 2037 2025 et
2063 2001 2172 2025 manet
2194 1993 2238 2025 ibi

1259 2047 1327 2072 tres
1351 2050 1503 2076 menses,
1538 2045 1568 2069 et
1592 2038 1701 2070 foetus
1725 2038 1787 2068 iam
1811 2044 1879 2068 erat
1903 2039 1998 2068 trium
2023 2038 2183 2068 mensium
2205 2037 2237 2068 in

1230 2090 1233 2103 *
1258 2091 1360 2116 utero.
1395 2083 1488 2114 Deus
1512 2088 1621 2113 tannen
1647 2081 1723 2111 texit
1748 2090 1832 2117 eam,
1857 2082 1919 2111 (las
1941 2082 2014 2111 sind
2034 2081 2106 2111 ez'lel
2124 2089 2241 2121 grosse

1230 2108 1234 2172 ἱ
1260 2125 1428 2163 miracula,
1448 2135 1531 2166 quae
1550 2125 1653 2155 Maria
1674 2125 1768 2154 etiam
1787 2122 1932 2154 celebrat
1953 2125 1984 2154 in
2004 2134 2065 2155 sno
2085 2123 2239 2154 Cantico:

1231 2187 1234 2206 t
1258 2169 1352 2201 Deus
1373 2167 1564 2200 mirabiliter
1588 2178 1649 2197 nos
1675 2167 1769 2207 tegit,
1804 2173 1833 2197 et
1865 2173 1976 2197 servat
2007 2168 2039 2198 in
2072 2165 2238 2198 Ecclesia:

1231 2214 1234 2241 ἱ
1260 2213 1336 2254 quia
1360 2212 1484 2247 omnia,
1508 2220 1593 2252 quae
1617 2211 1691 2240 ‹licit
1716 2209 1832 2247 Maria,
1857 2210 1984 2241 debetis
2008 2207 2240 2241 universaliter

1230 2276 1238 2615 ι
1260 2257 1300 2286 de
1324 2262 1392 2286 tota
1404 2253 1558 2286 Ecclesia
1582 2252 1777 2295 intelligere.
1823 2252 1928 2284 Maria
1951 2263 2081 2294 semper
2106 2262 2239 2292 reprae-

1260 2305 1369 2330 sentat
1393 2296 1590 2328 Ecclesiam.

1346 2341 1538 2371 Recitantur
1566 2344 1674 2370 autem
1697 2339 1781 2376 ista,
1814 2339 1890 2380 quia
1914 2338 2008 2370 Deus
2031 2336 2101 2369 vult
2125 2343 2243 2369 extare

1260 2384 1445 2416 testimonia
1467 2383 1507 2413 ‹le
1532 2382 1601 2413 suis
1625 2381 1902 2421 patefactionibus
1924 2383 1956 2413 in
1981 2381 2146 2419 Ecclesia,
2170 2379 2242 2411 vult

1260 2427 1486 2459 consociatam
1509 2435 1586 2456 esse
1610 2423 1806 2462 Ecclesiam,
1829 2431 1864 2456 ut
1888 2425 2006 2456 dzcttur
2029 2425 2060 2455 in
2085 2422 2239 2455 Psalmo:

1260 2470 1463 2502 Hierusalmn
1486 2469 1679 2510 aedificatur
1701 2473 1735 2499 ut
1759 2469 1890 2506 civitas,
1914 2469 2004 2499 cw'us
2026 2466 2242 2508 partz'ctpatz'o

1260 2515 1294 2545 in
1316 2514 1350 2544 ic!
1375 2514 1492 2553 ipsum:
1528 2522 1593 2542 was
1620 2512 1662 2542 t‘st
1688 2512 1823 2552 yeredt?
1846 2511 1878 2542 id
1896 2517 1959 2549 est,
1982 2520 2067 2551 quae
2087 2516 2138 2540 est
2162 2519 2241 2540 con-

1262 2557 1390 2588 sociata
1406 2557 1437 2586 in
1458 2555 1488 2586 id
1511 2555 1637 2596 ipsum3
1660 2554 1724 2586 hoc
1747 2561 1808 2593 est,
1831 2553 1938 2585 simul.
1962 2553 2055 2584 Deus
2076 2551 2153 2585 vult,
2164 2561 2241 2583 esse

1263 2599 1556 2632 consociationem.

1607 2597 1683 2628 Non
1713 2598 1851 2628 deserite
1885 2597 2163 2638 congreyatt‘onem
2189 2605 2242 2626 ve-

1263 2647 1376 2680 stram,
1410 2643 1511 2683 inquit
1541 2639 1688 2681 Epistola
1711 2641 1751 2671 ad
1776 2639 1959 2672 Hebraeos.

2006 2639 2118 2677 Scids,
2153 2637 2242 2680 quod
