2374 2985
133 197 175 231 21
819 197 1036 231 POSTILLA
1054 197 1406 229 MELANTHONIAN
1409 198 1449 228 Α.
2087 200 2129 230 22

135 304 222 324 mum.
257 292 445 324 Corrobora
469 302 539 330 cor,
555 299 590 324 ut
613 293 656 323 sit
677 291 771 323 firma
793 292 956 323 assensio.
1001 291 1106 332 Opor-

136 342 182 367 tet
206 345 390 376 congruere
420 345 478 366 cor
507 341 538 366 et
566 341 716 366 mentem.
771 334 866 366 Item:
900 334 949 364 Ne
981 336 1106 372 auferas

137 389 156 408 ιι
185 389 230 407 me
259 378 409 417 Spiritum
437 382 589 407 sanctum:
622 378 655 409 id
685 382 753 415 est,
781 377 1040 413 santificantem,
1072 383 1104 408 et

136 422 330 453 excitantem
359 426 467 452 motus
496 421 528 451 in
555 431 625 458 me,
659 421 748 451 iuxta
777 421 885 450 onmia
914 426 1103 461 praecepta.

134 463 302 504 Denique,
324 463 434 492 Redde
455 463 530 492 milti
552 463 717 498 lactitianu
740 462 773 493 id
796 468 864 500 est,
886 461 1030 493 laetifica
1052 472 1104 493 me

136 506 257 546 Spiritu
282 512 417 543 sancto,
440 507 585 537 accende
608 506 640 536 in
662 516 713 536 me
734 504 888 536 laetitiam
916 504 1104 536 salutarem.

135 548 274 580 Laetitia
306 547 459 579 laetantis
493 550 525 579 in
555 548 733 586 adulterio,
767 557 833 578 non
863 553 914 578 est
937 546 1104 584 salutaris,

136 592 196 622 sed
229 590 353 622 laetitia
386 590 538 622 laetantis
572 592 603 622 in
637 590 729 628 Deo,
765 596 816 621 est
848 588 1015 621 salutaris.
1062 589 1104 619 Et

136 635 257 673 Spiritu
278 633 453 673 principali
475 637 610 663 sustenta
633 643 693 662 me:
714 633 746 664 id
766 639 827 670 est,
846 632 967 674 Spiritu
987 637 1103 664 sancto

138 682 341 716 spontaneo,
382 682 500 716 sponte
534 677 723 713 obediente,
759 674 880 715 alacri,
915 674 1021 713 laeto,
1057 681 1103 713 ut,

136 718 246 750 David
276 725 326 750 est
356 718 462 749 laetus
494 719 525 749 in
556 717 669 756 exilio,
698 717 799 749 habet
828 716 1104 757 consolationem3

136 769 169 792 et
192 761 389 792 Laurentius
413 762 444 792 in
467 762 622 801 passione
645 771 705 792 sua
728 766 780 791 est
801 759 925 797 laetus;
950 771 1008 791 cor
1031 771 1104 792 sen-

137 805 173 835 tit
184 803 351 841 laetitiam,
371 804 495 834 etiamsi
519 813 639 845 corpus
662 804 766 835 uritur
789 804 821 834 in
845 802 1013 835 craticula.
1049 803 1104 835 Sic

137 847 178 877 de
201 847 368 887 Stephano
391 846 523 877 dicitur:

210 906 280 934 Ibat
299 916 392 934 ovans
414 906 540 941 am'mls,
563 909 593 934 et
615 915 670 944 spe
691 916 748 934 sna
767 905 879 934 damna
897 905 1026 935 levabas.

136 973 205 1002 Ibat
239 984 347 1006 ovum,
381 974 413 1003 id
442 980 509 1011 est,
545 974 576 1004 in
607 974 707 1004 corde
736 978 807 1004 erat
834 972 976 1009 laetitia3
999 977 1028 1003 et
1051 984 1104 1012 spe

137 1027 190 1044 ma
215 1016 327 1044 (lamna
350 1015 486 1045 levabat:
508 1016 539 1046 id
564 1022 630 1053 est,
654 1017 815 1046 retinebat
838 1026 947 1056 spem,
973 1017 1103 1048 intuens

135 1057 199 1089 Dei
222 1059 416 1096 bonitatem,
439 1059 513 1099 quia
536 1069 631 1089 nemo
654 1058 804 1096 lactatur,
824 1059 887 1089 nisi
909 1058 1029 1090 habeat
1050 1058 1105 1090 ali·

136 1111 232 1141 quam
256 1102 523 1141 promissionem,
547 1108 576 1132 et
599 1100 732 1142 aliquod
756 1102 888 1132 bonum.

221 1160 311 1191 Haec
338 1166 388 1191 est
415 1161 596 1191 communis
626 1161 775 1191 doctrina
799 1161 839 1191 de
862 1161 967 1191 tribus
989 1170 1104 1201 perso—

135 1204 204 1237 nis,
233 1214 328 1244 quam
359 1203 477 1234 auditis
506 1203 658 1243 quotidie.
716 1203 792 1233 Ideo
823 1213 910 1234 nunc
939 1213 1011 1233 sum
1033 1204 1103 1234 bre-

136 1246 217 1276 vior.
274 1246 396 1276 Sancte
429 1246 548 1275 dictum
583 1252 634 1276 est
666 1246 698 1276 in
729 1245 872 1276 Homero
901 1256 921 1276 a
944 1245 1103 1276 Nestore:

137 1287 330 1323 Procumina·
358 1298 457 1317 onmes
486 1288 658 1327 indiyemus
687 1289 806 1317 auscilio
835 1288 915 1321 Dei:
952 1289 1011 1318 sed
1038 1298 1103 1318 non

137 1336 187 1360 cst
218 1331 319 1367 satis,
349 1331 424 1370 quia
454 1337 583 1370 oportet
613 1331 774 1372 cogitare,
810 1332 886 1372 quid
909 1329 1102 1372 alloquaris,

135 1380 167 1402 et
190 1382 265 1402 num
290 1373 441 1403 exaudiat
464 1379 513 1410 te,
537 1383 630 1414 quem
654 1374 802 1404 invocas.

163 1472 173 1503 ι
220 1431 284 1462 lam
307 1432 591 1463 considerabimus
610 1433 860 1473 disputationem
879 1432 1049 1463 Nicodemi
1073 1438 1105 1463 et

136 1473 160 1504 (3
175 1474 265 1505 tristi.

209 1655 331 1695 Estne
364 1671 577 1696 conversus
609 1657 672 1696 hic
704 1657 951 1697 Nicodemus
982 1657 1035 1696 ad

502 1732 705 1773 Christum
714 1734 732 1773 ἶ)

222 1837 342 1868 Dicunt
368 1849 440 1869 euni
458 1849 533 1869 esse
553 1849 761 1876 conversum,
782 1846 813 1870 et
831 1840 984 1871 docuisse
998 1839 1103 1870 Evan-

138 1879 257 1921 gelium
281 1881 311 1910 in
330 1881 510 1919 Britannia,
534 1883 603 1912 sive
626 1881 690 1912 hoc
713 1888 761 1912 est
787 1892 911 1919 verum,
935 1882 1004 1913 sive
1026 1892 1104 1919 non,

137 1930 244 1953 tamen
270 1922 425 1953 credibile
449 1930 515 1960 est,
539 1935 611 1955 eum
635 1924 756 1955 alicubi
780 1925 942 1955 docuisse,
990 1923 1102 1958 Qualis

137 1972 187 1996 est
209 1965 292 1996 haec
315 1967 512 2006 disputatio?
557 1967 615 1997 Est
645 1967 819 2007 disputatio
849 1967 888 1996 de
912 1967 1100 1997 discrimine

137 2007 326 2048 disciplinae
359 2015 388 2039 et
423 2009 563 2039 iustitiae
597 2020 708 2040 coram
742 2009 830 2039 Deo:
866 2007 924 2039 Illa
960 2019 1101 2039 comnm-

137 2051 186 2079 nis
210 2057 259 2080 est
284 2051 475 2091 disputatio,
504 2062 600 2092 quam
631 2061 731 2092 saepe
757 2052 891 2082 auditis:
926 2050 982 2082 lllc
1012 2050 1102 2081 intel-

137 2090 206 2133 ligit
239 2093 409 2131 iustitiam,
445 2100 566 2124 tantum
591 2095 785 2132 rectionem,
819 2093 872 2124 vel
896 2095 1101 2134 gubernatio-

138 2144 210 2165 nem
240 2141 451 2166 externorum
485 2138 718 2171 membrorum,
755 2147 849 2177 quam
879 2146 1037 2167 vocamus
1059 2147 1103 2165 re-

137 2178 265 2206 ctionem
288 2178 497 2207 locomolc'vae.

162 2358 282 2398 Estne
315 2360 544 2413 disciplinae
577 2362 816 2414 gubernatio
849 2361 1042 2415 possibilis
1057 2362 1074 2401 ἱ(

221 2457 284 2495 lta,
308 2465 357 2488 est
382 2458 570 2498 possibilis,
601 2466 635 2490 tu
666 2466 760 2501 potes
785 2461 953 2491 continere
976 2469 1102 2497 manus‚
1127 2412 1131 2484 i

136 2504 168 2529 ut
201 2510 266 2530 non
300 2499 458 2532 furentur.
521 2502 680 2532 Erasmus
719 2504 760 2533 ad
794 2502 974 2533 Lutherum
1009 2503 1102 2532 dicit:

136 2540 219 2574 Quid
242 2546 287 2572 est
305 2544 434 2581 facilius
456 2554 543 2583 qnam
567 2555 670 2573 mmms
693 2547 862 2578 continere,
893 2556 929 2574 me
949 2548 1100 2582 furentur.

136 2583 198 2612 Cur
220 2594 293 2623 eryo
316 2586 398 2615 dic-is
421 2587 513 2625 lessam
536 2597 596 2615 non
621 2597 684 2616 esse
702 2588 904 2625 possibilium?
950 2588 1015 2618 Sed
1039 2586 1102 2617 Lu-

135 2625 247 2658 therus
289 2627 352 2659 hoc
393 2639 457 2659 non
504 2629 617 2660 voluit.

1128 658 1135 708 Ι
1157 649 1288 680 viuitus.

1156 292 1375 322 membrorum
1408 292 1588 322 rectionem
1623 301 1700 323 essc
1729 291 1941 333 possibilem,
1976 293 2033 323 sed
2063 303 2129 324 non

1157 334 1347 365 interiorum
1369 333 1554 365 affectuum.

1442 516 1565 556 Estne
1597 516 1844 556 necessaria?
1856 562 1859 563 ⁷

1242 606 1302 637 Est
1329 607 1521 637 necessaria
1550 616 1588 637 eo
1612 607 1702 647 ipsog
1735 607 1810 648 quia
1833 608 1987 639 mandata
2009 615 2060 639 est
2083 609 2128 640 di-

1334 649 1424 680 Deus
1456 659 1520 680 non
1551 648 1620 680 vult
1650 656 1681 680 te
1706 660 1783 681 esse
1807 650 1979 681 moechum
2002 650 2056 682 vel
2078 650 2128 683 fu-

1280 692 1430 723 Necesse
1454 699 1504 723 est
1524 698 1556 722 te
1579 693 1817 733 obtemperare,
1836 694 1910 733 quia
1929 693 2021 725 Deus
2045 693 2126 725 vult.

1158 734 1278 765 Postea
1301 735 1462 766 accedunt
1484 733 1568 765 aliae
1597 745 1737 766 caussae
1761 736 1982 774 necessitatiS,
2002 735 2130 768 scilicet

1157 783 1192 807 ut
1214 777 1354 808 vitentur
1382 788 1526 817 poenae:
1559 777 1679 808 Iniusta
1709 779 1828 809 caedes
1853 789 1917 808 non
1940 785 2050 810 manet
2071 780 2129 810 im·

1157 820 1278 860 punita.
1318 819 1390 849 Non
1413 824 1457 849 est
1481 821 1583 849 evasio
1606 822 1714 849 mortis
1736 821 1921 855 homicidae,
1945 822 2048 862 inquit
2071 822 2128 852 Sa-

1156 862 1278 893 lomon.
1341 862 1396 893 Sic
1435 863 1467 893 in
1508 862 1656 894 Levitico
1697 864 1736 894 de
1769 863 1957 894 libidinibus
1993 865 2127 896 dicitur:

1158 904 1262 933 Omnis
1285 906 1403 939 anima,
1426 916 1503 945 qnae
1522 905 1633 942 feccrit
1655 905 1712 934 llas
1741 907 1997 940 abonn‘nationes,
2026 907 2128 936 eradi-

1157 947 1285 977 cabitur.
1338 946 1469 985 Omnis,
1499 948 1594 985 dicit,
1621 949 1745 986 anima,
1781 959 1847 979 non
1880 955 2004 980 tantum
2032 951 2128 980 rusti-

1158 1000 1289 1028 corum,
1325 991 1384 1021 sed
1413 991 1623 1032 principium,
1659 997 1690 1021 et
1714 1002 1828 1033 regum
1852 1002 1993 1032 quoque.
2050 992 2127 1023 Ideo

1157 1033 1188 1063 in
1223 1033 1404 1074 principum
1439 1032 1568 1064 familiis
1602 1040 1678 1064 sunt
1712 1040 1777 1065 tam
1811 1044 1950 1075 magnae
1980 1045 2128 1074 poenae3

1157 1076 1232 1116 quia
1255 1076 1298 1106 ibi
1322 1074 1442 1106 multae
1460 1082 1537 1106 suut
1559 1075 1729 1107 libidines:
1753 1075 1966 1108 Ptolomaeus
1990 1081 2128 1118 κέραυνος

1158 1119 1246 1149 ducit
1269 1128 1430 1156 sororem,
1448 1125 1480 1149 ut
1504 1119 1646 1159 potiatur
1670 1130 1784 1160 regno,
1804 1126 1835 1150 ct
1858 1120 2011 1150 interficit
2031 1119 2128 1158 filios,

1157 1166 1188 1192 et
1222 1161 1339 1191 deinde
1373 1171 1540 1198 sororem,
1574 1167 1606 1191 et
1639 1162 1709 1201 ipse
1742 1162 1935 1193 interficitur
1960 1173 1980 1193 a
2010 1162 2128 1201 Gallis,

1157 1214 1230 1234 cum
1254 1214 1294 1234 ex
1312 1203 1506 1234 Macedonia
1525 1202 1588 1233 illis
1608 1214 1782 1235 occurrere
1803 1204 1914 1242 vellet,
1935 1215 2008 1236 cum
2027 1215 2129 1245 saepe

1156 1252 1252 1277 antea
1275 1247 1419 1277 vicisset.
1476 1246 1582 1286 Caput
1610 1252 1660 1277 est
1684 1245 1817 1278 affixum
1846 1247 1973 1285 hastis,
2008 1255 2038 1279 et
2067 1249 2128 1279 cir-

1157 1288 1332 1319 cumlatum
1355 1289 1386 1318 in
1412 1289 1541 1320 castris,

1157 702 1236 722 rem.

1241 1347 1420 1378 Praeterea
1459 1349 1650 1379 necessaria
1691 1355 1742 1379 est
1781 1348 1954 1390 disciplina
1993 1356 2129 1390 propter

1157 1389 1256 1428 alios,
1281 1398 1315 1421 ut
1339 1392 1434 1421 etiam
1458 1389 1512 1421 alii
1536 1391 1594 1422 tuti
1619 1392 1729 1422 vivere
1752 1393 1893 1432 possint.
1944 1392 1978 1422 Si
2002 1400 2036 1423 tu
2060 1392 2128 1423 vel-

1156 1433 1206 1464 les
1231 1434 1339 1464 omnia
1363 1434 1484 1471 facere,
1502 1444 1561 1473 pro
1581 1439 1636 1464 tua
1656 1433 1837 1471 voluntate,
1857 1445 1930 1465 cum
1949 1445 1985 1465 cs
2005 1436 2128 1473 ebriuS,

1157 1477 1233 1518 quid
1257 1477 1331 1507 inde
1355 1476 1468 1507 fieret?
1518 1476 1594 1507 ideo
1624 1483 1701 1507 sunt
1731 1478 1865 1517 imperia
1894 1484 1925 1508 et
1955 1479 2127 1519 magistra·

1157 1526 1221 1550 tus.
1280 1518 1452 1549 Postremo
1493 1525 1528 1550 ut
1567 1519 1609 1549 sit
1642 1520 1850 1561 paedagogia
1883 1521 1915 1550 in
1950 1519 2125 1551 Christum.

1156 1562 1228 1593 Hoc
1257 1568 1308 1592 est
1338 1572 1493 1602 magnum
1522 1562 1743 1602 praeconium.
1795 1562 1870 1593 Non
1893 1568 1944 1594 est
1967 1564 2127 1600 meritum,

1156 1606 1215 1636 sed
1240 1606 1345 1635 donec
1368 1604 1465 1634 homo
1489 1610 1682 1644 perseverat
1700 1605 1731 1635 in
1750 1606 1897 1645 peccatis
1915 1611 2029 1636 contra
2049 1616 2126 1637 con·

1156 1648 1342 1684 scientiam,
1365 1657 1430 1677 non
1455 1653 1505 1677 est
1528 1648 1668 1687 Spiritus
1698 1654 1835 1678 sanctus
1866 1648 1898 1678 in
1926 1658 1966 1679 eo
1994 1647 2124 1680 efficax.

1156 1689 1245 1722 Talis
1267 1699 1334 1720 non
1358 1695 1408 1720 est
1432 1689 1629 1721 domicilium
1660 1691 1800 1730 Spiritus
1831 1692 1954 1728 sancti,
1985 1692 2044 1722 sed
2075 1697 2128 1722 est

1157 1731 1351 1764 domicilium
1376 1731 1602 1763 Diabolorum.
1648 1733 1681 1763 Si
1702 1732 1808 1763 David
1827 1743 1893 1763 non
1913 1732 2030 1764 fuisset
2051 1743 2127 1764 con-

1158 1786 1274 1807 versus
1300 1781 1374 1815 post
1397 1773 1603 1811 adulterium,
1623 1785 1687 1805 non
1703 1774 1819 1806 fuisset
1837 1774 2033 1806 domicilium
2052 1775 2127 1814 Dei,

1156 1819 1215 1849 sed
1239 1815 1464 1848 Diabolorum.
1515 1817 1550 1847 Si
1580 1817 1701 1848 Paulus
1730 1818 1911 1848 mansisset
1932 1825 2127 1857 persecutor

1157 1866 1230 1901 post
1254 1860 1522 1897 admonitionem,
1553 1858 1669 1891 fuisset
1697 1859 1892 1892 domicilium
1916 1859 2064 1899 Diaboli,
2094 1867 2127 1892 et

1156 1914 1220 1935 non
1244 1903 1317 1933 Dei.

1296 2085 1411 2135 Quae
1443 2091 1536 2125 sunt
1568 2084 1700 2124 officia
1732 2086 1986 2140 paedagogi?

1240 2193 1450 2234 Respondco.
1495 2192 1627 2223 Docere
1658 2200 1691 2223 et
1722 2193 1897 2234 castigare.
1953 2192 2025 2224 Hoc
2047 2192 2126 2225 facit

1155 2235 1227 2274 lex,
1260 2237 1356 2268 docet
1386 2243 1417 2267 ct
1448 2237 1608 2277 castigat,
1639 2234 1811 2276 disciplina
1842 2243 1889 2266 est
1915 2236 2060 2267 instituta
2083 2238 2126 2267 ad

1157 2280 1349 2310 docendum.
1405 2279 1440 2310 Si
1471 2279 1577 2310 onmia
1609 2278 1724 2309 fierent
1754 2289 1813 2318 pro
1836 2276 1927 2308 libitu
1953 2279 2124 2320 cuiusque,

1156 2332 1249 2352 nemu
1274 2327 1390 2363 posset
1413 2321 1512 2352 alium
1536 2322 1663 2351 docere.
1713 2320 1806 2350 Hanc
1830 2321 1983 2351 iustitiam
2008 2320 2124 2352 intelli-

1156 2366 1201 2405 git
1224 2365 1436 2402 Nicodemus‚
1460 2364 1518 2394 sed
1542 2370 1637 2394 errat.
1685 2362 1816 2398 Quare?
1840 2363 1914 2403 quia
1937 2369 2029 2402 putat
2048 2373 2124 2395 esse

1155 2408 1305 2438 iustitiam
1331 2418 1442 2438 coram
1464 2406 1549 2443 Deo,
1573 2412 1604 2436 et
1627 2404 1817 2436 satisfacere
1839 2404 1904 2446 legi
1927 2404 2001 2435 Dei.
2046 2406 2124 2438 Ideo

1155 2451 1276 2480 duriter
1305 2461 1379 2480 eum
1415 2451 1563 2489 obiurgat
1595 2447 1762 2478 Christus:
1798 2447 1842 2476 Es
1871 2451 1902 2476 ea
1925 2450 2070 2486 maylster
2093 2451 2124 2478 in

1153 2493 1274 2524 Israel?
1298 2494 1328 2523 id
1354 2498 1421 2529 est,
1445 2493 1563 2522 doctor
1586 2492 1616 2521 in
1640 2490 1804 2527 Ecclesia,
1827 2497 1858 2520 et
1884 2496 2007 2522 tautum
2031 2491 2124 2522 intel·

1153 2534 1227 2576 ligis
1256 2536 1410 2566 iustitiam
1439 2532 1622 2570 carnalem,
1651 2534 1704 2574 qui
1733 2533 1835 2563 (lebes
1866 2539 1979 2564 tenere
2009 2534 2124 2564 discri-

1152 2588 1227 2608 mcn
1259 2576 1450 2618 disciplinae
1479 2583 1511 2607 et
1540 2577 1681 2607 iustitiae
1711 2586 1822 2606 coram
1851 2574 1940 2616 Deo,
1976 2577 2052 2617 quia
2074 2582 2124 2607 est

692 2631 851 2662 Concedit
893 2635 1101 2661 externorum
1151 2622 1284 2661 propria
1307 2630 1406 2652 verae
1429 2618 1603 2651 Ecclesiae
1627 2619 1784 2650 doctrina.

1884 2683 1921 2708 2.
