2374 2985
244 201 304 232 14³

242 297 295 338 qui
321 295 463 337 implevit
491 296 676 336 pharetram
701 305 791 324 suam
812 292 933 324 talibus
958 294 1100 334 sagittis,
1124 294 1219 335 quasi
1243 299 1245 313 ¹

243 341 347 370 dicat:
385 338 485 369 Beata
524 336 738 378 Respublica,
774 338 827 367 ubi
856 335 939 367 tales
972 337 1028 366 viri
1058 343 1147 367 sunt:
1173 343 1218 371 ut,

242 391 389 423 tcmpoie
413 381 552 412 Davidis
576 386 644 411 erat
670 381 791 421 optimc
823 380 1002 410 constituta
1032 378 1146 420 politia
1170 379 1218 411 lu·
1243 383 1246 414 4

242 427 354 461 ‹lain-a,
389 436 460 455 cusu
489 435 592 465 reguo
625 429 792 463 praeesset
828 422 897 453 Rex
929 422 1079 462 sapiens,
1110 422 1217 460 t'ortis,

242 475 272 500 ct
310 467 405 505 (elix,
437 474 465 497 et
497 467 633 497 haberet
665 466 969 507 praestantissimus
995 464 1217 503 consiliarios,
1243 476 1245 509 ζ

242 511 439 552 Prophetam
464 510 614 546 Nathan,
639 516 669 540 et
694 508 834 546 similes,
867 509 1002 539 haberet
1026 509 1123 539 etiam
1149 507 1218 540 Du-

241 566 298 586 ces
323 553 399 585 belli
424 559 652 595 praestantes,
682 552 776 589 loah,
810 552 941 588 Abisai,
972 558 1001 582 et
1033 556 1133 582 totam
1165 562 1218 582 co-

240 598 367 629 hortem
392 597 599 638 praetoriam.
647 595 708 626 Ubi
734 594 818 626 tales
841 595 901 625 viri
926 594 1049 625 heroici
1074 600 1162 632 sunt,
1186 600 1219 626 et

241 642 410 681 imperium
435 641 628 671 instructum
659 645 707 669 est
740 638 1036 678 gubernatoribus,
1065 636 1217 669 consilia-
1242 670 1244 675 ,

240 685 314 722 riis,
338 691 366 713 et
388 681 620 713 bellatoribus.
649 682 690 712 ihi
716 680 792 712 felix
816 686 867 712 est
890 681 1053 723 regimen,
1085 687 1116 711 et
1141 691 1218 722 pos-

240 734 315 758 sunt
348 725 465 767 depelli
498 726 627 755 instes:
657 725 738 756 sicut
772 735 846 754 mox
871 724 1018 754 additur:
1052 723 1126 754 Non
1149 734 1218 753 ron·
1243 729 1244 753 1

235 771 397 808 simuletur,
415 780 479 798 cnm
503 769 645 808 loquetur
667 769 802 796 im'uu'cls
824 769 888 796 sais
911 767 943 796 ίη
961 771 1076 806 porta:
1099 767 1131 797 id
1156 774 1218 806 est,

240 814 270 844 in
296 814 406 851 curia,
430 813 501 843 sive
525 813 554 842 iu
580 822 668 842 arce.
724 811 806 841 Nam
831 814 948 849 portae
975 811 1062 851 vapud
1086 817 1217 842 veteres

240 862 333 887 erant
357 863 465 886 turres
484 856 646 892 munitae,
666 852 791 885 similes
816 854 935 891 curiis,
959 854 1015 884 uhi
1040 855 1217 885 convenie-

241 900 317 930 bant
341 904 524 929 senatores.
573 898 667 931 Nunc
691 908 778 926 arce-v
801 902 981 934 vocantur,
1003 897 1058 927 ubi
1078 902 1218 938 regnant

241 942 421 983 Principes.
484 940 656 983 Significat
690 941 806 982 igitur,
846 938 924 970 talia
959 940 1117 981 regimina
1152 949 1218 971 non

239 986 474 1022 succumbere,
514 994 577 1015 non
613 984 699 1015 vinci
733 985 775 1014 ab
812 983 949 1013 inimicis
983 983 1071 1021 suis,
1109 993 1217 1024 neque

239 1028 421 1070 prudentia,
441 1038 500 1057 seu
523 1026 676 1065 consilio,
695 1037 758 1057 nec
781 1026 937 1067 potentia.
983 1026 1040 1057 Sic
1064 1025 1216 1057 Christus

241 1071 399 1112 loquitur:
439 1070 540 1109 Super
574 1070 654 1099 huuc
685 1070 811 1099 Petram
842 1069 1012 1107 aedificabo
1043 1069 1218 1098 Ecclesiam

238 1125 341 1148 meam,
365 1118 395 1142 et
414 1118 529 1153 partae
552 1114 719 1151 inferorum
742 1124 802 1142 7101!
823 1112 1047 1152 prm'vulebunt
1070 1112 1218 1141 adversus

237 1168 312 1188 eam.
358 1156 465 1187 Vocat
488 1161 600 1195 portus
622 1158 807 1194 insin-maun,
838 1161 940 1186 totum
965 1155 1156 1195 Imperium,
1187 1160 1218 1185 et

236 1202 338 1231 robur
361 1198 578 1231 Diabolorum
602 1206 633 1230 et
659 1200 786 1236 mundi,
812 1209 884 1230 eum
903 1199 1060 1229 universa
1083 1208 1143 1229 sua
1166 1207 1217 1228 sa-

237 1244 359 1284 pientia
382 1251 410 1273 et
438 1244 594 1283 potentin.
628 1241 756 1273 Turcae
777 1253 864 1273 nunc
882 1241 978 1272 etiam
998 1241 1112 1271 urbem
1131 1240 1217 1271 (Jon-

238 1286 475 1327 stantinopolin
501 1287 667 1317 nominant
687 1290 815 1324 portam
839 1284 999 1314 Caesaris:
1024 1285 1056 1315 id
1075 1290 1142 1317 est,
1167 1294 1217 1314 ar-

238 1340 309 1361 cem
335 1328 387 1360 vel
412 1330 546 1361 curiam.
602 1329 658 1360 Sic
688 1329 786 1360 etiam
810 1326 898 1359 Psal.
923 1327 975 1358 23.
999 1327 1134 1358 dicitur:
1163 1327 1216 1355 At-

238 1373 338 1402 !olllte
362 1376 477 1412 portas
508 1377 626 1401 vestras
651 1374 826 1411 principes-
884 1370 971 1402 Olim
1000 1371 1064 1402 sub
1088 1369 1216 1410 l'apatu

237 1416 453 1448 circumibant
476 1422 649 1455 pastores,
675 1421 704 1446 et
729 1413 890 1457 populus,
918 1412 1058 1455 templa,
1083 1418 1216 1454 gestan-

236 1466 286 1490 tes
311 1469 430 1490 cruces
453 1457 595 1500 ligneas,
615 1469 751 1501 quarum
772 1457 980 1489 extremitate
1002 1455 1216 1498 impellebant

237 1504 372 1540 tanuaS,
408 1512 469 1532 seu
502 1500 620 1533 valvas
654 1500 869 1543 templorum,
911 1507 943 1532 et
978 1501 1142 1531 canebant
1174 1509 1215 1530 ex

239 1545 328 1577 Psal.
351 1544 497 1575 Attollite
517 1549 630 1584 portas
651 1548 781 1575 vestras.
834 1544 900 1575 Ista
924 1543 1131 1575 consuetudo
1154 1541 1215 1574 fuit

236 1587 335 1630 plena
363 1599 543 1630 nugarum,
571 1588 631 1620 sed
661 1594 770 1619 tamen
801 1597 842 1619 ex
871 1588 936 1618 isto
965 1597 1076 1624 more,
1113 1586 1216 1617 verba

236 1631 360 1663 Psalmi
395 1637 594 1663 conservata
627 1637 722 1670 sunt,
755 1637 791 1662 ut
824 1635 903 1661 nota
937 1635 1051 1661 essent
1080 1627 1217 1671 populo,

237 1676 300 1706 etsi
334 1684 447 1706 veram
476 1675 676 1706 seutentiam
703 1685 769 1705 non
803 1672 1047 1705 intellexerunt.
1104 1672 1217 1703 Nostri

236 1717 387 1749 homines
420 1718 520 1749 hodie
554 1728 662 1760 neque
694 1724 807 1749 textus
830 1716 980 1755 discunt,
1008 1725 1117 1758 neque
1141 1725 1217 1747 sen·

236 1762 370 1793 tentiam
390 1766 548 1793 textuum.

318 1969 427 2020 Quid
458 1970 579 2023 igitur
609 1969 854 2023 significatur
884 1969 925 2008 in
957 1969 1135 2009 Psalmo:

425 2045 553 2082 Aperite
571 2045 734 2083 prae'ncc'pes
751 2047 867 2083 portus
890 2043 1029 2075 oestrus?

324 2146 535 2187 Respondeo.
580 2145 642 2177 Est
669 2147 858 2178 mandatu-n
888 2145 952 2177 Dei
984 2146 1216 2188 gravissimum

237 2190 280 2221 ad
303 2190 470 2231 principes
495 2195 526 2221 et
546 2199 656 2230 rege-³,
674 2195 709 2220 ut
727 2189 862 2220 audiant
878 2189 1109 2231 Evangelium,
1122 2199 1216 2230 prae-

237 2233 337 2264 beant
360 2232 538 2273 hospitium
562 2231 753 2269 Ecclesiae,
784 2241 850 2262 non
881 2230 1117 2274 belligerentur
1141 2243 1215 2263 cum

236 2274 439 2317 Evangelio,
463 2286 530 2307 non
553 2275 773 2306 adversentur
796 2274 943 2313 christo,
967 2276 1027 2307 sed
1050 2275 1216 2315 excipiant

237 2330 312 2350 eum
346 2319 597 2357 advenientem,
632 2324 747 2349 curent
781 2323 872 2349 recte
907 2319 1018 2349 doceri
1053 2319 1214 2358 subditos,

237 2361 354 2393 tollant
392 2360 601 2393 manifestam
638 2360 857 2393 idololatriam
897 2367 929 2392 et
964 2361 1213 2402 blasphemiam.

237 2404 436 2446 Plerumque
465 2406 633 2447 principes
661 2411 716 2435 aut
739 2410 815 2435 sunt
838 2410 1070 2444 persecutores
1094 2405 1214 2435 doctri-

236 2458 301 2479 nae
325 2449 365 2479 de
389 2448 542 2486 Christo,
572 2454 627 2479 aut
653 2454 820 2478 removent
843 2458 862 2478 a
885 2458 922 2478 se
947 2458 1058 2479 curam
1082 2447 1213 2489 religio-

236 2491 306 2526 nis,
331 2492 416 2522 sicut
440 2490 530 2523 multi
554 2501 640 2522 nunc
663 2491 790 2522 dicunt:
814 2491 901 2521 Istae
924 2491 1016 2521 rixae
1040 2491 1212 2522 doctorum

235 2535 268 2565 in
291 2533 444 2565 Ecclesia
466 2533 547 2566 nihil
570 2534 611 2565 ad
634 2544 696 2565 nos
720 2535 893 2575 pertinent,
913 2534 972 2565 sed
994 2535 1213 2574 permittimus

238 2583 271 2607 et
293 2578 455 2609 reiicimus
479 2576 535 2609 illa
558 2578 599 2608 ad
623 2576 719 2608 alios.
765 2576 948 2618 Utrumque
973 2587 1070 2615 vero,
1094 2577 1124 2608 id
1149 2584 1212 2615 est,

237 2620 425 2660 persecutio
457 2627 486 2651 et
517 2619 717 2663 negligentia
748 2620 1000 2662 reprehenditur
1029 2619 1094 2650 hoc
1125 2621 1212 2650 dicto

237 2663 377 2695 Psalmi:
412 2663 599 2701 Elemnm'ui,
627 2664 659 2695 id
689 2669 759 2701 est,
787 2663 978 2704 aperiamini
1008 2673 1068 2693 vos
1097 2669 1214 2704 portae

897 199 1006 229 l‘llll..
1032 199 1133 229 iti-31„
1159 198 1344 230 SFRWTA
1369 199 1631 233 Exlztu-J'HCA.

2192 205 2254 237 144

1272 294 1399 325 mundi:
1431 294 1463 325 id
1492 301 1560 333 est,
1591 305 1695 338 regna
1725 297 1856 335 mundi,
1887 302 1919 328 et
1942 307 2003 328 vos
2028 298 2196 339 sapientes
2221 305 2253 330 et

1271 343 1423 378 potentes
1448 339 1478 368 iu
1503 339 1635 369 mundo.

1358 380 1449 412 llaec
1473 381 1546 411 dico
1570 383 1610 412 ati
1636 380 1868 413 declarandam
1900 382 2058 414 Phrasin:
2096 382 2253 423 Loquetur

1270 425 1405 453 [nimia-is
1427 426 1490 453 sais
1512 426 1543 454 in
1564 429 1676 463 μανία
1701 425 1731 456 id
1751 431 1813 464 est,
1832 423 1909 456 felix
1928 427 1987 457 erit
2006 427 2036 457 in
2057 425 2251 460 deffensione

1270 467 1447 509 regiminis.

1358 510 1496 541 Discant
1527 517 1635 541 autem
1663 509 1897 542 adolescentes
1923 521 1987 542 non
2010 513 2108 543 modo
2132 511 2251 544 intelli-

1295 562 1349 584 ere
1386 553 1553 585 Psalmum
1587 554 1702 592 istum,
1737 555 1797 585 scd
1831 555 1928 585 etiam
1959 556 2000 585 ad
2026 565 2120 586 usum
2144 562 2251 587 trans-

1284 606 1375 634 erre,
1399 603 1432 627 et
1455 598 1658 637 coniungere
1683 608 1757 628 cam
1780 598 1929 628 doctrina
1955 597 2051 630 huius
2075 605 2186 630 textus
2210 600 2251 631 de

1268 638 1355 670 felici
1379 640 1561 680 piscatione
1582 639 1682 679 Petri,
1699 641 1729 671 in
1754 651 1818 682 quo
1844 647 1875 672 et
1899 639 1983 673 aliae
2006 640 2122 672 dulces
2146 643 2251 683 pictu-

1268 692 1326 714 rae
1357 689 1595 724 proponuntur.
1652 684 1736 714 Nam
1767 684 1855 724 quod
1886 684 1918 714 in
1948 681 2005 715 illa
2031 682 2120 716 felici
2143 685 2250 725 pisca-

1270 727 1357 756 tione
1379 732 1448 757 rete
1472 726 1649 767 rumpitur,
1680 728 1886 768 significatur
1914 727 2011 757 etiam
2034 726 2150 759 felices
2175 738 2250 759 suc·

1271 779 1390 801 cessus
1424 769 1550 800 habere
1585 770 1739 801 adiuncta
1768 769 1878 811 aliqua
1913 769 2078 810 pericula,
2119 770 2249 812 aliquas

1270 812 1461 850 molestias,
1491 819 1523 843 ct
1553 812 1787 851 difficultates,
1818 823 1880 844 nec
1904 813 2082 854 quidquam
2106 814 2184 853 esse
2207 815 2249 845 ab

1270 856 1358 886 omni
1382 861 1474 896 parte
1498 857 1641 887 beatum.
1693 856 1799 887 Etiam
1824 867 1897 887 cum
1920 856 2107 894 succedunt
2130 852 2250 888 re‘s'fe-

1268 897 1393 936 liciter,
1417 906 1525 930 tamen
1550 898 1650 941 longe
1672 898 1767 930 aliter
1791 900 1962 937 eveniunt,
1992 910 2089 940 quam
2113 898 2250 931 n'ostrae

1270 943 1415 973 rationes
1450 940 1612 973 serebant.
1673 942 1886 984 Thucydides
1920 942 2022 984 inquit
2059 943 2100 974 ‹le
2135 940 2251 980 bellis3

1269 984 1375 1024 r'jxcow
1394 987 1444 1015 ἐπὶ
1472 986 1568 1026 ῥητοῖς
1595 989 1691 1026 χωρεῖ
1715 986 1858 1024 πόλεμοςε
1893 985 2052 1025 Nusquam
2081 987 2178 1021 nu‘nus
2205 992 2250 1016 rre-

1270 1029 1423 1068 spondent
1447 1032 1570 1057 euentus
1594 1028 1750 1063 consiliis,
1779 1039 1869 1068 quam
1896 1030 1929 1057 in
1959 1028 2056 1058 bellis.
2103 1027 2191 1069 Idem
2215 1028 2251 1060 fit

1269 1072 1301 1102 in
1325 1070 1398 1102 aliis
1418 1072 1581 1112 negotiiS‚
1610 1072 1666 1102 ubi
1696 1082 1749 1102 res
1772 1070 1867 1102 aliter
1896 1071 2092 1113 plerumque
2117 1072 2251 1110 eadunt,

1271 1124 1370 1154 quam
1400 1115 1583 1144 secuudum
1614 1115 1761 1145 rationes
1791 1122 1823 1146 et
1853 1115 2059 1146 voluntatem
2090 1121 2251 1146 nostram.

1270 1157 1330 1187 Est
1354 1163 1385 1187 et
1409 1155 1493 1187 haec
1516 1157 1643 1197 pictura
1667 1158 1849 1197 proposita.
1895 1157 2069 1199 Rumpitur
2092 1164 2163 1189 rete
2181 1156 2250 1190 col-

1270 1199 1357 1231 lecta
1381 1198 1586 1230 multitudine
1615 1200 1769 1240 piscium:
1803 1201 1853 1231 sic
1882 1207 2030 1240 tempore
2061 1200 2185 1232 Christi
2219 1206 2252 1232 et

1270 1241 1529 1284 Apostolorum,
1565 1241 1708 1274 collecta
1737 1249 1785 1273 est
1816 1241 1971 1274 Ecclesia
2001 1253 2043 1274 ex
2071 1250 2172 1285 gente
2202 1243 2252 1275 lu-

1270 1287 1382 1319 dificat
1413 1292 1530 1327 postea
1560 1286 1719 1327 dissipata
1749 1291 1801 1317 est
1829 1284 1942 1326 politia
1973 1285 2138 1318 mosaica:
2161 1287 2252 1325 item,

1269 1330 1388 1360 ambae
1410 1339 1515 1359 naves
1540 1328 1717 1370 implentur
1738 1329 1903 1369 piscibus3
1933 1329 1982 1361 sic
2005 1327 2159 1361 Ecclesia
2183 1327 2250 1361 col-

1268 1370 1357 1403 lecta
1379 1377 1429 1403 est
1452 1382 1492 1402 ex
1516 1371 1646 1403 Iudaeis
1671 1378 1702 1402 et
1725 1373 1890 1414 gentibus,

1518 1508 1582 1541 De
1611 1509 1824 1541 secundo
1856 1508 1993 1542 Loco.

1355 1595 1513 1637 Sequitur
1534 1596 1599 1626 iam
1623 1596 1792 1627 secundus
1807 1594 1914 1634 locus,
1928 1596 1968 1627 de
1982 1595 2251 1627 consternatione

1269 1644 1302 1671 et
1325 1638 1556 1670 consolatione
1580 1639 1727 1679 privatae
1751 1639 1987 1670 conscientiae.
2033 1638 2118 1670 Nam
2130 1639 2251 1670 Petrus

1270 1683 1386 1714 videns
1410 1682 1476 1713 hoc
1499 1681 1708 1720 miraculum,
1744 1683 1855 1723 incipit
1887 1687 2131 1723 expavescere,
2167 1681 2252 1712 sicut

1270 1727 1370 1757 variis
1394 1726 1627 1757 occasionibus
1651 1725 1751 1756 homo
1774 1732 1926 1757 movetur
1948 1725 1990 1756 ad
2010 1724 2250 1756 contritionem.

1271 1768 1366 1800 Alius
1389 1768 1495 1800 aliter.
1547 1767 1721 1799 Zachaeus
1752 1775 1847 1799 stans
1870 1769 1904 1799 in
1927 1770 2065 1807 arbore,
2095 1778 2169 1799 cum
2192 1777 2251 1800 vo·

1271 1818 1404 1843 caretur
1425 1822 1445 1842 a
1462 1811 1608 1849 Christo,
1630 1811 1842 1853 significante
1864 1822 1902 1843 se
1924 1810 2011 1843 velle
2033 1812 2120 1853 apud
2142 1811 2250 1852 ipsum

1271 1856 1450 1892 divertere,
1485 1855 1607 1896 excipit
1639 1864 1714 1886 eum
1747 1854 1902 1895 hospitio.
1958 1855 2006 1886 lbi
2040 1855 2184 1886 existunt.
2216 1854 2249 1884 in

1271 1898 1425 1929 Zachaeo
1448 1898 1525 1929 novi
1549 1902 1657 1929 motus
1682 1898 1906 1935 contuitionis,
1933 1903 1965 1928 et
1987 1903 2106 1938 postea
2127 1906 2249 1928 conso-

1270 1940 1415 1972 lationis.
1461 1941 1608 1972 lntuetur
1630 1950 1725 1972 suam
1748 1941 1983 1982 indignitatem,
2005 1939 2101 1971 offert
2119 1940 2248 1972 restitu-

1269 1985 1409 2022 tionem,
1431 1984 1460 2015 si
1483 1984 1558 2025 quid
1581 1982 1723 2016 alienum
1746 1983 1971 2024 occupaverit.

1356 2042 1475 2076 Mulier
1502 2044 1670 2084 peccatrix
1700 2043 1808 2074 audita
1837 2040 1925 2073 fama
1955 2042 2097 2081 Christi,
2118 2042 2249 2074 accedit

1268 2088 1310 2118 ad
1334 2097 1420 2126 eum,
1442 2092 1476 2119 et
1497 2086 1592 2118 affert
1615 2096 1695 2118 suos
1719 2086 1866 2123 dolores,
1890 2096 1975 2127 quos
1998 2087 2094 2117 etiam
2117 2084 2248 2128 lachry—

1268 2130 1330 2161 mis
1360 2135 1516 2168 testatur,
1552 2135 1585 2160 et
1611 2130 1701 2161 audit
1731 2140 1771 2160 ex
1801 2139 1841 2160 eo
1872 2127 2147 2161 consolationem.
2199 2128 2248 2160 lta

1268 2177 1345 2204 sunt
1378 2174 1491 2204 variae
1525 2173 1724 2204 occasiones
1758 2173 1999 2204 conversionis.
2063 2172 2131 2203 Sed
2161 2170 2247 2203 'illae

1267 2222 1346 2248 sunt
1367 2216 1614 2253 usitatissimae,
1632 2216 1763 2256 quando
1789 2216 1886 2247 homo
1910 2215 2024 2246 incidit
2047 2215 2078 2246 in
2101 2213 2246 2256 aliquam

1268 2269 1420 2300 magnam
1456 2257 1695 2296 calamitatem,
1730 2265 1797 2290 tum
1833 2259 1988 2300 cogitans
2023 2258 2063 2289 de
2096 2258 2245 2299 peccatis

1267 2303 1350 2340 suis,
1383 2302 1502 2344 quibus
1532 2302 1686 2332 meruerit
1716 2301 1778 2333 has
1807 2311 1946 2342 poenas,
1969 2302 2083 2342 incipit
2105 2310 2246 2342 expave-

1267 2356 1376 2385 scere,
1397 2355 1438 2376 ac
1460 2350 1596 2385 propter
1620 2345 1705 2375 hanc
1729 2346 1833 2386 ipsam
1864 2354 2036 2382 caussam,
2066 2343 2160 2375 Deus
2188 2343 2245 2375 im·

1266 2389 1361 2420 mittit
1383 2398 1528 2429 poenas,
1556 2393 1589 2417 ut
1611 2394 1812 2419 revocentur
1834 2387 1984 2418 homines
2007 2388 2049 2418 ad
2074 2388 2245 2428 poeniten—

1267 2432 1363 2469 tiam,
1397 2431 1483 2462 sicut
1512 2429 1638 2461 Paulus
1667 2431 1785 2471 inquit:
1822 2430 1897 2460 Cum
1927 2430 2112 2463 iudicamur,
2137 2441 2156 2458 α
2180 2429 2244 2460 Do-

1265 2477 1346 2504 mino
1370 2475 1570 2513 corripimur,
1593 2484 1630 2502 ne
1653 2484 1719 2502 cnm
1741 2472 1800 2503 hoc
1822 2473 1935 2503 mundo
1959 2473 2200 2503 condemnemur.

1352 2534 1425 2566 Hoc
1456 2535 1553 2565 modo
1584 2534 1775 2571 manasses,
1811 2532 1954 2565 crudelis
1984 2532 2039 2564 ille
2069 2538 2244 2574 tyrannus,

1266 2585 1299 2610 et
1322 2578 1511 2609 teterrimus
1535 2575 1732 2615 idololatra,
1765 2579 1819 2618 qui
1850 2576 2017 2608 occiderat
2045 2574 2244 2616 Prophetas,

1266 2628 1298 2653 et
1320 2620 1406 2652 filios
1425 2631 1505 2652 suos
1529 2626 1731 2651 mactaverat
1754 2619 1870 2658 idolis,
1892 2619 2066 2655 abducitur
2087 2619 2118 2649 in
2142 2620 2243 2661 capti-

1266 2665 1416 2702 vitatem,
1439 2671 1469 2695 et
1492 2664 1525 2694 in
1546 2663 1611 2694 hac
1635 2664 1838 2695 convertitur
1867 2663 1909 2694 ad
1937 2663 2061 2699 Deum,
2092 2660 2245 2694 videlicet
