2374 2985
233 175 295 206 159

230 269 381 300 ludaeos.
427 267 661 299 Convenerunt
679 267 799 298 Graeci
823 266 865 297 ad
889 265 984 296 ludos
1005 263 1210 307 Olympicos,

230 313 306 344 item
330 312 370 342 ad
396 310 553 353 Pythios,
587 312 628 341 ad
651 309 814 341 lsthuiioS.
868 308 914 339 lbi
945 315 1104 338 renovata
1135 314 1211 338 sunt
1234 307 1236 315 ¹

229 354 378 392 foedera,
397 355 530 385 habitae
546 359 621 385 sunt
635 363 796 385 censurae
815 362 922 383 reruni
937 351 1210 382 domesticarum:
1234 344 1237 369 ³

230 397 473 435 Calendarium,
499 403 530 427 et
554 395 617 428 alia
642 395 742 427 multa
765 395 931 431 fecerunt,
956 404 1041 435 quae
1065 394 1105 424 ad
1130 392 1210 435 poli·
1234 379 1236 414 Ι

228 442 307 472 tiam
335 447 365 471 et
397 440 623 471 oeconomiam
653 439 871 480 pertinebant.
921 437 991 468 No>-
1027 437 1124 467 etiam
1158 436 1209 467 de-

229 485 346 516 bemus
371 494 481 515 amare
504 482 666 514 honestos
691 491 906 523 congressus,
930 480 1124 520 praesertim
1137 489 1210 510 cum

229 527 412 558 habeamus·
437 525 638 567 singularem
663 525 930 567 promissionem
954 524 1128 562 ubicunqne
1150 524 1211 554 (luo

229 575 288 602 aul
308 575 375 602 tres
405 573 437 601 in
461 573 587 600 nomine
610 579 674 600 mco
697 568 881 607 congregali
900 567 1044 606 fuerim,
1076 568 1120 597 e'bi
1140 575 1210 597 snm

230 617 263 645 in
287 615 390 644 medio
413 623 528 643 eorum.
575 611 698 642 Cornix
723 611 845 641 assidet
871 610 1009 646 cornici,
1034 609 1063 639 id
1082 615 1144 647 est,
1167 609 1210 639 si-

229 654 325 687 miles
345 656 489 697 gaudent
508 654 660 686 similium
679 653 926 686 cousuetudine.
951 652 1080 683 sedicet
1095 656 1145 684 est
1159 661 1211 683 cu-

227 701 324 740 pidus
347 699 524 730 studiorum
548 702 678 738 quisque
700 706 848 729 suornm.-
871 695 902 726 id
928 702 991 733 est,
1022 694 1138 730 Qualis
1161 700 1211 725 est

230 752 315 774 unus
341 743 492 783 quisque,
517 741 628 772 talium
654 740 892 771 consuetudine
915 737 1109 769 delectatur.

317 784 474 816 Dicamus
488 794 593 825 pauca
607 784 646 814 de
660 783 807 824 synodis.
854 782 956 813 Estne
973 791 1114 812 necesse
1134 791 1211 812 esse
1236 799 1237 811 ;

231 828 379 871 synodos
405 828 436 858 in
462 826 636 858 lit-etesia?
682 826 759 861 Est;
791 826 866 867 quia
895 831 945 856 est
970 834 1110 856 necesse
1134 834 1211 856 esse
1236 814 1238 836 ¹

230 872 349 903 iudicia
372 871 403 901 in
428 871 513 901 omni
539 870 800 911 congregatione
825 879 897 900 cum
916 869 1065 899 oriuntur
1078 874 1212 899 conten-

230 915 350 945 tiones.
396 913 463 944 Res
488 919 593 944 tamen
618 918 669 944 est
692 911 881 953 periculosa
905 921 1114 954 congregare
1137 921 1211 953 syn-

232 957 328 989 odos.
381 956 454 987 Non
491 955 612 987 multae
645 955 777 986 fuerunt
802 953 978 986 salutares.
1024 953 1238 996 Diligenter¹

231 1007 339 1032 autem
370 998 435 1030 hoc
469 998 745 1030 considerandum
769 1003 834 1029 est:
870 998 959 1040 quod
990 998 1110 1039 synodi
1145 1007 1210 1029 non
1236 994 1239 1005 '

233 1043 376 1075 condant
400 1041 556 1074 articulos
582 1042 668 1079 fidei,
694 1042 769 1083 quia
793 1040 932 1073 Articuli
957 1040 1030 1071 fidei
1051 1040 1211 1082 patefiunt

233 1087 396 1118 divinitus.
444 1086 531 1118 Sicut
556 1085 688 1116 dicitur:
724 1084 826 1116 Filius
849 1085 904 1124 qui
924 1088 973 1116 est
996 1085 1029 1114 in
1051 1085 1125 1115 sinz!
1150 1085 1211 1115 Pa-

234 1133 310 1164 tris,
342 1130 411 1170 ipse
440 1131 592 1160 rerelavz't
616 1129 716 1159 nobis.
774 1126 959 1158 Articulum
984 1127 1025 1157 de
1054 1126 1214 1158 Trinitate

232 1182 328 1204 nemo
349 1178 475 1209 nosset,
488 1172 549 1203 nisi
570 1171 724 1203 divinitus
744 1169 911 1202 revelatus
925 1176 1022 1202 esset.
1053 1169 1100 1200 lta
1114 1170 1212 1201 etiam
1238 1200 1240 1214 ,Ι

232 1215 325 1246 nasci
350 1215 523 1253 Messian),
559 1221 589 1245 et
614 1215 664 1245 sie
687 1215 798 1251 nasci,
828 1224 925 1245 nenio
949 1213 1121 1251 scivisset,
1149 1213 1213 1244 nisi

232 1257 448 1300 patefecisset
470 1257 564 1290 Deus
587 1258 669 1299 ipse.
1238 1255 1242 1308 Ῐ

1236 1029 1239 1047 ι

1237 1070 1239 1087 ι

1237 1117 1239 1138 Ι

1237 1156 1240 1186 l

236 1424 358 1476 Quod
401 1430 463 1464 est
502 1423 715 1464 discrimen
754 1423 857 1463 inter
898 1421 1044 1462 iudicia
1084 1421 1215 1476 Syno-

416 1501 560 1542 dorum
593 1507 635 1541 et
666 1500 813 1541 iudicia
844 1500 1005 1555 politica
1017 1499 1034 1541 ’ἒ

322 1643 357 1676 ln
381 1644 510 1676 iudiciis
523 1642 777 1686 Magistratuum
801 1641 891 1674 valet
906 1642 1079 1680 sententia,
1105 1647 1218 1673 aucto·

236 1689 333 1721 ritate
358 1688 451 1730 regia
475 1693 504 1718 et
529 1689 711 1727 praetoria,
741 1687 773 1717 id
798 1692 865 1724 est,
902 1696 969 1718 was
992 1687 1040 1717 sie
1062 1687 1218 1726 spreelzen
1242 1669 1246 1742 Ι.

236 1733 298 1764 das
321 1741 391 1763 mus
419 1741 489 1762 man
514 1730 630 1762 hulten.
677 1730 818 1760 Praetor
841 1731 900 1761 der
918 1731 1065 1761 kummer
1087 1729 1217 1760 richter.

875 170 986 202 PHlL.
1012 170 1113 203 MEL.
1138 169 1325 202 SCRIPTA
1349 168 1612 201 EXEGETICA.

2183 170 2245 204 160

1264 262 1454 295 multorum:
1478 264 1553 295 Non
1574 265 1663 306 cogit
1687 265 1887 301 auditorem;
1911 266 1970 296 sed
1994 266 2148 298 assensio
2171 266 2245 297 niti-

1263 312 1316 338 tur
1335 306 1504 348 Scriptura
1528 305 1581 338 vel
1606 309 1707 338 verbo
1733 307 1806 339 Dei.

1349 349 1398 381 Tu
1433 350 1536 381 debes
1567 351 1680 381 audire
1704 349 1888 382 Ecclesiam
1917 358 1948 382 et
1972 351 2149 393 Synodos‚
2184 353 2245 386 sed

1263 392 1400 424 eredere
1429 400 1564 434 propter
1592 394 1728 424 verbum
1753 393 1825 425 Dei.
1873 394 2027 436 Synodus
2053 402 2102 426 est
2128 396 2245 436 Maria,

1263 436 1295 467 id
1319 442 1380 474 est,
1405 436 1531 467 doctrix
1556 435 1678 477 populi.
1726 436 1792 468 Seal
1816 447 1877 468 nos
1903 438 2067 469 credimus
2092 440 2244 480 synodiS,

1262 488 1327 509 non
1363 485 1498 520 propter
1532 480 1762 510 auctoritatem
1796 479 1981 519 hominum,
2016 481 2075 512 sed
2110 489 2246 524 propter

1262 521 1502 564 Evangeliuni,
1535 524 1592 553 ubi
1616 523 1738 554 scimus
1770 521 1825 554 illa
1849 534 1927 555 esse
1950 525 2078 562 tradita,
2113 531 2145 556 et
2168 536 2246 557 esse

1263 574 1352 596 vera.
1410 566 1565 607 synodus
1600 571 1707 596 tamen
1737 566 1909 597 confirmat
1933 577 2007 605 nos,
2043 574 2078 598 ut
2112 569 2246 601 dicitur:

1262 609 1334 640 Nisi
1355 611 1453 640 vitula
1476 619 1549 640 mea
1567 613 1731 646 arassetis,
1756 619 1820 640 non
1843 610 2058 642 invenissetis.

1348 650 1472 682 Noster
1507 658 1691 683 conventus
1722 652 1941 692 Augustanus
1977 663 2050 684 cum
2085 655 2245 685 edidimus

1263 693 1521 733 consessionem,
1546 693 1604 726 fuit
1636 695 1732 726 etiam
1756 694 1866 737 aliqua
1896 697 2054 737 synodus.
2100 697 2168 728 Sed
2192 698 2246 729 ‹le-

1264 738 1450 769 buissemus
1476 748 1553 769 esse
1577 736 1813 779 diligentiores.
1860 740 1943 770 Aber
1967 750 2000 770 es
2019 742 2116 778 yehet
2140 751 2177 772 so
2200 751 2244 780 zu,

1263 790 1356 812 wenn
1378 782 1438 812 det·
1462 782 1547 812 Herr
1569 782 1716 813 Christus
1742 782 1773 812 in
1797 780 1905 813 aulam
1927 784 2048 823 kompt,
2078 793 2115 815 so
2136 785 2250 816 zeuclit

1263 833 1340 855 man
1364 825 1428 855 illm
1451 828 1543 856 einen
1564 835 1692 865 put-pur
1714 835 1766 856 an.

1507 952 1569 984 EX
1593 952 1705 985 ALIIS
1730 952 2008 985 RHAPSODHS.

1470 1085 1590 1126 Unde
1622 1083 1717 1125 fecit
1754 1085 1829 1125 iter
1862 1085 2041 1127 Mariae?

1352 1209 1380 1240 A
1407 1208 1572 1240 Nazareth
1596 1210 1638 1240 ad
1661 1209 1853 1241 Ierusalem.
1890 1210 1977 1245 Quot
2001 1210 2182 1243 miliaribus
2207 1212 2251 1243 di-

1266 1252 1379 1284 stant?
1422 1252 1564 1284 Circiter
1593 1253 1645 1283 20.
1703 1251 1875 1294 Cogitate,
1909 1253 2007 1294 quale
2040 1255 2102 1285 iter
2136 1253 2252 1292 suerit3

1265 1306 1333 1327 non
1357 1294 1417 1326 suit
1441 1296 1512 1327 sine
1536 1294 1702 1336 pericu103
1731 1297 1807 1337 quia
1829 1296 1861 1326 in
1885 1294 1951 1327 illis
1974 1295 2060 1328 locis
2085 1298 2251 1339 vagaban-

1267 1345 1321 1370 tur
1354 1339 1491 1379 pessimi
1526 1338 1683 1370 lati-ones.
1741 1339 1845 1370 Totos
1874 1349 1980 1370 annos
2009 1339 2051 1371 30
2074 1338 2134 1371 fuit
2156 1341 2252 1373 triste

1267 1387 1299 1413 et
1321 1380 1509 1412 luctuosum
1525 1380 1659 1419 bellum,
1684 1382 1772 1423 quod
1790 1381 1940 1413 Herodes
1964 1383 2069 1423 gessit
2089 1393 2162 1415 cum
2186 1393 2248 1415 suo

1267 1423 1400 1466 populo.
1447 1423 1481 1454 ln
1506 1423 1594 1455 bello
1618 1423 1674 1455 illo
1699 1424 1758 1456 fuit
1781 1434 1862 1456 usus
1886 1425 2076 1457 hominibus
2090 1426 2253 1467 pessima-

1267 1478 1339 1499 rum
1357 1468 1514 1510 gentium,
1534 1467 1677 1506 Parthis,
1694 1468 1878 1509 Aegyptiis,
1893 1469 2054 1510 Syriacis,
2080 1476 2111 1500 et
2136 1475 2254 1510 postea

1269 1512 1364 1542 etiam
1394 1510 1542 1549 ludaeis,
1577 1512 1773 1551 praesertim
1802 1511 1995 1551 Apostatis:
2031 1513 2085 1553 qui
2120 1511 2253 1544 fuerunt

1267 1554 1413 1595 pessimi.
1460 1553 1528 1584 lllis
1552 1556 1629 1585 totis
1653 1554 1695 1585 30
1718 1554 1814 1585 annis
1837 1555 1897 1586 fuit
1921 1555 2097 1586 admodum
2119 1556 2253 1587 misera-

1271 1596 1344 1628 bilis
1381 1603 1501 1628 status.
1557 1597 1650 1629 Tunc
1685 1597 1888 1639 aliquantum
1924 1599 2033 1639 coepit
2067 1599 2251 1640 quiescere.

1269 1640 1341 1672 Nec
1367 1640 1419 1671 diu
1445 1647 1522 1671 ante
1541 1639 1601 1671 suit
1625 1639 1835 1672 Ptolemaeus
1859 1640 2036 1682 Lampus,
2065 1643 2171 1673 heiset
2199 1645 2253 1673 ein

1269 1685 1458 1722 scltwet—z-er,
1495 1682 1661 1726 garrulus,
1698 1684 1810 1717 dicax,
1847 1684 1900 1715 die
1923 1685 2049 1715 andern
2072 1684 2175 1716 haben
2198 1685 2254 1716 ilm

1267 1731 1387 1767 yenent
1405 1726 1581 1763 Laturum3
1604 1725 1658 1757 ille
1681 1725 1782 1767 paulo
1805 1733 1882 1758 ante
1901 1727 2129 1758 trucidaverat
2147 1726 2254 1758 30000

236 1774 272 1806 In
298 1774 425 1806 iudiciis
449 1772 622 1804 Ecclesiae
646 1782 712 1803 non
737 1771 846 1803 valent
871 1773 1054 1803 sententiae
1077 1773 1219 1803 auctori·
1243 1754 1246 1789 l
1271 1770 1480 1808 ludaeorum,
1505 1776 1535 1799 et
1567 1776 1685 1810 captus
1714 1770 1822 1810 coegit
1853 1771 1945 1801 vesci
1971 1771 2126 1801 carnibus
2157 1771 2255 1801 inter·

236 1823 304 1850 tate
328 1818 436 1859 regia,
466 1815 519 1848 vel
549 1816 731 1857 praetoria:
756 1821 803 1854 ut,
835 1816 988 1857 Synodus
1012 1814 1216 1846 Viennensis

235 1861 394 1898 decrevit,
430 1861 520 1898 Quod
541 1861 632 1900 Papa
661 1860 778 1890 habeat
801 1863 968 1899 utrumque
992 1859 1153 1898 gladium.-
1186 1858 1219 1888 id

236 1909 306 1942 cst,
339 1903 380 1934 sit
412 1913 559 1934 summus
584 1903 787 1944 Episcopus,
823 1907 854 1933 et
877 1901 997 1933 habeat
1021 1907 1218 1942 potestatem

235 1945 457 1979 transferendi
481 1946 632 1987 imperia:
667 1945 745 1976 ltem
774 1951 850 1976 ante
878 1954 984 1976 annos
1008 1944 1072 1975 300
1095 1944 1218 1975 lactum

237 1995 289 2022 est
313 1990 498 2026 decretum,
533 1989 620 2030 quod
649 1993 803 2019 maneant
831 1993 955 2019 tantum
979 1988 1164 2018 accidentia
1186 1987 1217 2018 in

264 2043 341 2067 ane:
372 2037 402 2063 et
426 2032 515 2073 quod
545 2032 587 2062 ibi
611 2032 653 2062 sit
677 2030 840 2062 inclusum
864 2041 985 2072 corpus
1010 2030 1133 2061 Cin-isti
1155 2031 1218 2062 sub

236 2077 247 2108 i
263 2074 302 2106 lis
326 2075 564 2107 accidentibus.

237 2118 345 2150 Deum
369 2118 509 2149 subinde
533 2127 648 2148 creare
673 2128 804 2148 novum.
861 2116 941 2148 lllae
972 2118 1156 2148 sententiae
1187 2122 1219 2149 et

237 2162 374 2193 decreta
396 2171 462 2192 non
486 2159 613 2197 valen13
637 2160 712 2202 quia
736 2160 955 2191 adversantur
974 2161 1088 2191 verbo.
1242 2145 1246 2350 Ι

656 2245 799 2277 Contra:

324 2335 444 2365 Rerum
469 2333 679 2364 iudicatarum
702 2333 794 2363 debet
814 2341 887 2364 esse
909 2335 1103 2364 auctoritas:

324 2377 401 2408 Illae
424 2386 479 2408 res
497 2380 573 2407 sunl
594 2376 769 2407 iudicatae:
1243 2351 1247 2458 ἱ

325 2420 412 2459 Eryo
434 2420 551 2451 debent
570 2423 664 2450 ratae
686 2428 768 2450 esse.

327 2546 524 2590 Respondeo
543 2548 585 2579 ad
598 2546 773 2579 Maiorem:
796 2545 904 2577 Maior
916 2546 1060 2587 proprie,
1084 2551 1115 2577 et
1135 2546 1221 2588 prin-

242 2588 389 2632 cipaliter
422 2589 615 2634 intelligitur
649 2592 690 2622 de
724 2588 865 2632 politicis
899 2589 1037 2620 iudiciis.
1095 2589 1221 2631 Synodi

241 2639 352 2665 autem
372 2635 534 2666 sententia
555 2633 656 2673 valet,
678 2639 713 2666 ut
737 2632 919 2670 consessio,
942 2638 977 2664 ut
1000 2632 1221 2664 testimonium

609 2074 648 2105 Et
669 2075 800 2115 quando
820 2084 928 2105 mures
948 2074 1067 2105 rodunt
1086 2084 1218 2115 panem,
1243 2079 1247 2099 ¹

1270 1812 1431 1844 tectorum
1468 1818 1699 1854 cognatorum:
1734 1813 1838 1844 haben
1873 1814 1925 1844 z'lzr
1955 1814 2021 1845 blut
2047 1815 2116 1844 und
2140 1814 2254 1854 fleisch

1270 1860 1400 1888 'missen
1423 1866 1528 1893 essen,
1552 1857 1612 1887 cler
1634 1866 1746 1888 armen
1768 1858 1880 1894 leutle,
1917 1856 1970 1897 qui
1999 1854 2132 1887 suerunt
2154 1857 2254 1887 inter-

1271 1898 1359 1931 fecti.
1395 1897 1558 1940 Cogitate,
1583 1905 1725 1940 quantae
1746 1908 1876 1941 poenae
1894 1898 2022 1930 suerint.
2059 1898 2166 1930 Etiam
2190 1908 2253 1930 nos

1271 1944 1314 1974 ita
1337 1942 1494 1980 vivimus,
1528 1948 1563 1973 ut
1597 1952 1809 1974 accersamus
1842 1941 1938 1973 nobis
1973 1951 2110 1982 poenaS.
2157 1941 2255 1977 Quod

1272 1991 1380 2018 autem
1404 1985 1529 2026 mitigat
1553 1984 1657 2023 Dens,
1691 1991 1723 2016 et
1746 1995 1811 2015 non
1837 1983 1922 2015 delet
1949 1994 2076 2022 omnes,
2102 1984 2255 2027 congruit

1273 2040 1345 2061 cum
1368 2027 1427 2059 illo
1452 2028 1558 2060 dicto:
1583 2028 1828 2061 Misericordiae
1840 2029 1978 2067 Domini,
2002 2029 2088 2069 quod
2104 2038 2167 2059 non
2180 2038 2254 2060 con-

1270 2075 1391 2112 sumpti
1411 2081 1529 2103 sumus.

1358 2114 1523 2146 Historiae
1553 2114 1671 2145 debent
1702 2123 1776 2144 esse
1800 2113 1831 2144 in
1857 2119 2057 2154 conspectu:
2089 2114 2165 2155 quia
2187 2123 2255 2145 non

1272 2158 1400 2191 debetis
1424 2157 1587 2195 dubitare,
1619 2157 1696 2198 quin
1722 2166 1849 2197 poenae
1872 2162 2036 2199 vagentur
2063 2167 2124 2198 per
2147 2166 2254 2198 genus

1270 2202 1459 2238 humanum,
1490 2200 1577 2231 iusto
1608 2199 1729 2230 iudicio
1765 2198 1838 2230 Dei.
1896 2199 1967 2231 Nos
2002 2198 2255 2231 commonefacti

1271 2243 1392 2276 talibus
1416 2241 1589 2284 exemplis,
1615 2252 1899 2283 expavescamus,
1922 2248 1954 2274 et
1985 2244 2156 2274 timeamus
2179 2242 2254 2274 insi-

1272 2288 1344 2319 dias
1369 2284 1509 2323 diaboli,
1544 2292 1575 2316 et
1599 2287 1701 2317 simus
1725 2284 1971 2327 vigilantiores,
2005 2292 2037 2318 et
2070 2285 2252 2328 cogitemus

1271 2340 1384 2362 veram
1407 2339 1484 2360 esse
1508 2338 1637 2360 vocem:
1673 2328 1827 2360 Diabolus
1851 2329 1998 2360 circumit
2020 2334 2183 2370 tamquam
2205 2331 2254 2360 leo

1272 2377 1416 2413 rzzyiens,
1441 2382 1601 2412 qtmerens
1619 2381 1710 2412 quem
1729 2373 1864 2403 devoret.

1359 2415 1511 2458 Cogitate
1535 2415 1695 2446 rationem
1718 2413 1849 2446 illorum
1872 2414 2040 2452 itinerum=
2075 2420 2107 2445 et
2130 2419 2253 2445 statum

1272 2458 1360 2491 illius
1384 2464 1502 2496 terrae,
1527 2458 1558 2488 in
1583 2468 1648 2499 qua
1672 2464 1750 2489 tunc
1773 2457 1831 2489 {uit
1857 2457 2069 2499 plurimorum
2093 2457 2253 2498 pessimo-

1272 2513 1343 2534 rum
1366 2501 1532 2532 hominum
1557 2500 1729 2532 colluvies.
1777 2500 1854 2531 Mihi
1878 2510 1979 2541 saepe
2002 2498 2058 2531 illa
2080 2500 2153 2542 ipsa
2176 2509 2253 2531 con-

1273 2545 1430 2577 sideratio
1464 2544 1570 2575 attulit
1605 2554 1757 2586 magnam
1783 2543 2054 2576 consolationem.
2099 2542 2252 2574 Commo-

1274 2588 1396 2620 nesecit
1425 2598 1476 2619 me
1506 2597 1608 2629 saepe
1635 2588 1676 2618 de
1707 2585 1760 2618 illa
1791 2597 1891 2619 voce:
1927 2589 2025 2618 Nemo
2053 2586 2156 2626 rapiet
2180 2594 2254 2617 ones

1246 2629 1247 2644 ἶ
1272 2642 1360 2664 meas
1382 2633 1422 2664 de
1444 2640 1541 2663 manu
1562 2641 1640 2662 mea.
1679 2629 1772 2662 Item:
1800 2631 1917 2663 Omnes
1938 2630 2047 2671 capilli
2066 2632 2182 2670 capitis
2204 2638 2253 2661 ve-
