2374 2985
58 202 120 256 145

83 308 167 329 oena
190 295 246 328 1113
268 295 454 327 admonitus
479 294 520 324 de
548 293 617 324 suis
642 291 805 334 peccatis,
835 291 953 332 quibus
979 291 1036 322 do-

57 310 104 374 pet
128 341 234 372 Deum
256 349 275 370 a
298 349 336 369 se
358 337 517 368 offensum
543 346 630 368 esse.

739 195 958 229 POSTILLA
987 194 1384 227 MELANTHONIANA.

2010 193 2071 225 146

1094 300 1166 321 eum
1190 289 1418 322 remissionem
1448 294 1680 330 peccatorum,
1716 289 1887 325 iustitiam,
1923 294 1955 319 et
1984 289 2070 319 vitae

1090 339 1245 364 aeternae
1276 332 1527 369 haereditatem,
1563 332 1650 363 iuxta
1686 332 1821 362 dictum:
1856 331 1940 360 Huic
1971 342 2072 360 omnes

146 383 207 414 Hic
239 392 317 414 vero
350 381 467 412 Petrus
499 378 562 410 alia
587 378 764 410 occasione
789 382 1035 414 consternatur,
1060 397 1062 401 .
1087 376 1262 415 prophetae
1285 376 1490 405 testimonium
1516 374 1694 413 perhibent,
1726 376 1933 404 remissionem
1960 385 2070 413 pecca-

60 427 210 460 nimirum
235 430 416 465 conspectu
440 421 601 461 miraculi,
625 432 697 452 cum
721 421 946 451 consideraret
970 429 1036 450 ma-

62 470 261 514 gnitudinem
286 467 471 509 praesentis
497 465 665 502 beneficii,
693 470 723 495 et
754 462 920 494 conferret
944 473 1035 493 suam
1062 485 1063 488 1

60 513 297 554 indignitatem.
330 511 413 541 Nam
437 509 529 541 Deus
554 519 613 549 per
636 508 700 539 hoc
723 505 915 538 miraculum
940 504 1037 535 simul

61 562 111 588 est
135 557 165 587 iu
189 556 262 596 ipso
287 553 424 590 efficax,
454 558 489 584 ut
519 556 681 593 agnoscat
710 560 747 581 se
771 556 895 580 tantum
920 558 1037 589 pecca-

61 605 185 637 torem,
209 598 378 639 indiguum
403 606 495 634 esse,
525 596 579 636 qui
603 600 691 625 tanto
715 602 851 624 munere
874 591 1039 622 afliciatur

62 643 103 674 ab
127 641 191 672 hoc
213 641 367 672 Domino.
406 639 494 670 Idem
519 639 636 669 Petrus
658 638 690 667 111
714 637 872 678 passione
896 634 960 666 alia
985 644 1039 664 oc·

63 686 198 716 casione
228 684 448 720 convertitur,
470 681 602 723 quando
629 679 781 711 Christus
805 679 945 719 adspicit
967 688 1040 708 eum

62 735 136 770 post
161 727 426 768 abnegationem.
460 724 543 756 Tum
565 724 649 755 enim
672 723 782 763 incipit
803 722 926 752 sentire
950 731 1039 751 acer-

62 773 164 802 rimos
188 769 321 801 dolores
347 767 588 805 contrititionis,
613 772 647 797 ut
671 767 785 797 exiens
809 775 921 796 amare
945 763 1040 794 sseat:

63 815 120 846 ubi
155 821 265 844 tamen
299 812 490 853 lachrymae
524 809 620 841 simul
651 815 814 840 testantur
841 809 873 838 in
898 818 936 838 eo
962 816 1040 838 esse

64 856 240 888 scintillam
264 855 356 893 fidei,
380 855 465 885 sicut
486 853 650 884 Dominus
673 857 770 883 antea
793 862 865 882 eum
890 849 1042 881 conscla-

65 906 118 932 tus
142 899 263 931 suerat:
288 899 385 927 oram·
402 908 464 937 pro
488 901 538 930 te,
563 906 600 925 ne
623 895 748 935 deficiat
767 895 846 934 fides
869 898 931 923 tna.

151 943 198 972 lta
221 941 274 972 hic
303 951 433 982 quoque
464 945 514 970 est
546 940 685 970 mixtura
715 945 870 969 motuum.
927 936 986 967 Est
1009 937 1041 967 in

65 985 165 1017 Petro
198 984 422 1016 consternatio
452 984 571 1025 ingens
601 982 777 1013 coniuncta
809 991 881 1012 eum
917 989 1042 1021 pavore

64 1034 97 1059 et
121 1026 235 1059 dolore
258 1038 298 1058 ex
322 1027 490 1068 agnitione
514 1036 593 1057 suae
617 1025 840 1067 indignitatis,
872 1034 945 1054 cum
970 1032 1042 1053 eam

66 1076 273 1112 compararet
295 1070 337 1101 ad
361 1068 605 1110 amplitudinem
629 1066 787 1099 miraculi.

64 1119 145 1145 mat:
178 1112 244 1142 Exi
275 1124 292 1142 a
323 1124 368 1142 rnoe
398 1113 545 1147 Domine3
579 1113 652 1151 qaia
681 1111 769 1140 lzonzo
795 1113 948 1149 peccator
971 1119 1042 1137 sum.

63 1156 138 1188 Non
170 1157 252 1187 satis
281 1156 488 1193 considerat,
518 1155 595 1196 quid
625 1155 728 1190 dieat3
758 1154 844 1184 sieut.
867 1153 897 1182 in
924 1150 1044 1182 dolori-

65 1200 131 1237 bus,
158 1209 258 1240 saepe
287 1209 352 1229 11011
383 1199 558 1235 seminum,
595 1197 670 1238 quid
695 1196 878 1237 loquamur.
936 1194 1044 1233 Signi-

65 1242 143 1273 ficat
171 1248 280 1273 tamen
305 1241 533 1273 consternatio
557 1238 610 1270 1113
641 1239 892 1280 trepidationem
916 1237 1043 1279 fugien-

65 1291 128 1317 tem
154 1295 173 1315 a
196 1284 281 1315 Deo.
338 1283 421 1314 Nam
456 1284 531 1324 quia
565 1283 635 1324 ipse
665 1281 782 1323 sugere
811 1291 853 1311 ex
878 1282 953 1312 navi
978 1290 1044 1311 non

67 1333 214 1370 poterat,
238 1328 325 1358 iubet
350 1325 517 1357 Christum
541 1335 560 1356 a
584 1335 621 1356 se
645 1325 828 1362 discedere.
881 1324 963 1355 Sunt
988 1324 1044 1365 igi-

65 1376 119 1402 tur
142 1370 224 1400 haec
247 1370 350 1401 verba
373 1369 566 1410 trepidantis
581 1374 610 1399 et
631 1367 786 1410 fugientis
806 1368 1044 1402 conscientiam

67 1418 100 1444 et
123 1411 205 1443 tales
229 1418 305 1443 sunt
330 1411 464 1443 dolores
489 1413 520 1442 in
544 1411 758 1448 contritione,
787 1410 819 1441 in
843 1421 908 1452 qua
932 1420 1045 1452 quam-

66 1456 121 1487 diu
155 1465 269 1487 sumus
304 1456 376 1486 sine
410 1455 491 1493 fide,
528 1465 588 1486 cor
616 1464 681 1492 non
709 1454 837 1485 accedit
860 1454 901 1484 ad
927 1453 1045 1491 Deum,

65 1499 126 1530 sed
150 1497 232 1540 fugit
256 1498 377 1537 Deum,
401 1508 464 1529 nec
487 1503 597 1529 tamen
620 1498 760 1536 invenit,
788 1497 842 1528 ubi
873 1507 910 1528 se
933 1495 1045 1527 occul-

65 1547 113 1574 tet
135 1552 154 1572 a
178 1547 361 1582 conspectu
383 1541 446 1572 Dei
469 1541 552 1573 irati.

153 1584 195 1615 Hi
230 1590 339 1615 motus
373 1585 404 1616 in
435 1585 522 1616 seria
551 1583 750 1624 poenitentia
773 1583 899 1625 passim
924 1582 1046 1614 descri-

66 1628 189 1660 buntur
212 1628 243 1658 in
268 1626 425 1659 Psalmis:
454 1634 508 1663 ut,
539 1627 608 1661 Quo
635 1627 686 1656 ibo
716 1638 734 1655 a
763 1628 886 1666 Spiritu
914 1630 986 1660 tao,
1016 1629 1045 1655 et

68 1681 128 1710 quo
158 1672 280 1709 suyiam
314 1681 332 1699 a
358 1672 444 1708 facie
467 1671 545 1703 tna?
590 1670 684 1701 Item:
708 1670 779 1699 Non
802 1673 847 1699 est
870 1671 992 1698 sanitas
1013 1670 1045 1698 in

69 1723 163 1742 carne
193 1723 257 1741 mea
292 1723 309 1741 a
336 1714 422 1751 facie
450 1715 518 1742 irae
546 1717 626 1743 tuae.
683 1713 756 1742 Non
790 1717 837 1743 est
867 1723 937 1752 pasc
971 1713 1046 1741 ossi-

71 1756 125 1785 bus
147 1757 220 1784 meis
243 1766 260 1784 a
280 1756 367 1793 facie
391 1760 592 1794 peccatoram
622 1766 761 1785 meorum.
813 1755 853 1786 Et
884 1755 1047 1786 Ezechias

71 1797 206 1829 clamat:
234 1798 322 1827 Sicut
341 1798 388 1827 leo
412 1800 559 1827 contrivit
582 1800 683 1827 omnia
707 1809 778 1827 ossa
800 1809 875 1827 mea.
923 1798 1048 1829 Conso-

70 1839 158 1871 latur
187 1847 295 1871 autem
325 1840 478 1872 Christus
510 1841 644 1872 Petrum
672 1842 716 1871 ita
746 1841 981 1882 trepidantem,
1004 1841 1049 1871 in-

72 1884 205 1925 quiens:
241 1884 288 1912 Ne
318 1885 440 1913 timeas:
476 1884 623 1922 deinceps
652 1883 786 1912 homiues
815 1885 930 1922 παρίω.
978 1882 1049 1914 Hac

72 1924 300 1958 consolatione
324 1927 418 1968 erigit
447 1937 531 1958 eum.
589 1926 681 1957 lubet
705 1925 795 1957 illum
819 1927 961 1956 abiicere
984 1931 1049 1956 tre-

70 1969 269 2010 pidationem
305 1975 336 2000 et
370 1980 545 2010 pavorem,
580 1975 611 1999 et
646 1970 800 2007 credere,
834 1969 952 1999 remitti
987 1968 1049 1999 sibi

70 2017 217 2053 peccata.
274 2011 397 2054 Deligit
434 2013 530 2043 etiam
554 2021 627 2043 eum
658 2013 699 2043 ad
729 2023 846 2043 munus
880 2009 1047 2052 Apostoli,

71 2055 228 2095 promittit.
259 2055 305 2093 ei,
334 2056 421 2096 quod
451 2056 482 2086 111
513 2065 553 2085 80
583 2065 717 2086 munere
746 2055 918 2086 habiturus
944 2056 984 2085 sit
1008 2055 1050 2085 si-

72 2096 168 2128 miles
202 2108 402 2136 suceessus,
433 2097 550 2139 quales
580 2104 712 2139 praeter
740 2108 832 2139 spem
865 2104 894 2128 et
926 2098 1049 2138 opinio-

72 2149 147 2171 nem
172 2150 265 2171 suam
287 2140 319 2170 in
344 2140 407 2171 hac
429 2141 613 2182 piscatione
637 2140 803 2178 habuerit,
840 2141 883 2171 ita
909 2146 944 2171 ut
966 2141 1049 2171 haec

1061 499 1064 509 1

1061 539 1065 546 ι

1072 2055 1077 2112 --q
1071 1936 1078 2012 ——s‘
1069 1754 1076 1914 -ι--α-
1069 1690 1074 1733 --

71 2183 210 2224 piscatio
236 2183 352 2214 debeat
376 2184 405 2214 ei
427 2194 502 2215 esse
526 2194 586 2215 eeu
605 2185 734 2226 signum
755 2190 786 2215 et
806 2190 1050 2214 sacramentum
1071 2174 1075 2233 ξ

71 2224 172 2257 futuri
196 2236 376 2257 successus
399 2227 429 2258 in
453 2227 641 2258 ministerio.

159 2268 362 2311 Quamquam
388 2275 494 2300 autem
512 2270 598 2301 hanc
619 2268 882 2300 consolationem
897 2268 1050 2300 Christus

71 2311 222 2352 privatim
246 2313 400 2352 proponit
415 2312 524 2351 Petro,
544 2314 596 2354 qui
617 2313 748 2354 quidem
774 2323 844 2343 eam
868 2313 1050 2352 accipiens,

73 2354 209 2394 erigitur
242 2360 273 2385 et
307 2355 465 2386 liberatur
499 2366 518 2386 a
553 2356 823 2387 consternatione
854 2356 1049 2396 trepidantis

73 2397 298 2428 conscientiae
321 2408 416 2435 suae;
439 2405 546 2429 tamen
571 2400 736 2430 diseamus
755 2409 794 2429 ex
814 2399 879 2429 hoc
898 2397 1048 2439 exemplo

72 2438 105 2468 in
139 2449 276 2480 genere,
316 2441 403 2480 quod
444 2448 590 2482 oporteat
630 2441 672 2472 ad
716 2441 850 2473 dolor-es
887 2443 1049 2473 accedere

73 2480 343 2513 convolutionem.
379 2484 528 2515 Sciamus
552 2485 649 2526 igitur
672 2485 713 2515 ad
738 2495 799 2516 1105
824 2495 954 2527 quoque
978 2495 1049 2526 per-

71 2524 175 2555 tinere
203 2525 289 2555 hanc
317 2536 448 2558 vocem:
471 2537 508 2556 ne
536 2529 652 2563 timeas,
684 2534 713 2558 et
744 2529 927 2570 cogitemus
958 2538 1047 2558 man-

72 2567 181 2598 datum
206 2567 265 2598 Dei
290 2574 458 2601 aeternum
483 2576 513 2601 et
542 2571 708 2602 immotum
737 2581 831 2610 esse,
867 2578 901 2602 ut
933 2572 1046 2602 creda·
1072 2586 1073 2591 =

70 2619 143 2640 mus
178 2612 405 2651 promissioni,
439 2618 471 2644 et
504 2614 569 2645 tide
603 2620 804 2653 statuamus,
845 2625 907 2645 nos
942 2614 1044 2655 recipi
1072 2631 1073 2635 =

1072 2242 1076 2337 1

1073 2381 1076 2419 ÷

1072 2436 1075 2460 ι

1072 2476 1075 2501 ι

1071 2521 1074 2570 ἵ

835 1067 910 1097 Ideo
936 1064 1029 1096 ewa-'a
1067 1057 1070 1079 f
1096 1042 1258 1070 mationem
1280 1040 1385 1069 seculi.

1090 423 1189 449 torum
1225 421 1368 458 accipere
1397 429 1456 458 per
1489 428 1596 447 nomen
1625 419 1707 452 eius,
1743 428 1844 447 ammes
1866 419 1919 458 qai
1942 418 2072 447 credunt

1091 473 1123 491 m
1146 472 1221 492 eam,

1177 521 1307 553 Deinde
1324 522 1410 553 idem
1431 521 1552 552 dictum
1566 519 1688 552 Christi
1713 518 1952 552 transferamus
1976 521 2072 552 etiam

1090 566 1132 596 ad
1157 565 1420 597 consolationem
1443 575 1568 602 eorum,
1587 565 1640 605 qui
1665 570 1741 596 511111
1765 564 1795 594 111
1820 564 2071 605 gubernatione.

1092 609 1147 640 Ait
1172 608 1325 640 Christus
1349 609 1391 639 ad
1416 608 1560 638 Petrumz
1591 607 1640 637 Ne
1663 609 1785 642 timens,
1810 608 1958 646 deinceps
1981 607 2074 636 horni-

1092 662 1144 681 ncs
1172 654 1296 691 capies;
1332 652 1425 693 quasi
1456 651 1558 682 dicat:
1588 649 1654 688 Tu,
1686 651 1799 688 Petre,
1832 660 1931 691 reges
1960 649 2074 681 Eccle-

1092 696 1190 732 siam,
1221 696 1251 726 in
1276 694 1339 726 hae
1370 695 1608 736 gubernatione
1637 700 1807 735 rumpetur
1835 700 1917 725 rete.
1970 693 2075 724 Erunt

1091 739 1244 780 ingentes
1276 737 1446 774 tumultus,
1476 738 1621 779 ingentia
1650 736 1807 778 pericula.
1860 735 2073 767 Existimabis

1093 780 1164 812 fore
1199 782 1464 822 dissipationem,
1500 781 1608 811 omnia
1643 781 1767 811 ruitura
1797 786 1829 810 et
1858 780 2019 821 peritura,
2043 785 2075 810 et

1093 824 1228 855 labores
1253 835 1292 855 ao
1316 831 1456 855 conatus
1479 830 1555 855 tuos
1579 824 1610 854 in
1631 824 1807 854 vocatione
1823 822 1929 854 fuisse
1952 823 2074 853 irritos.

1095 868 1161 899 Sed
1187 878 1223 897 ne
1246 869 1365 905 timeas,
1389 867 1477 898 scias
1502 877 1553 898 me
1577 873 1655 897 tunc
1679 867 1775 897 ctiam
1801 865 1975 897 affuturum
1999 876 2075 897 esse

1095 912 1165 949 tibi,
1191 918 1222 942 et
1248 917 1522 942 conservaturum
1546 909 1745 947 Ecclesiam,
1766 910 1889 947 invitis,
1907 915 1938 940 et
1959 915 2076 940 contra

1096 954 1274 985 nitentibus
1309 955 1414 994 portis
1454 952 1650 984 inferorum:
1696 953 1781 984 sicut
1823 951 1900 983 alibi
1944 952 2075 983 dicitur:

1095 997 1165 1036 Eyo
1190 1007 1243 1026 ero
1268 998 1420 1026 vobiscum
1444 996 1581 1026 omnibns
1603 996 1727 1034 (Hellas,
1757 1006 1850 1036 usqne
1874 996 1916 1025 ad
1940 1005 2075 1025 consum-

1441 1040 1536 1071 ltem:
1569 1039 1666 1070 Nemo
1698 1041 1801 1078 rapiet
1830 1049 1900 1067 oves
1928 1049 2009 1068 meas
2037 1047 2078 1068 ex

1097 1083 1235 1113 manibus
1263 1085 1344 1112 meis.
1403 1082 1498 1114 Item:
1537 1082 1639 1122 Usque
1668 1082 1710 1111 ud
1737 1086 1891 1111 senectam
1919 1092 1975 1121 eqo
2000 1084 2075 1121 ipse,

1096 1137 1190 1166 usqae.
1214 1127 1257 1155 ad
1281 1128 1424 1156 canitiem
1442 1126 1579 1165 portabo
1600 1136 1662 1164 ⁰⁰53
1681 1135 1737 1165 eqo
1757 1126 1823 1163 feci
1841 1129 1870 1154 et
1889 1135 1947 1165 eyo
1966 1125 2076 1163 ferant,
2110 1152 2111 1155 ,

1096 1180 1153 1209 890
1173 1170 1309 1208 portabo
1333 1173 1362 1198 ct
1385 1169 1522 1198 salvabo.

1184 1229 1270 1260 Istae
1295 1229 1546 1260 consolationes
1575 1227 1788 1260 dulcissimae
1814 1228 1978 1260 tenendae
2001 1234 2078 1259 sunt

1097 1273 1181 1303 inter
1204 1278 1410 1313 praesentes,
1425 1277 1457 1303 81
1480 1272 1708 1312 impendentes
1733 1272 1844 1302 ruinas
1869 1278 1901 1302 et
1924 1270 2078 1312 fragores

1098 1316 1208 1346 mundi
1232 1316 1356 1346 ruentis
1381 1316 1423 1346 ad
1451 1315 1626 1346 interitum.
1680 1315 1832 1346 Sciamus
1862 1313 1970 1345 Deum
2001 1325 2078 1346 eon-

1097 1364 1308 1390 servaturum
1331 1357 1460 1400 aliquas
1484 1357 1660 1390 Ecclesiae
1684 1356 1861 1399 reliquias,
1892 1363 1924 1389 et
1947 1357 2079 1399 quidem

1097 1407 1327 1440 servaturum,
1359 1412 1424 1433 11011
1448 1408 1572 1433 tantum
1596 1401 1743 1443 privatas
1772 1402 1902 1442 piorum
1925 1400 2078 1434 familias,

1098 1445 1158 1477 sed
1194 1446 1291 1476 etiam
1325 1444 1480 1486 publicos
1515 1443 1646 1486 aliquos
1677 1450 1810 1483 coetus,
1844 1454 1886 1476 ne
1909 1443 2079 1476 6311111111-

1099 1487 1251 1520 versales
1276 1489 1466 1527 vastitates,
1490 1493 1523 1519 et
1547 1488 1793 1530 dissipationes.

1100 1689 1219 1731 Unde
1252 1689 1326 1730 seis
1357 1688 1536 1729 futurum
1570 1704 1674 1740 esse,
1714 1696 1758 1730 ut
1790 1696 2080 1730 conserventur

1337 1766 1459 1820 aliqui
1491 1772 1630 1806 coetus
1663 1766 1836 1821 publici?

1190 1872 1313 1905 Paulus
1336 1873 1454 1915 inquit:
1479 1874 1550 1903 Hoc
1569 1875 1681 1913 facite,
1705 1875 1803 1904 donec
1826 1876 1938 1905 veniat.
1986 1875 2081 1906 lubet

1099 1918 1132 1948 in
1158 1927 1263 1947 coena
1286 1918 1469 1948 annuntiari
1492 1925 1631 1949 mortem
1650 1917 1796 1955 Domini,
1820 1919 1982 1959 tantisper
2006 1919 2081 1950 dum

1100 1961 1211 1992 veniat
1234 1958 1408 1991 Dominus.
1459 1960 1519 1991 Est
1541 1967 1648 1993 autem
1673 1971 1779 1992 coena
1801 1959 1935 1992 Domini
1958 1971 2082 1993 nervus

1101 2001 1258 2045 publicae
1287 2004 1568 2045 congregationis
1625 2004 1738 2039 Quare
1769 2003 1953 2036 consolatio
1985 2006 2017 2036 in
2042 2015 2082 2036 eo

1102 2047 1190 2077 dicto
1214 2046 1384 2087 proposita
1415 2053 1482 2081 est,
1513 2048 1603 2089 quod
1627 2046 1720 2078 Deus
1744 2048 1787 2078 sit
1807 2054 2000 2079 servaturus
2025 2047 2082 2079 ali-

1103 2099 1188 2130 quos
1213 2095 1330 2120 coetus
1353 2088 1515 2130 publicos.
1566 2090 1637 2121 Etsi
1664 2091 1763 2133 igitur
1787 2089 1949 2122 Diabolus
1982 2089 2083 2122 multa

1102 2132 1267 2169 turbabit,
1298 2133 1453 2164 excitabit
1482 2134 1637 2171 dissidia,
1663 2140 1693 2165 et
1718 2132 1840 2165 alicubi
1864 2133 1963 2165 faciet
1987 2135 2082 2165 dissi-

1103 2175 1273 2215 pationeS‚
1296 2182 1405 2206 tamen
1425 2186 1491 2207 non
1517 2178 1668 2215 omnino,
1693 2186 1800 2218 neque
1823 2177 1944 2218 ubique
1967 2176 2077 2208 faciet.

1102 2217 1143 2248 Et
1169 2224 1259 2249 certe
1282 2218 1326 2248 ibi
1350 2217 1462 2250 facere
1482 2229 1548 2250 non
1571 2220 1704 2260 poterit,
1723 2220 1778 2250 ubi
1797 2221 1920 2251 serium
1938 2220 2081 2251 studium

1103 2261 1273 2292 doetrinae
1292 2262 1364 2300 erit,
1386 2268 1417 2292 et
1441 2263 1529 2294 initia
1554 2274 1654 2294 verae
1667 2263 1896 2294 conversionis
1909 2264 1951 2294 ad
1964 2262 2081 2295 Deum.

1102 2303 1201 2334 Tales
1225 2305 1392 2336 adiuvabit
1417 2311 1447 2336 et
1472 2312 1625 2348 proteget
1648 2306 1742 2338 Deus
1767 2307 1950 2337 servientes
1976 2306 2081 2338 fideli-

1102 2352 1152 2378 ter
1182 2357 1263 2379 suae
1298 2349 1479 2387 vocationi,
1514 2355 1545 2380 et
1576 2357 1746 2391 gementes
1770 2360 1810 2380 ac
1834 2348 2016 2381 clamantes
2039 2350 2081 2381 ad

1102 2390 1220 2430 ipsum.
1277 2390 1372 2422 Hane
1407 2391 1669 2424 consolationem
1700 2391 1822 2434 singuli
1846 2393 1888 2423 ad
1912 2402 1949 2423 se
1973 2398 2082 2423 trans·

1103 2432 1218 2464 serant.
1275 2433 1369 2465 Sicut
1404 2435 1492 2466 Petri
1526 2437 1668 2476 piscatio
1699 2436 1759 2467 suit
1789 2434 1866 2466 felix
1898 2441 1929 2467 et
1959 2434 2082 2474 fausta,

1103 2475 1237 2508 Christo
1264 2477 1413 2509 iuvante:
1448 2479 1498 2509 sic
1528 2485 1604 2510 tuus
1628 2478 1725 2510 labor
1753 2479 1785 2508 in
1816 2479 1991 2510 vocatione
2014 2489 2082 2510 non

1102 2520 1162 2550 erit
1182 2520 1304 2559 11111115,
1328 2522 1389 2552 sed
1412 2520 1534 2563 aliquid
1559 2522 1726 2563 proficiet3
1750 2522 1860 2563 idque,
1873 2520 1926 2553 vel
1949 2522 2081 2553 tandem

1100 2564 1290 2603 apparebit,
1316 2574 1389 2595 eum
1412 2566 1642 2606 praeterierint
1665 2564 1832 2606 pericula,
1863 2571 1896 2596 et
1926 2564 2082 2596 sublatae

1101 2605 1155 2636 vel
1178 2607 1346 2648 mitigatae
1370 2606 1488 2639 tuerint
1512 2607 1734 2646 calamitates,
1764 2618 1850 2650 quae
1871 2618 1934 2639 nos
1958 2607 2081 2640 sollici-

69 2658 205 2694 propter
228 2653 328 2686 filium
352 2654 432 2694 Dei,
461 2662 493 2687 et
516 2657 631 2688 donari
654 2658 751 2688 nobis
775 2668 833 2698 per
856 2664 886 2688 et
910 2663 1045 2699 propter
1072 2658 1074 2666 '
1098 2655 1151 2680 tOS
1174 2650 1351 2681 habebant·

223 2722 368 2742 uEerTH.
383 2724 463 2745 OPER.
479 2724 542 2744 voL.
559 2725 626 2747 XXV.

1825 2722 1856 2745 lo
