2374 2985
220 199 263 231 23
853 195 961 228 PHIL.
986 195 1090 228 MEL.
1113 192 1298 227 SCRIPTA
1320 190 1581 224 EXEGETICA.
2171 191 2213 223 24

357 329 466 380 Quid
497 335 558 368 est.
589 328 738 368 iustitia
769 341 904 368 coram
936 325 1056 367 Deo?

307 419 367 451 Est
390 420 556 461 imputatio
581 419 720 450 iustitiae
745 417 815 448 leii
837 417 919 454 Dei,
944 425 1028 457 quae
1053 415 1189 455 imputa-

222 470 275 494 tur
296 461 365 500 his,
388 464 442 504 qui
465 462 529 493 fide
552 472 624 493 eam
646 462 826 502 accipiunt,
850 470 912 500 qun
936 457 1031 489 simul
1054 467 1189 499 regene-

222 512 311 537 ratur
334 505 444 536 homo.

407 667 622 718 Quomodo
655 668 701 707 fit
731 664 1007 719 regeneratio?

308 759 448 794 Quando
482 759 513 789 in
547 768 626 789 vero
662 755 775 787 dolore
810 756 908 787 homo
942 754 1007 786 fide
1040 755 1188 797 erigitur,

223 808 289 834 tum
319 807 453 843 propter
483 799 596 831 l‘ilium
625 800 778 840 recipitur
809 804 840 829 et
871 798 1063 829 vivificatur.
1120 798 1191 829 Hac

223 844 442 875 vivificatione
465 842 560 874 simul
579 847 798 884 regeneratur.
845 840 996 871 Christus
1016 841 1191 880 reprehen-

223 888 269 918 dit
297 886 351 918 hic
380 887 474 917 ctiam
508 885 762 916 Pharisaismum
793 885 834 914 de
862 883 996 914 messia.
1052 884 1192 914 Nicode-

222 940 296 962 mus
320 930 456 970 cogitat:
488 929 618 970 quando
647 933 758 958 noster
786 927 929 957 Messias
959 926 1084 964 veniet,
1113 932 1191 958 tunc

222 973 282 1004 erit
304 971 442 1012 pulcher
465 977 583 1007 status,
607 970 712 1001 eiiciet
735 968 913 1006 Romanos,
937 970 1096 1009 partietur
1117 979 1191 1010 pro-

222 1015 367 1054 vincias3
390 1013 462 1056 Ego
486 1023 618 1054 quoque
641 1012 757 1053 eligam
786 1012 862 1042 mihi
893 1011 1001 1042 locum
1029 1012 1192 1043 amoenis·

222 1058 355 1094 simum,
380 1062 411 1086 et
434 1057 487 1086 diu
510 1056 673 1093 vivemus,
703 1060 737 1085 ut
760 1055 868 1085 adhuc
891 1054 1001 1085 ludaei
1029 1055 1190 1091 scribunt,

222 1110 260 1131 se
283 1105 361 1130 tunc
389 1099 535 1130 victuros
564 1099 658 1128 annis
689 1097 763 1128 400.
819 1096 887 1127 Sed
916 1096 1084 1134 Christus,
1116 1107 1190 1127 cum

223 1142 300 1173 dicit
322 1141 460 1170 exaltari
482 1145 624 1179 oportere
646 1140 759 1169 Filium
780 1139 926 1177 hominis,
958 1140 1072 1177 docet,
1102 1139 1191 1180 quod

221 1183 363 1216 Messias
385 1193 450 1214 non
474 1184 591 1214 habeat
615 1193 752 1223 regnum
775 1180 954 1222 politicum,
977 1182 1037 1213 sed
1060 1182 1102 1212 sit
1124 1180 1189 1212 sal-

222 1233 318 1258 vator
339 1227 455 1257 merito
484 1232 515 1257 et
543 1225 702 1256 efficacia.
759 1224 896 1260 Merito;
931 1225 1006 1266 quia
1033 1224 1191 1265 passione

223 1280 284 1301 sua
306 1267 495 1300 reconciliat
517 1269 664 1305 Patrem,
686 1273 722 1299 ut
744 1268 846 1298 simus
869 1268 996 1308 accepti
1018 1267 1093 1298 Deo
1114 1276 1191 1307 pro-

245 1318 296 1343 ter
324 1310 451 1342 Filium.
506 1310 682 1347 Efficacia;
711 1311 787 1351 quia
815 1310 886 1350 ipse
916 1309 1060 1341 vivificat
1083 1315 1113 1340 et
1137 1309 1192 1339 dat

223 1355 378 1395 bpiritum
402 1360 550 1385 sanctum
573 1354 605 1384 in
628 1353 691 1384 hac
714 1353 791 1391 vita,
816 1354 871 1383 dat
893 1353 990 1383 vitam
1013 1358 1191 1390 aeternam,

222 1403 255 1429 et
273 1407 339 1428 non
361 1402 485 1428 tantum
507 1396 571 1427 400
593 1405 717 1434 annOS,
741 1401 804 1427 etc.

310 1558 421 1612 'Quid
452 1561 648 1615 significat
678 1574 827 1600 nomen
858 1559 1095 1602 Nicodemi?

308 1652 437 1684 Graece
466 1662 486 1682 a
516 1656 578 1689 νίκη
609 1655 659 1681 καὶ
689 1651 798 1689 δῆμος,
833 1651 925 1691 quasi
959 1651 1086 1686 vincat,
1119 1650 1191 1680 sive

224 1694 365 1727 excellat
389 1705 467 1735 prae
490 1693 644 1735 reliquis:
676 1694 734 1724 sed
760 1693 922 1724 Hebraico
945 1700 994 1723 est
1018 1692 1190 1726 nrtkiehcnn,

222 1749 242 1769 a
264 1737 338 1767 nala·
365 1738 542 1774 innocens,
573 1747 636 1767 non
667 1747 759 1767 reus:
788 1736 873 1764 eliam
896 1735 1092 1776 inculpatus.
1137 1735 1190 1765 Ni-

223 1781 381 1813 codemus
409 1780 573 1821 significat
603 1780 706 1810 virum
733 1777 848 1815 talem,
878 1779 931 1818 qui
960 1788 1024 1809 non
1049 1784 1099 1808 est
1124 1777 1190 1808 cul-

223 1821 360 1864 pabilis,
394 1833 505 1854 coram
537 1823 669 1853 mundo.
725 1822 780 1852 Sic
812 1819 932 1851 Paulus
961 1821 1021 1857 ait,
1058 1820 1190 1860 Oportet

224 1864 413 1905 Episcopum
435 1876 500 1895 esse.
523 1865 703 1904 ἁνέγκληιον.
751 1864 806 1894 Sic
830 1869 1053 1905 argumentor:

351 1925 446 1954 Nemo
469 1929 513 1954 est
536 1926 601 1953 sinn
625 1924 715 1962 culpa
740 1928 766 1953 ct
788 1927 933 1962 peccato.

350 1967 437 2006 Eryo
459 1978 544 1996 izemo
567 1970 608 1995 sit
632 1966 816 2005 Episcopus.

310 2035 517 2076 Respondeo.
562 2034 736 2073 ’.ἀνέγκλητος
764 2035 925 2075 significat
954 2033 1016 2069 ibi,
1044 2034 1097 2074 qui
1126 2043 1191 2064 non

225 2078 323 2109 habet
346 2079 468 2109 crimen
486 2087 594 2108 coram
614 2077 813 2108 hominihus:
837 2076 997 2117 significat
1019 2086 1082 2106 non
1101 2086 1191 2107 reum

227 2121 387 2157 criminis,
426 2126 560 2161 propter
598 2120 684 2161 quod
725 2119 830 2159 possit
864 2118 1029 2153 accusari,
1071 2118 1127 2146 der
1160 2120 1191 2147 in

227 2163 311 2192 zuclzt
333 2163 395 2191 und
418 2162 588 2192 elzrbarlicli
612 2162 688 2196 (ebt,
713 2162 776 2191 und
798 2162 851 2190 hat
875 2163 922 2189 ein
945 2164 999 2199 yut
1021 2161 1157 2199 yerztcltt.

311 2206 376 2236 Sed
400 2204 492 2245 leges
515 2205 676 2236 humanae
699 2205 840 2235 iudicant
863 2209 894 2234 et
913 2205 1049 2244 puniunt
1066 2210 1191 2234 tantum

227 2254 360 2279 externa
383 2247 518 2279 delicta:
546 2247 615 2278 Lex
646 2248 753 2278 divina
782 2247 968 2277 interiore-n
999 2251 1029 2275 ot
1053 2247 1190 2276 exterio-

226 2299 294 2321 rem
332 2291 566 2321 inunundiciem
605 2295 751 2321 accusat.
812 2289 888 2319 lcico
926 2289 1029 2329 inquit
1062 2288 1190 2319 Moses:

227 2332 376 2361 Innocens
399 2343 501 2362 coram
524 2337 568 2370 le,
591 2343 650 2362 uon
674 2334 733 2362 erit
755 2334 912 2361 innocens:
944 2331 974 2361 id
999 2337 1066 2368 est,
1093 2332 1190 2362 etiam

227 2375 281 2415 qui
303 2375 401 2406 habet
424 2376 608 2406 inchoatam
631 2376 804 2412 iustitiam,
832 2379 953 2415 quanta
981 2380 1090 2413 potest
1115 2384 1191 2404 esse

227 2417 259 2447 in
287 2417 430 2448 homine:
458 2424 564 2449 tamen
594 2428 696 2447 eornm
723 2418 792 2447 Deo
823 2427 883 2445 non
905 2420 950 2445 est
972 2418 1131 2450 innoc-enm
1158 2416 1191 2447 id

228 2465 294 2497 est,
315 2459 415 2491 habet
437 2466 542 2491 tamen
566 2466 745 2501 peccatum.
779 2458 895 2491 Nullus
915 2464 1051 2489 sanctus
1074 2460 1106 2489 in
1128 2458 1191 2490 hac

228 2502 295 2532 vita
324 2508 375 2533 est
403 2503 473 2533 sine
500 2510 655 2543 peccato:
690 2502 760 2543 Ego
789 2503 919 2533 omnino
949 2502 1050 2531 credo
1072 2511 1190 2532 nomen

227 2543 397 2575 Nicodemi
432 2555 507 2576 esse
539 2552 730 2586 usurpatum
765 2552 900 2586 propter
932 2542 1145 2581 allusionem,
1173 2554 1192 2574 a

228 2586 316 2619 noh-i,
341 2593 371 2618 et
395 2587 492 2616 cham:
517 2588 591 2628 quia
612 2588 768 2629 proponit
790 2589 892 2618 virum
916 2585 1132 2627 inculpatum,
1161 2592 1191 2617 et

228 2629 403 2661 habentem
426 2630 594 2668 iustitiam,
619 2640 703 2671 quae
725 2630 908 2661 nominatur
927 2627 1119 2669 Disciplina.

1355 287 1454 339 Qui's
1484 286 1561 328 fuit
1590 293 1686 327 tunc
1717 292 1844 327 status
1874 285 2101 329 Ecclesiae?

1328 376 1601 419 Contemplamini
1631 383 1750 408 statum
1772 375 1959 416 Ecclesiae,
1990 378 2060 410 eius
2088 383 2213 420 tempo·

1241 423 1304 460 ris,
1326 427 1358 453 et
1380 422 1522 453 omnium
1544 420 1695 451 similium
1719 426 1918 461 temporum3
1948 421 2023 462 quia
2047 421 2143 452 etiam
2167 421 2213 452 di-

1240 474 1341 497 versa
1362 470 1526 504 tempora,
1548 470 1657 494 tamen
1680 462 1802 493 habent
1825 462 1948 493 similes
1973 473 2081 494 casus.
2126 462 2213 495 Thu-

1242 507 1377 549 cydides
1401 507 1492 538 dicit:
1515 506 1660 535 Historia
1682 509 1728 535 est
1746 506 1945 545 paradiymoe
2000 506 2062 535 Res
2091 506 2214 536 eaedem

1241 551 1383 583 redeunt,
1406 550 1529 579 etiamsi
1549 552 1700 578 mutentur
1721 548 1864 577 homines.
1909 548 1961 580 Ex
1984 555 2081 580 antea
2104 547 2213 586 sactis

1242 593 1493 630 ratiocinamur,
1535 592 1611 632 quid
1646 593 1677 622 in
1711 592 1899 632 praesentia
1933 591 1999 622 fiat.
2061 591 2214 633 Cogitate

1242 636 1357 677 igitur,
1387 633 1484 676 quale
1511 640 1640 675 ternpus
1663 632 1776 671 suerit,
1811 644 1883 665 cum
1907 633 2058 665 Christus
2082 635 2213 665 concio-

1242 685 1338 709 natus
1361 684 1419 709 est.
1456 677 1530 708 Fuit
1551 686 1632 707 sane
1656 677 1876 707 tristissimum
1896 682 2035 718 tempus.
2070 677 2213 708 Fuerant

1242 728 1338 752 antea
1366 719 1455 752 bella
1484 721 1655 757 intestina,
1686 726 1718 750 et
1747 718 1927 750 latrocinia.
1980 720 2102 750 Postea
2129 718 2213 750 Res-

1243 762 1375 803 publica
1398 768 1431 794 et
1452 762 1604 794 Ecclesia
1627 763 1729 803 magis
1749 763 1905 793 distracta
1924 768 1976 793 est
1993 762 2107 799 sectis,
2127 762 2214 794 sicut

1243 808 1306 837 iam
1330 806 1375 836 fit.
1410 805 1459 836 Ex
1482 804 1662 846 Theologis
1684 804 1768 836 alius
1792 805 1878 846 apud
1902 805 2001 842 hunc,
2020 803 2103 835 alius
2126 805 2214 845 apud

1243 848 1341 880 alium
1365 849 1492 889 quaerit
1514 855 1696 888 receptum,
1720 853 1751 878 et
1774 848 1952 888 praesidia:
1982 848 2027 879 ita
2050 847 2214 888 principes

1244 890 1485 928 distrahuntur,
1525 896 1557 922 et
1594 889 1754 931 Theologi
1795 891 1857 930 ipsi
1896 892 1967 922 sine
2004 891 2214 928 verecundia,

1243 934 1365 966 audent
1388 940 1421 965 et
1443 934 1569 971 dicunt,
1592 934 1749 975 quidquid
1773 932 1896 964 volunt.

1305 1080 1419 1131 Quae
1451 1079 1613 1121 suerunt
1643 1086 1738 1121 tuno
1769 1081 1946 1121 maxime
1978 1080 2156 1121 celebres

1478 1163 1611 1197 sectae
1643 1158 1746 1197 inter
1776 1157 1981 1197 Iudaeos?

1329 1237 1510 1277 Pharisaei,
1533 1238 1708 1276 Saducaei,
1734 1244 1767 1270 et
1785 1238 1912 1269 Essaei.
1958 1237 2125 1270 Fortassis
2149 1249 2214 1271 non

1243 1280 1327 1312 male
1349 1280 1468 1322 aliquis
1491 1282 1627 1313 diceret:
1656 1288 1734 1312 tunc
1756 1280 1860 1312 fuisse
1882 1281 2141 1321 Epicuraeorum
2162 1291 2215 1313 se—

1245 1331 1328 1355 ctam
1356 1325 1497 1356 omnium
1527 1326 1716 1362 maximam,
1745 1334 1940 1366 quamquam
1968 1324 2131 1356 Saducaei
2152 1325 2215 1366 ipsi

1243 1365 1375 1398 fuerunt
1403 1366 1549 1407 perfecte
1576 1367 1740 1408 Epicurei.
1790 1366 1909 1398 Iudaea
1937 1365 1996 1398 fuit
2018 1372 2096 1398 tunc
2117 1365 2215 1408 plena

1244 1410 1566 1451 corruptissimorum
1600 1409 1779 1447 scelerum,
1814 1415 1845 1441 et
1878 1410 2092 1441 maximorum
2126 1407 2215 1440 furo-

1243 1463 1325 1526 rpiilm.
1371 1452 1438 1502 Sed
1470 1452 1536 1491 illi,
1570 1454 1625 1494 qui
1658 1451 1833 1484 voluerunt
1867 1450 2048 1490 excellere,
2081 1450 2216 1483 fuerunt

1294 1504 1421 1527 arisaei.

1335 1642 1442 1692 Quid
1473 1642 1672 1697 significat
1703 1657 1852 1682 nomen
1884 1642 2116 1682 Pharisaei?

1328 1732 1498 1775 Significat
1521 1734 1729 1772 expositores,
1754 1733 1907 1761 (tortores.
1955 1731 2093 1766 Quidam
2116 1741 2214 1771 seyra-

1242 1780 1334 1816 9atos
1363 1783 1599 1817 exposuerunt,
1629 1775 1779 1814 parescli,
1814 1775 1846 1805 id
1875 1780 1944 1811 cst,
1978 1775 2213 1815 interpretatus

1243 1825 1311 1851 est:
1341 1824 1373 1849 et
1398 1819 1526 1857 parem,
1557 1825 1755 1859 segregatus
1784 1823 1844 1848 est.
1896 1817 1963 1848 Sed
1991 1827 2097 1857 neque
2125 1815 2212 1854 mibi,

1243 1872 1349 1903 neque
1377 1861 1523 1892 Luthero
1552 1859 1692 1901 placuit,
1720 1870 1826 1901 neque
1855 1860 1950 1891 etiam
1975 1859 2154 1893 Osiandro,
2178 1865 2214 1890 ut

1209 1927 1213 1930 <
1244 1905 1424 1936 deducatur
1447 1914 1467 1934 a
1489 1903 1732 1945 segregatione.
1766 1903 1838 1933 Fuit
1857 1903 1939 1933 haec
1957 1907 2050 1932 secta
2074 1902 2213 1932 maxime

1242 1949 1275 1978 in
1304 1947 1557 1988 gubernatione,
1587 1952 1619 1976 et
1648 1944 1744 1976 simul
1774 1945 1859 1975 dedit
1890 1954 2023 1984 operam
2052 1954 2212 1985 propaga—

1244 1991 1322 2021 tioni
1347 1989 1527 2026 doctrinae,
1545 1989 1596 2017 die
1618 1992 1713 2017 etwas
1734 1987 1866 2016 studim-t
1888 1986 1996 2024 hohen,
2022 1988 2106 2018 sicut
2125 1987 2212 2027 apud

1242 2042 1304 2064 nos
1328 2031 1457 2063 suerunt
1481 2030 1654 2067 Monachi,
1685 2036 1716 2061 ct
1744 2030 1952 2060 honestiores
1981 2027 2079 2070 aliqui
2103 2038 2212 2060 sacer-

1244 2077 1338 2107 dotes
1373 2074 1541 2106 doctrinae
1575 2073 1684 2103 dediti.
1741 2071 1789 2102 llli
1822 2071 2013 2103 differebant
2041 2082 2059 2101 a
2089 2069 2211 2112 populo

1243 2117 1391 2160 pluribus
1427 2116 1714 2148 observationibus
1742 2113 1909 2151 humanis,
1942 2115 2027 2145 sicut
2057 2113 2212 2144 Monachi

1244 2162 1339 2192 etiam
1363 2159 1546 2191 habuerunt
1569 2157 1681 2199 plures
1705 2158 1965 2188 observationes.
2016 2156 2113 2192 Quod
2136 2156 2211 2187 inde

1244 2209 1349 2234 ortum
1384 2209 1452 2238 θεῖς
1486 2202 1562 2242 quia
1595 2198 1738 2231 Scholae.
1773 2199 1947 2231 voluerunt
1976 2199 2099 2230 habere
2133 2198 2209 2239 plus

1243 2246 1482 2278 exercitiorum.
1518 2244 1604 2274 Sane
1628 2243 1805 2283 optandum
1829 2249 1928 2279 esset,
1946 2250 1979 2273 ut
2005 2252 2091 2273 nunc
2115 2242 2210 2272 etiam

1242 2288 1439 2319 haberemus
1462 2286 1618 2318 exercitia
1640 2284 1742 2323 utilia,
1761 2291 1791 2316 et
1815 2295 2007 2316 ornaremus
2031 2284 2211 2315 doctrinam

1243 2332 1400 2362 moribus.

1330 2373 1399 2404 Hac
1422 2377 1538 2409 nocte,
1561 2370 1692 2402 circiter
1717 2370 1959 2408 duodecimam,
1982 2369 2112 2410 quidam
2136 2379 2210 2409 pro-

1243 2416 1419 2447 trudebant
1441 2424 1570 2445 currum
1593 2411 1830 2443 vociferantes:
1855 2412 1945 2443 llaec
1964 2422 2028 2442 non
2046 2418 2097 2442 est
2114 2412 2210 2443 seho-

1244 2457 1379 2496 lastica,
1402 2457 1462 2488 sed
1485 2456 1718 2496 Epicureorum
1741 2458 1824 2491 vita3
1853 2456 1928 2496 quia
1957 2453 2043 2485 tales
2065 2464 2130 2485 non
2152 2453 2209 2484 ha-

1244 2503 1322 2532 bent
1354 2500 1530 2536 rationem,
1571 2497 1625 2529 vel
1659 2508 1890 2538 personarum,
1930 2496 1984 2528 vel
2017 2504 2209 2537 temporum.

1244 2544 1350 2574 llodie
1367 2543 1525 2574 deberent
1544 2542 1727 2572 accendere
1744 2546 1870 2571 mentes
1893 2541 1935 2571 ad
1959 2540 2209 2575 invocationem,

1244 2587 1305 2617 sed
1334 2596 1406 2617 cum
1433 2584 1564 2625 vesperi
1591 2584 1833 2625 ingurgitarunt
1863 2592 1901 2613 se
1923 2582 2016 2623 vino,
2046 2580 2209 2623 quomodo

1243 2634 1384 2669 possunt
1406 2637 1482 2660 esse
1503 2627 1611 2658 idonei
1633 2627 1675 2657 ad
1697 2624 1937 2667 precationem?
