2343 2970
207 155 266 188 651

208 261 275 282 non
297 250 491 282 necessario
504 249 558 282 vel
571 247 802 281 universaliter
814 245 973 278 tolluntur
985 255 1058 277 cum
1077 242 1189 284 culpa:

207 293 386 336 aliquando
410 293 615 335 mitigantur,
644 290 821 332 aliquando
853 289 986 321 omnino
1016 286 1187 319 tolluntur.

208 335 303 368 Deus
326 335 396 368 vult
421 345 482 366 nos
507 336 678 367 subiectos
709 342 785 364 esse
812 333 903 364 cruci
932 338 1068 373 propter
1098 331 1188 362 iusti-

209 380 287 412 tiam
310 379 488 421 politicam.
535 377 627 409 Deus
652 382 765 408 servat
789 377 876 407 hunc
900 375 1065 410 ordinem3
1096 379 1131 405 ut
1160 373 1189 404 si

209 423 283 464 quis
308 423 438 454 occidat
461 420 572 458 alium,
597 430 714 451 rursus
738 419 933 450 subiiciatur
956 427 1094 459 poenae.
1140 415 1186 447 Iu·

210 467 274 497 dex
298 466 396 496 debet
419 463 531 496 facere
553 474 649 494 suum
673 461 837 499 osticium,
865 462 991 492 etiamsi
1016 460 1109 491 Deus
1139 469 1188 490 re-

210 510 305 540 mittit
330 507 469 548 culpam.
515 506 624 538 David
643 505 738 536 habt-,i
765 505 993 535 remissionem
1013 501 1129 543 culpae
1156 508 1189 532 et

211 553 327 583 mortis
351 557 519 582 aeternae:
546 549 640 580 Deus
670 555 778 579 tamen
807 557 879 578 eim
910 557 1014 589 regno
1044 543 1190 587 expellit,

210 602 243 626 et
276 591 477 624 horribiliter
496 592 605 624 David
640 592 828 628 cureiatur,
863 590 923 621 sed
957 596 1066 621 tamen
1094 588 1190 620 Deus

210 636 289 669 lenit
313 647 464 678 poenam.
509 635 593 666 Nam
616 635 744 666 sanctis
761 633 952 675 mitigantur
963 642 1103 674 poenae,
1115 630 1190 663 aliis
1215 640 1217 647 ¹

209 680 327 712 aliter:
352 679 522 717 ut,David
545 678 728 709 restituitur
752 678 782 708 in
806 687 957 717 regnunt,
978 676 1060 707 etin
1083 685 1191 716 poena

210 724 315 755 sensit
340 721 611 754 consolationem.

461 815 522 847 EX
545 815 652 847 ALIA
675 812 944 845 RHAt’somA.

297 894 462 926 Differunt
495 892 665 935 Paralysis
700 899 732 923 et
766 891 961 932 Apoplexia.
1011 890 1221 930 Apoplexiai

211 944 262 970 est
283 938 419 970 amissio
445 947 566 968 sensus
590 943 622 968 et
644 940 753 966 motus
778 935 853 964 olum
877 936 909 965 in
933 935 1094 975 principio
1119 943 1193 964 ner·
1216 943 1220 990 Ι

210 991 339 1013 vorum:
364 980 429 1011 Ubi
453 986 561 1011 autem
585 988 706 1011 sensus
730 984 762 1009 ct
785 985 894 1009 motus
919 984 1041 1012 cessat,
1054 978 1098 1008 ibi
1117 986 1194 1007 mox

210 1024 309 1056 homo
344 1024 556 1066 extinguitur.·
606 1021 775 1061 paralysis
809 1028 857 1052 est
892 1021 1027 1052 amissio
1063 1019 1194 1051 virtutis

211 1067 368 1106 motivae,
382 1067 514 1109 quando
533 1066 627 1097 nervi
650 1072 727 1096 sunt
751 1065 847 1103 laesi,
867 1074 932 1095 non
956 1064 987 1094 in
1010 1063 1085 1104 ipso
1107 1062 1193 1104 prin-

214 1111 311 1152 cipiO,
335 1111 396 1141 sed
420 1111 451 1141 in
475 1109 551 1141 loco
571 1107 746 1145 inferiore,
779 1108 833 1139 ubi
863 1118 927 1139 una
957 1116 1035 1148 pars
1060 1106 1194 1146 impedi-

213 1160 281 1185 tur:
305 1154 353 1183 als
376 1163 463 1183 wann
486 1163 556 1182 man
574 1153 622 1181 ein
646 1151 730 1181 hund
750 1151 827 1180 oder
850 1162 914 1179 arm
938 1149 1022 1179 nicht
1045 1149 1128 1179 melu·
1149 1158 1195 1178 re-

213 1207 272 1237 9⁰¹²
307 1197 378 1227 kun.
434 1196 618 1238 Utrumque
652 1194 789 1226 Pathos.
847 1193 1015 1234 paralysis
1049 1199 1081 1224 et
1110 1191 1195 1231 Apo-

208 1240 319 1280 pleoeia
344 1240 493 1271 oriuntur
514 1250 556 1270 ex
576 1237 843 1280 intemperantia3
856 1237 944 1278 quia,
958 1236 1090 1278 quando
1101 1235 1195 1266 nervi
1218 1243 1223 1285 g

213 1284 313 1314 nimia
336 1283 530 1314 humiditate
553 1282 635 1314 liunt
658 1281 903 1323 languidiores,
925 1280 1077 1311 amittunt
1100 1288 1195 1310 suam
1219 1290 1223 1320 Ι

214 1327 291 1364 vim,
315 1337 381 1357 non
403 1332 547 1367 possunt
570 1325 781 1366 suppeditare
804 1323 951 1364 spiritus,
965 1333 1030 1353 non
1053 1327 1196 1363 possunt

213 1370 375 1411 praebere
397 1368 451 1400 vel
474 1379 609 1401 sensum
633 1367 688 1399 vel
711 1374 843 1398 motum.

244 1467 368 1507 Estne
400 1467 501 1506 haec
533 1466 672 1506 concio
703 1465 802 1519 legis
834 1464 900 1503 vel
931 1461 1166 1517 Evangelii?
1219 1425 1224 1458 i

301 1540 363 1572 Est
385 1539 589 1582 Evangelica
612 1537 855 1581 principaliter;
889 1538 964 1579 quia
997 1543 1050 1569 est
1079 1537 1198 1569 recita-

216 1585 262 1616 tio
286 1583 365 1616 facti
389 1593 450 1616 seu
473 1582 638 1621 miraculi,
667 1593 733 1624 quo
757 1580 859 1613 Filius
878 1580 941 1612 Dei
973 1581 1029 1612 dat
1054 1581 1198 1612 testimo-

216 1628 305 1658 nium
335 1627 377 1658 de
405 1627 566 1659 doctrina.
612 1625 764 1656 Darnaclt
787 1625 890 1664 kompl
914 1623 993 1653 auch
1021 1623 1198 1664 disputatio

217 1680 377 1712 expressa
418 1670 459 1701 de
499 1670 696 1701 remissione
730 1674 954 1710 pcccatorum.
1021 1666 1111 1708 Ergo
1147 1672 1198 1696 est

216 1711 421 1755 Evangelica
444 1713 590 1744 materia.
638 1712 779 1748 Quando
813 1710 980 1742 intuemini
1013 1719 1113 1741 unam
1143 1719 1199 1749 pa-

217 1757 329 1799 ginam
352 1757 383 1786 in
407 1755 539 1794 Bibliis,
574 1756 683 1787 statim
716 1755 876 1795 cogitate,
908 1764 950 1785 an
981 1753 1022 1784 sit
1050 1752 1225 1792 doctrina.

218 1800 303 1841 legis
328 1798 381 1830 vel
404 1799 588 1839 1<'·=·ei¹getii.
636 1798 671 1832 Si
696 1804 747 1829 est
775 1798 926 1828 ‹locu-ina
954 1795 1057 1838 legiS,
1085 1806 1127 1826 an
1156 1796 1199 1826 sit

218 1844 258 1874 de
281 1841 425 1874 cub-ihus
449 1843 589 1879 divinis,
624 1852 666 1872 an
702 1852 780 1872 xero
817 1841 858 1872 de
892 1839 1013 1871 officiis
1042 1837 1196 1880 politicis.

218 1886 346 1917 Primus
371 1886 469 1926 igitur
491 1884 586 1917 locus
611 1883 824 1926 principalis,
859 1890 908 1914 esi
946 1883 985 1913 de
1020 1881 1197 1913 miraculis.
1224 1882 1227 1919 ξ

217 1928 268 1960 Ea
291 1929 489 1967 recitantur,
512 1934 547 1960 ut
571 1928 635 1959 sint
670 1928 855 1959 testimonia
885 1927 1076 1964 doctrinae,
1110 1926 1199 1967 quod
1225 1953 1227 1956 .

219 1972 371 2003 doctrina
393 1981 459 2002 nou
483 1972 525 2002 sit
550 1971 684 2012 ficticiag
707 1971 802 2002 Deus
836 1970 910 2001 iiico
945 1968 1109 2000 ordinavit
1142 1978 1198 1999 na-

217 2021 335 2052 turam,
355 2019 402 2052 ut,
427 2024 500 2046 curn
524 2013 602 2045 facit
620 2012 741 2056 aliquid
766 2019 898 2055 praeter
920 2019 1089 2050 naturam,
1112 2012 1197 2042 scia-

197 2067 290 2098 ,mus
315 2066 393 2088 esse
415 2057 535 2095 Deum,
559 2064 588 2088 et
613 2067 690 2088 esse
714 2068 786 2088 eum
811 2063 949 2088 naturae
972 2062 1143 2087 auctorem
1166 2061 1198 2085 et

218 2100 440 2138 conditorem,
465 2106 495 2131 et
518 2101 696 2131 immensae
725 2101 912 2142 potentiae,
942 2105 973 2129 et
1004 2108 1080 2130 esse
1109 2096 1199 2128 aliud

218 2143 385 2186 quiddam,
410 2153 507 2184 quam
530 2149 647 2174 natura
672 2149 732 2174 est.
778 2141 1057 2183 Philosophorum
1083 2150 1199 2182 specu-

217 2185 358 2218 lationes
383 2186 531 2228 cogitant
554 2186 662 2217 omnia
685 2185 763 2217 ferri
788 2185 864 2224 illis,
883 2186 1026 2217 motibus
1050 2191 1199 2221 naturae,

218 2229 411 2261 necessario
435 2227 543 2260 solem
566 2230 704 2267 moveri,
724 2235 755 2260 et
778 2239 842 2260 non
867 2238 971 2270 posse
994 2226 1090 2259 aliter
1112 2226 1198 2267 tim-13

218 2278 335 2314 putant
358 2282 423 2303 non
449 2272 537 2314 gigni
560 2271 725 2303 hominem
748 2283 788 2304 ex
802 2272 921 2303 css'oeta
944 2282 1020 2309 anu,
1035 2276 1200 2301 mortuum

218 2326 286 2347 non
309 2316 525 2347 reviniscere.
569 2313 663 2346 Deus
686 2321 793 2346 autem
818 2321 909 2345 extra
935 2322 967 2345 et.
990 2320 1122 2355 praeter
1149 2323 1199 2344 or—

220 2359 329 2390 dinem
354 2365 491 2390 naturae
515 2355 595 2389 facit
617 2357 784 2399 aliqua,ut
800 2359 943 2389 sciamus·
967 2356 1089 2399 aliquid
1112 2354 1201 2387 aliud

219 2411 297 2433 esse
319 2407 453 2442 praeter
477 2401 626 2432 ordinem
652 2407 796 2433 naturae,
822 2407 852 2431 et
874 2399 997 2442 aliquid
1020 2400 1200 2441 potentius,

219 2443 348 2476 scilicet
370 2443 460 2475 illam
485 2450 625 2475 mentem
648 2449 827 2478 aeternam,
841 2450 871 2474 et
889 2442 969 2474 illud
994 2443 1200 2484 omnipotens

219 2486 345 2528 aliquid
368 2487 483 2519 facere
506 2493 599 2518 extra
623 2487 770 2519 ordinem
801 2493 953 2517 naturae:
984 2486 1071 2517 sicut
1099 2494 1202 2526 saepe

221 2529 298 2561 facit
323 2529 446 2572 aliquid
469 2530 541 2561 sine
565 2531 675 2561 causis
704 2529 881 2565 secundis3
909 2535 1022 2560 servat
1050 2528 1201 2560 homines

221 2573 294 2605 siue
318 2574 448 2605 caussis
471 2573 641 2612 secundis,
655 2573 831 2604 resuscitat
854 2577 1002 2603 mortuos
1015 2572 1088 2602 sine
1107 2581 1201 2602 caus-

223 2616 270 2647 sis
305 2617 478 2653 secundis;
511 2616 645 2658 quando
667 2622 781 2648 servat
810 2613 967 2656 populum
997 2620 1139 2646 stantem
1168 2614 1202 2646 in
1225 2617 1230 2643 l

847 153 956 185 Ptin„
981 150 1083 183 MEL.
1107 148 1294 182 SCRIPTA
1318 145 1581 179 EXEGETICA.

2155 146 2219 178 652

1240 242 1323 274 mari
1346 241 1465 280 rubro,
1493 248 1607 272 servat
1636 241 1709 272 sine
1732 242 1862 273 caussis
1886 241 2064 278 secundis;
2086 240 2219 282 quando

1240 284 1355 316 Moses
1378 285 1519 327 percutit
1541 290 1680 326 petram,
1704 290 1737 316 et
1766 290 1940 326 erumpunt
1968 293 2093 326 aquae,
2122 284 2155 315 id
2184 284 2220 315 fit

1241 328 1326 366 sine,
1338 334 1484 370 praeter,
1504 334 1536 358 et
1559 334 1652 358 extra
1676 336 1816 358 caussas
1839 327 2017 358 secundas
2053 326 2110 358 Sic
2122 327 2219 358 etiam

1240 380 1302 403 nos
1333 381 1435 412 saepe
1468 369 1660 402 mirabiliter
1693 380 1886 409 servamur,
1921 376 1954 401 et
1987 368 2220 402 universaliter

1240 413 1394 446 Ecclesia
1417 412 1607 445 mirabiliter
1630 419 1783 444 servatur
1805 415 1890 444 inter
1915 413 2051 444 insidias
2075 411 2220 451 Diaboli,

1241 463 1275 489 et
1296 459 1383 489 inter
1404 458 1516 488 ruinas
1549 457 1674 488 mundi:
1709 457 1797 498 quod
1832 457 1961 488 debetis
1992 456 2220 488 considerare:

1242 506 1278 531 ut
1310 509 1377 531 non
1411 500 1566 541 impediat
1599 500 1841 531 invocationem
1876 506 2022 531 vestram
2060 498 2220 540 cogitatio

1241 542 1307 575 illa.
1353 543 1428 575 Non
1452 548 1593 584 possunt
1616 542 1699 574 haec
1721 543 1852 574 mutari:
1872 543 1949 584 quid
1962 543 2122 574 invocas?
2140 540 2220 573 Illae

1213 593 1218 638 ¹
1242 586 1402 629 physicae
1426 586 1668 628 cogitationeS‚
1703 591 1736 617 et
1764 586 1953 627 imaginatio
1988 586 2029 615 de
2063 583 2220 616 fatalibus

1243 630 1386 668 caussis,
1408 635 1460 661 est
1483 638 1637 670 magnum
1660 629 1925 670 impedimentum
1948 629 1980 659 in
1999 628 2221 666 invocatione,

1243 673 1376 714 quaudo
1400 673 1604 714 cogitamus:
1634 673 1712 714 quid
1734 671 1893 703 invocas?
1916 669 1975 702 lua
2003 681 2069 702 non
2097 676 2222 702 mutan-

1243 722 1297 747 tur
1318 722 1454 757 propter
1477 721 1533 746 tua
1566 725 1755 752 murmura,
1788 720 1925 756 propter
1958 720 2034 745 tuos
2069 713 2222 755 gemituS.

1244 758 1310 790 lmo
1335 757 1436 790 multa
1458 763 1624 789 mutantur
1646 763 1782 799 propter
1812 764 1887 788 tuos
1913 757 2054 799 gemitus
2079 762 2111 788 et
2133 756 2223 788 invo-

1245 802 1420 833 cationem.
1466 801 1536 830 Das
1568 803 1609 829 ist
1643 801 1700 830 der
1723 805 1803 830 erste
1836 800 1932 832 locus
1966 801 2007 831 de
2040 797 2222 830 Miraculis.

1245 844 1420 876 Secundus
1443 843 1538 875 locus
1563 843 1773 886 principaliS,
1797 850 1848 875 est
1877 842 2091 884 reprehensio
2119 841 2224 874 caeei-

1245 888 1321 919 tatis
1336 887 1602 925 Pharisaeorum,
1621 888 1675 929 qui
1697 897 1838 928 prorsus
1863 888 2100 928 ignoraverunt
2121 890 2226 916 totam

1247 931 1429 962 doctrinam
1462 931 1504 961 de
1536 931 1732 962 remissione
1765 937 1998 971 peccator-unu
2031 927 2226 960 deleverunt

1246 973 1337 1006 illum
1360 980 1465 1005 totum
1487 972 1674 1012 articulum,
1698 975 1751 1014 qui
1771 983 1903 1014 semper
1925 971 1985 1004 suit
2009 972 2041 1003 in
2059 969 2227 1009 Ecclesia,

1248 1017 1352 1047 Credo
1379 1017 1587 1046 remissionem
1609 1020 1820 1055 peccator-um.
1869 1015 1992 1046 Contra
2018 1013 2065 1045 illi
2096 1015 2227 1046 dicunt:

1246 1060 1404 1092 Homines
1425 1070 1491 1090 non
1515 1059 1682 1090 remittunt
1703 1065 1854 1100 peccata,
1877 1059 1938 1090 sed
1956 1058 2060 1089 Deus.
2105 1057 2227 1087 Nonne

1246 1109 1337 1135 recte
1359 1102 1491 1134 dicunt?
1514 1102 1603 1133 Ante
1625 1112 1732 1133 annos
1755 1102 1821 1139 20,
1846 1100 1910 1133 :vel
1943 1101 2041 1132 etiam
2074 1098 2229 1141 amplius,

1247 1157 1320 1178 eum
1344 1153 1458 1178 essent
1482 1146 1722 1186 disputationes
1754 1151 1846 1175 ortae
1880 1145 1921 1175 de
1953 1141 2164 1175 absolutione
2196 1146 2230 1173 et

1248 1189 1473 1227 consessione,
1498 1188 1590 1220 multi
1619 1188 1824 1219 sustulerunt
1859 1186 2131 1224 confessionem,
2163 1185 2229 1216 hoc

1247 1239 1458 1276 argumento:

1377 1293 1527 1322 Homines
1550 1301 1610 1321 non
1629 1295 1763 1331 possunt
1785 1292 1941 1321 remittere
1960 1294 2112 1330 peccata:

1377 1336 1465 1376 Eryo
1489 1335 1644 1365 absolutio
1667 1339 1697 1364 ct
1720 1336 1874 1373 confessio
1897 1333 1978 1363 nihil
1993 1337 2050 1365 est.

1335 1404 1378 1436 Et
1407 1411 1458 1436 est
1483 1411 1592 1436 textus
1617 1403 1730 1436 clams
1753 1405 1786 1435 iu
1816 1403 1933 1435 Esaia:
1963 1401 2033 1442 Eyo
2056 1413 2122 1432 :eum
2144 1401 2231 1432 Dem-

1247 1449 1405 1478 remittens
1418 1452 1572 1487 peccaca,·
1593 1458 1661 1479 non
1674 1453 1725 1478 est.
1739 1447 1881 1478 hominis
1893 1446 2060 1476 remittere
2079 1451 2230 1486 peccata.

1248 1491 1459 1532 Respondeo.
1506 1490 1639 1522 Dictum
1671 1490 1792 1522 Esaiae
1825 1494 1959 1531 oportet
1987 1487 2126 1530 intelligi
2156 1498 2232 1519 cum

1250 1534 1427 1567 collatione
1449 1534 1491 1565 ad
1514 1532 1611 1565 illud:
1643 1534 1779 1568 Quorum
1802 1533 1993 1566 remiseritis,
2017 1537 2082 1563 etc.
2127 1529 2231 1563 Solus

1249 1578 1344 1610 Deus
1373 1577 1510 1609 remittit
1539 1582 1680 1617 peccata
1708 1580 1771 1607 sua
1799 1575 2004 1607 auctoritate.
2052 1573 2160 1605 Homo
2182 1582 2231 1605 re·

1249 1622 1347 1653 mittit
1373 1625 1524 1662 peccata,
1558 1630 1625 1651 non
1659 1618 1802 1650 humana
1825 1617 2033 1655 auctoritate,
2067 1617 2130 1648 sed
2151 1622 2230 1648 tam-

1250 1675 1348 1706 quam
1372 1664 1520 1694 minister
1549 1663 1644 1694 vocis
1679 1662 1818 1694 divinae.
1863 1661 1923 1692 Est
1956 1661 2091 1692 nuntius
2125 1668 2230 1691 voces

1251 1708 1395 1745 divinae,
1430 1707 1462 1738 in
1497 1716 1561 1748 qua
1584 1705 1677 1738 Deus
1705 1706 1779 1746 ipse
1801 1705 1935 1736 remittit
1953 1710 2102 1745 peccata.
2148 1701 2231 1734 Pha-

1250 1752 1350 1783 risaei
1372 1749 1454 1782 nihil
1477 1750 1646 1781 sciverunt
1665 1749 1706 1780 (le
1728 1754 1798 1780 tota
1821 1748 1884 1779 hac
1907 1747 2069 1779 doctrina.

1252 1866 1363 1917 Quid
1394 1867 1514 1920 igitur
1545 1871 1758 1905 senserunt
1782 1864 1987 1905 Pharisaei
2013 1863 2064 1903 de
2088 1862 2230 1903 remis-

1311 1927 1422 1967 sione
1453 1931 1730 1980 peccatorum:
1763 1925 1856 1978 quia
1889 1929 2049 1978 oportet]
2081 1937 2169 1963 esse

1420 1986 1695 2026 remissionem
1726 1990 1987 2039 peccatorum
2019 1983 2060 2023 in

1643 2045 1847 2086 Ecclesia?

1339 2138 1531 2170 Habuerunt
1555 2136 1824 2179 itiiaiginationeS‚
1854 2135 1974 2166 remitti
1996 2139 2135 2175 peccata
2154 2142 2230 2175 pro-

1252 2180 1514 2225 pter-sacrificia,
1535 2187 1567 2211 et
1578 2185 1750 2221 praeterea
1764 2189 1842 2210 esse
1854 2178 2079 2215 dubitandum,
2103 2178 2154 2208 cui
2177 2186 2230 2208 re-

1252 2226 1438 2257 mittantur:
1462 2232 1493 2255 et
1517 2222 1584 2254 illis
1608 2222 1738 2260 remitti,
1763 2223 1818 2263 qui
1842 2222 1923 2253 satis
1936 2221 2081 2252 habeant
2093 2229 2231 2261 operum

1253 2275 1286 2300 et
1308 2268 1513 2300 meritorum:
1533 2267 1618 2297 sicut
1642 2265 1793 2297 monachi
1814 2265 1975 2302 dixerunt,
1998 2269 2135 2304 propter
2153 2271 2230 2294 con-

1253 2312 1418 2343 tritionem
1430 2311 1549 2341 remitti
1562 2316 1716 2350 peccata:
1740 2314 1772 2339 et
1790 2309 1866 2350 quia
1879 2317 1975 2338 nemo
1988 2307 2084 2344 sciat,
2097 2305 2231 2347 quando

1253 2355 1374 2386 habeat
1403 2352 1623 2385 sufficientem
1650 2351 1897 2387 contritionem,
1924 2349 2123 2381 manendum
2152 2357 2231 2380 esse

1253 2398 1286 2429 in
1310 2397 1520 2429 dubitatione.
1565 2394 1759 2426 Manserunt
1782 2403 1931 2434 semper,
1963 2399 1994 2423 et
2027 2397 2160 2423 manent
2189 2391 2231 2422 si·

1254 2439 1348 2472 miles
1371 2449 1503 2471 errores
1526 2439 1558 2468 in
1581 2439 1722 2475 mundo,
1751 2437 1884 2478 quando
1908 2435 2144 2466 discetiturab
2167 2433 2231 2465 Ec·

1254 2482 1358 2516 clesia
1391 2483 1433 2514 ad
1462 2481 1623 2513 Ethnicas
1659 2480 1714 2512 vel
1748 2478 1928 2511 rationales
1964 2477 2230 2519 imaginationes.

1254 2526 1352 2558 Primi
1365 2531 1533 2567 parentes,
1555 2525 1661 2555 Adam
1684 2530 1717 2554 et
1739 2522 1823 2559 Eva,
1847 2522 1997 2553 sciebant
2025 2521 2089 2551 sibi
2114 2529 2232 2561 pec-ca-

1254 2576 1322 2601 tum
1350 2569 1524 2600 remissum
1554 2577 1643 2604 esse,
1673 2566 1823 2600 sciebant
1851 2574 1888 2596 se
1915 2564 2084 2596 audivisse
2114 2571 2231 2594 vocem

1253 2612 1317 2644 Dei
1339 2611 1519 2653 loquentis:
1541 2610 1649 2639 Semen
1671 2609 1808 2639 mulieris
1833 2607 2029 2638 conculcabit
2051 2608 2146 2645 caput
2167 2613 2231 2634 eer-
