2343 2970
125 201 191 234 953
811 199 1027 232 POSTILLA
1050 199 1456 232 MELANTHONIANA.
2076 204 2141 236 954

126 302 243 338 pterea
272 296 326 327 hic
349 293 544 336 complexus
573 300 624 326 est
653 304 756 335 opera
778 294 951 336 utriusque
974 292 1107 326 tabulae
1131 302 1134 317 ⁸
1159 294 1237 327 litur
1261 295 1355 327 Deus
1377 294 1502 327 frustra
1525 295 1688 327 mandatis
1711 294 1887 327 hominum.
1933 295 2027 328 Deus
2052 299 2138 331 enim

122 339 239 378 Μοίεἰ,
261 339 293 370 id
317 345 380 377 est,
409 337 502 370 Deus
528 337 666 379 requirit
694 346 794 368 veros
819 336 946 375 cultus,
978 338 1032 379 qui
1055 347 1107 370 re·
1131 320 1134 358 Ι
1160 348 1276 370 verum
1289 337 1412 371 cultum
1425 339 1536 370 cordis
1548 339 1696 380 requirit,
1720 348 1817 380 quem
1831 340 2138 373 cumnonhabeant

122 383 302 425 *quii-untur
324 382 359 413 in«
374 381 481 421 prima
502 380 625 412 tabula.
670 379 712 412 Et
741 379 819 411 alibi
850 380 985 411 dicitur:
1016 381 1107 411 Mise—
1131 374 1134 408 Ξ
1159 382 1366 424 hypocritae,
1387 382 1449 413 sed
1462 388 1587 413 tantum
1601 382 1747 413 nitantur
1769 388 1907 413 externa
1929 384 2093 415 mundicie
2105 390 2138 416 et

126 425 301 456 rtem-diam
329 421 420 457 volo',
443 434 503 454 non
526 424 721 462 sacrificium,
744 423 830 454 sicut
851 423 914 464 ipsi
937 423 1106 454 sacrifica·
1131 409 1134 455 Ι
1159 426 1347 457 sanctitate.
1392 424 1470 457 Ideo
1494 423 1650 457 Christus
1684 430 1799 466 aperte
1832 426 1973 457 minatur
2003 427 2051 457 eis
2081 436 2136 458 ae-

121 469 221 507 hant,
243 469 320 510 quia
344 467 535 509 cogitabant
558 476 596 498 se
619 468 724 498 iustos
745 476 822 498 esse
846 476 887 496 ex
910 476 1012 507 opere
1030 475 1108 507 ope·
1160 474 1287 500 ternam
1312 469 1563 500 damnationem.
1609 467 1756 510 Ideoque
1777 478 1841 499 nos
1859 475 1996 500 nostros
2008 470 2136 500 animos

126 517 210 544 rato.
255 510 508 540 Mirer-icordiam
537 509 620 547 volo,
650 509 683 540 id
714 515 777 547 est,
814 518 916 549 opera
938 510 1107 540 secundae
1131 522 1133 556 ²
1159 511 1380 550 instituamus,
1414 518 1450 542 ut
1482 511 1592 543 Deum
1625 521 1691 543 non
1727 517 1866 543 externo
1890 510 1981 543 cultu
2005 519 2038 543 et
2061 512 2138 544 ficta

127 553 273 592 tabulae,
297 552 426 585 scilicet
449 551 599 585 moralia.
1131 564 1133 590 ‚¹
1159 555 1301 595 quadam
1324 555 1460 595 pictate,
1483 554 1543 586 sed
1567 564 1649 586 vero
1669 555 1780 586 cordis
1801 554 1924 587 affectu
1948 554 2109 587 colamus.

217 597 417 627 Ceremoniae
446 596 525 635 leyis
558 595 731 627 admittunt
765 595 1045 636 dispensationem
1073 595 1106 626 in
1131 591 1133 600 ⁴

128 638 251 673 officiis
281 640 482 671 necessariis
511 637 708 670 dilectionis.
752 637 836 669 Nam
860 644 997 669 externa
1018 647 1106 669 cere·
1130 609 1134 691 J

125 683 234 717 monia
259 681 387 724 obligat
409 691 539 722 semper
560 681 593 712 in
606 682 757 712 omnibus
781 679 941 719 consiliis,
954 681 1040 712 sicut
1052 690 1105 712 ac·
1130 697 1133 713 i

127 736 286 759 cusamus
308 725 533 756 Maccabaeos
556 729 742 766 pugnantes
767 724 797 754 in
818 724 959 755 sabbato
972 729 1107 764 propter
1130 722 1133 776 f

126 767 295 811 publicum
318 768 561 807 necessitatem,
583 772 616 798 et
639 767 926 798 conservationem
948 767 1019 797 veri
1038 765 1106 798 cul·
1130 798 1131 804 ¹

126 818 192 845 tus.
238 811 370 843 Deinde
394 810 548 842 Christus
572 819 613 840 eo
636 810 727 851 ipso,
759 810 848 851 quod
871 810 975 851 tangit
998 808 1106 850 lepro-
1130 819 1133 856 j

127 865 212 893 sum,
240 860 387 885 testatur
409 863 447 884 se
470 862 547 884 esse
570 852 745 890 Messiam,
779 858 811 883 et
834 851 1005 893 leprosum
1027 861 1107 884 vere
1131 859 1134 897 ς

124 909 147 929 a
170 907 209 929 se
242 906 320 928 esse
353 897 555 933 mandatum,
591 896 624 926 id
659 896 845 936 pertinebat
877 895 919 926 ad
944 902 1133 926 summum'

125 950 212 982 opus
236 938 334 982 legis,
364 937 431 969 hoc
453 944 523 976 est,
552 938 593 969 ad
618 937 757 980 gloriam
781 937 844 969 Dei
863 936 1105 976 illustrandam,
1130 923 1134 988 'i

169 984 177 992 .
455 982 463 988 .
536 981 543 988 .
809 992 815 996 ⁴
886 991 893 996 Ἴ
999 981 1006 988 .
1098 992 1104 996 .
1290 956 1387 987 Clara
1410 957 1478 986 dies
1500 957 1598 987 Pauli
1620 958 1699 987 bona
1728 962 1868 998 tempora
1891 960 2020 989 demin!
2045 962 2136 994 αηηί;

126 994 220 1015 ciuus
244 987 350 1014 testes
373 979 478 1013 voluit
502 987 598 1013 etlam
621 981 816 1012 sacerdotes
841 991 929 1019 esse,
953 991 1030 1022 quia
1052 979 1105 1012 len
1130 991 1133 1025 ἶ
1286 1000 1324 1030 Si
1342 1001 1462 1038 fuerim
1484 1001 1575 1035 venti,
1599 1000 1766 1041 dest-qnam
1785 1002 1911 1041 proelia
1933 1005 2036 1043 9811ϋὶ

125 1026 225 1059 debet
248 1035 326 1056 esse
350 1025 573 1056 teStimonium
597 1024 638 1055 de
661 1023 806 1055 Chrism'
1129 1034 1133 1063 f
1287 1043 1325 1072 Sc·
1343 1043 1463 1081 fuerint
1480 1043 1617 1078 nebulae,
1637 1048 1766 1083 pereunt
1791 1046 1939 1075 animalia
1958 1056 2104 1087 quaeque.

1314 657 1358 688 ΙΝ
1382 656 1457 688 DlE
1486 655 1811 689 CONVERSIOPTIS
1834 657 1982 690 PAULl.

1524 717 1722 749 Actorum
1745 718 1776 749 9.

1404 775 1506 813 (conf.
1525 776 1647 808 xxlv.
1670 788 1703 819 p.
1727 777 1790 809 297
1815 784 1904 820 sqq.)

1245 853 1373 885 Notetis
1397 853 1463 885 hoc
1485 852 1562 886 loco
1587 864 1648 886 vos
1670 856 1818 887 iuniores
1831 866 1963 895 versus,
1986 867 2071 898 quos
2084 867 2137 889 sa·

1158 897 1254 938 piens
1277 902 1428 929 vetustas
1453 897 1494 928 de
1516 897 1583 929 hoo
1606 898 1660 929 die
1679 899 1881 940 composuit:
2005 907 2014 917 ·

213 1068 365 1104 Quinto
391 1073 442 1098 est
475 1067 664 1099 mandatum
693 1068 735 1098 de
758 1065 971 1099 confessione
994 1073 1026 1098 et
1050 1068 1106 1097 ab·

124 1110 303 1148 solutione,
338 1111 415 1152 quia
441 1109 593 1142 Christus
623 1111 713 1141 iubet
742 1109 833 1141 illum
867 1120 906 1141 se
928 1110 1106 1141 ostendere
1130 1112 1134 1138 ,ί

124 1155 308 1186 sacerdoti:
350 1163 432 1193 ergo
470 1154 632 1195 praecipit
667 1152 921 1184 confessionem.
978 1152 1104 1184 Conse-

125 1199 262 1240 quentia
296 1196 473 1228 manisesta
506 1203 569 1234 est,
602 1196 677 1238 quia
711 1197 878 1228 mundatio
913 1203 965 1227 est
998 1195 1105 1238 figura

124 1240 269 1273 mundae
293 1239 506 1270 conscientia.
553 1239 646 1270 Sicut
667 1239 765 1281 igitur
787 1238 835 1270 illi
856 1239 1050 1271 mandatire
1062 1240 1104 1271 ad

125 1284 344 1321 sacerdotem,
375 1282 425 1314 sic
458 1292 521 1313 nos
556 1281 624 1314 vult
651 1283 737 1314 idem
766 1283 798 1313 in
828 1281 985 1314 Ecclesia
1012 1292 1102 1323 prae-

122 1331 234 1365 stare,
267 1326 344 1367 quia
376 1325 461 1356 haec
494 1324 644 1367 exempla
673 1332 901 1366 proponuntur
930 1324 1104 1357 Ecclesiae

121 1369 265 1403 docendi
288 1378 420 1400 caussa.
445 1367 600 1400 Continet
622 1368 720 1410 igitur
742 1368 827 1400 haec
846 1379 913 1400 vox
931 1370 1101 1410 egregium

120 1411 344 1446 testimonium
360 1410 422 1448 *vel
442 1411 724 1443 confirmationem
748 1412 935 1443 autoritatis
957 1412 1101 1444 ministe-

118 1454 158 1486 rii
181 1454 286 1492 verbi,
309 1463 350 1485 ex
375 1463 441 1496 quo
466 1460 579 1486 tamen
610 1464 678 1485 non
700 1461 813 1495 potest
836 1453 949 1496 colligi
972 1465 1101 1487 enume-

118 1498 205 1530 ratio
224 1496 439 1536 delictorum,
462 1498 551 1538 quod
575 1497 618 1528 sit
640 1498 853 1535 necessaria,
884 1508 958 1529 cum
981 1498 1024 1529 sit
1046 1499 1101 1530 im-

118 1539 302 1583 possibilis,
324 1541 416 1573 iuxta
437 1539 535 1572 illud:
560 1540 690 1570 Delicta
711 1542 781 1581 quis
802 1540 979 1580 intelliqit?

206 1584 335 1617 Sexto
360 1585 402 1615 de
430 1582 628 1615 liberalitate
652 1593 733 1625 erga
755 1585 934 1615 ministros.
980 1583 1101 1620 Quam-

119 1638 218 1671 quam
241 1628 327 1659 enim
355 1625 411 1658 lex
433 1625 587 1658 Mosaica
609 1637 675 1658 non
699 1626 836 1669 obligat,
860 1632 971 1658 tamen
993 1628 1102 1669 ipsum

119 1669 309 1713 exemplum.
328 1671 371 1701 ad
394 1679 457 1700 nos
481 1670 634 1710 pertinet,
661 1675 697 1701 ut
718 1671 820 1702 simus
843 1670 985 1702 benefici
1009 1676 1040 1701 et
1063 1669 1101 1701 li-

119 1712 255 1748 berales
279 1724 362 1755 erga
392 1713 573 1751 ministros,
602 1713 689 1744 iuxta
719 1712 815 1745 illud:
843 1713 915 1744 Non
947 1713 1102 1752 ohliyabis

120 1768 157 1789 os
180 1758 251 1787 bovi
273 1758 446 1788 trituranti.

208 1800 391 1841 Septimo
416 1800 457 1830 de
481 1800 657 1830 vocatione
676 1799 833 1840 gentium,
856 1809 943 1840 quae
955 1800 1102 1831 continet

120 1841 250 1875 illustre
273 1841 462 1884 exemplum
485 1848 518 1874 et
539 1853 605 1874 non
629 1842 778 1884 vulgaris
798 1842 885 1873 fidei.
931 1841 992 1873 Est
1015 1843 1101 1874 enim

124 1885 306 1929 singularis
324 1893 434 1917 motus
447 1886 479 1916 in
493 1895 546 1923 eo,
558 1896 623 1927 quo
636 1886 749 1917 tribuit
762 1884 896 1916 Christo
908 1887 1099 1926 potentiam,

122 1931 214 1971 quod
249 1929 347 1960 etiam
382 1930 505 1960 absens
537 1931 640 1960 verbo
675 1930 785 1960 omnia
819 1928 954 1959 efficere
979 1931 1098 1969 possit.

120 1973 232 2014 Atque
255 1971 440 2012 exemplum
453 1981 584 2013 quoque
596 1978 659 2009 est,
673 1973 759 2014 quod
784 1972 907 2003 iustitia
920 1971 1100 2004 christiana

121 2025 187 2046 non
211 2015 309 2047 sitsin
333 2021 470 2046 externa
493 2016 685 2056 specie,aut
708 2022 845 2046 externa
864 2016 1099 2046 observatione

121 2059 253 2095 rituum,
284 2059 343 2089 sed
366 2059 405 2089 in.
423 2058 509 2089 serio
533 2065 623 2089 motu
646 2064 678 2089 et
701 2059 828 2089 timoris
851 2064 884 2089 et
907 2059 998 2089 fidei:
1023 2069 1099 2090 cen-

121 2101 208 2132 turio
233 2101 318 2131 enim
340 2098 404 2132 fuit
423 2100 521 2132 homo
545 2100 704 2139 militaris,
729 2100 807 2132 nihil
831 2100 891 2132 fuit
914 2102 946 2131 in
970 2111 1010 2132 eo
1033 2112 1100 2132 ina-

121 2153 270 2185 gnopere
293 2144 492 2184 speciosum.
517 2151 550 2175 et
573 2150 680 2176 tamen
695 2144 848 2175 Christus
865 2154 939 2175 eum
963 2145 1100 2185 opponit

122 2187 275 2218 omnibus
298 2187 437 2224 Iudaeis,
472 2188 526 2228 qui
555 2187 729 2228 plurimum
753 2187 918 2218 habebant
942 2194 1099 2218 externae

122 2230 272 2262 iustitiae.
319 2229 432 2270 ltaque
466 2236 627 2271 exaequat
661 2237 781 2272 gentes
805 2237 838 2261 et
862 2229 1012 2264 ludaeos,
1036 2240 1099 2261 nec

122 2278 259 2314 propter
281 2279 450 2303 externam
474 2273 698 2304 diversitatem
733 2275 852 2304 rituum
883 2271 961 2304 facit
985 2274 1098 2304 discri-

122 2325 209 2347 men.
254 2315 441 2357 Leprosum
464 2322 499 2346 ut
521 2315 674 2347 Iudaeum
700 2317 789 2348 iubet
809 2318 854 2346 ire
877 2317 919 2347 ad
943 2317 1099 2347 sacerdo-

1131 1068 1132 1082 i

1244 1110 1398 1144 Paulus
1422 1113 1531 1144 docuit
1554 1123 1662 1144 annos
1686 1113 1744 1151 35,
1780 1114 1810 1144 id
1835 1120 1899 1153 est,
1927 1125 1947 1146 a
1976 1116 2134 1147 vicesimo

1128 1148 1134 1196 ff
1157 1165 1246 1186 anno
1269 1156 1301 1186 in
1326 1155 1390 1186 fine
1413 1154 1542 1187 scilicet
1565 1157 1658 1198 regni
1681 1156 1803 1188 Tiberii
1827 1168 1934 1199 usque
1957 1159 2001 1189 ad
2019 1157 2134 1200 penul-

1157 1199 1269 1230 timum
1292 1198 1448 1236 Neronis,
1472 1205 1503 1230 et
1527 1199 1599 1231 eius
1621 1201 1688 1231 vita
1712 1201 1796 1231 bene
1813 1201 2058 1232 consideranda
2071 1208 2133 1233 est.

1156 1240 1263 1272 Nemo
1286 1251 1432 1283 unquam
1458 1252 1498 1273 ex
1532 1241 1598 1273 illis
1632 1244 1927 1284 praestantissimis
1950 1245 2030 1275 viris
2052 1245 2135 1276 vixit

1156 1284 1220 1316 sub
1243 1285 1343 1315 tantis
1366 1285 1528 1325 portentis
1552 1295 1592 1317 ac
1614 1287 1774 1318 monstris
1796 1297 1892 1328 quam
1916 1286 2053 1319 Paulus,
2093 1287 2135 1319 Et

1154 1326 1221 1359 hoc
1254 1328 1330 1359 ideo
1365 1328 1625 1366 consideremus,
1660 1334 1695 1361 ut
1726 1329 1938 1371 deploremus
1968 1331 2135 1363 miseriam

1154 1370 1287 1413 generis
1311 1369 1457 1410 humani,
1482 1372 1573 1413 quod
1595 1372 1627 1403 in
1643 1371 1700 1404 illo
1719 1383 1848 1405 summo
1861 1372 1949 1411 loco,
1972 1373 2134 1405 ubiChri-

1154 1419 1227 1446 stus
1250 1415 1322 1456 ipse
1342 1414 1515 1453 docuerat,
1537 1415 1615 1446 item
1637 1416 1693 1447 ubi
1715 1422 1809 1447 erant
1832 1415 1987 1457 Apostoli
2006 1417 2134 1458 praedi-

1155 1463 1282 1495 cantes,
1316 1456 1437 1489 tuerint
1471 1463 1564 1489 tanta
1598 1464 1752 1500 portenta
1776 1466 1809 1490 et
1831 1464 1941 1491 tantae
1965 1458 2134 1491 confusio-

1152 1510 1226 1532 nes.
1269 1499 1344 1542 Ego
1374 1499 1537 1534 horresco
1561 1506 1630 1532 toto
1654 1512 1813 1543 corpore,
1849 1503 1982 1544 quando
2005 1504 2047 1534 de
2068 1501 2133 1535 illis

1153 1544 1254 1576 rebus
1283 1544 1407 1586 cogito.
1454 1544 1601 1576 Econtra
1630 1551 1738 1577 autem
1762 1546 1859 1577 etiam
1883 1547 2134 1578 consideremus

1152 1587 1346 1619 immensam
1359 1588 1616 1629 magnitudinem
1629 1589 1875 1620 misericordiae
1889 1589 2031 1628 divinae,
2044 1589 2134 1631 quod

1152 1631 1237 1662 inter
1264 1636 1356 1662 tanta
1389 1636 1543 1671 portenta
1579 1633 1710 1674 generis
1743 1631 1887 1670 humani,
1922 1638 2031 1664 tamen
2069 1632 2133 1664 sibi

1154 1672 1290 1715 colligat
1311 1671 1515 1711 Ecclesiam,
1539 1681 1717 1706 conservet
1739 1675 1834 1707 etiam
1858 1685 1899 1707 ac
1921 1674 2036 1707 foveat
2058 1686 2133 1707 eam

1151 1717 1185 1747 in
1208 1716 1288 1757 ipsis
1323 1717 1419 1748 etiam
1454 1717 1629 1748 teterrimis
1664 1716 1761 1749 aulis.
1808 1718 1886 1749 Sine
1921 1718 2020 1749 dubio
2046 1719 2131 1749 enim

1152 1757 1238 1790 tales
1261 1757 1393 1790 fuerunt
1416 1759 1514 1791 aulici
1539 1766 1571 1791 et
1594 1761 1730 1799 subditi,
1750 1760 1866 1802 quales
1880 1759 2012 1792 fuerunt
2031 1771 2132 1803 reges

1153 1809 1184 1833 et
1206 1802 1385 1843 principes,
1408 1802 1498 1834 iuxta
1522 1813 1660 1835 versus:

1284 1861 1382 1901 Remm-
1405 1863 1448 1892 ml
1464 1862 1634 1902 exemplum
1658 1867 1741 1893 totns
1765 1866 1958 1904 componitur
1983 1864 2077 1895 orbis.

1608 1931 1701 1964 Item:

1280 1991 1409 2021 Scilicet
1428 1993 1459 2019 in
1482 1992 1591 2032 vulqus
1614 1997 1739 2023 inaltant
1762 1993 1901 2032 exemplu
1922 1997 2085 2033 reyentum.

1606 2060 1698 2093 Item:

1285 2119 1386 2161 thue
1420 2121 1530 2150 (lucum
1571 2121 1682 2160 lituos,
1721 2124 1767 2151 sit·
1806 2132 1902 2151 mores·
1943 2127 2047 2152 eastra
2085 2133 2130 2152 se-

1328 2167 1471 2203 quantur.

1151 2230 1247 2262 Hunc
1271 2241 1404 2263 versum
1428 2233 1477 2263 sic
1502 2240 1673 2265 construe:
1698 2240 1732 2265 ut
1757 2241 1868 2266 castra
1891 2242 2074 2275 sequuntur
2093 2234 2127 2265 li-

1151 2279 1228 2305 tuos
1263 2275 1403 2313 ducum,
1442 2276 1491 2307 sic
1526 2282 1636 2308 castra
1670 2284 1852 2319 sequuntur
1885 2278 1982 2308 etiam
2017 2288 2127 2308 mores

1123 2267 1127 2343 1
1151 2318 1283 2348 (ηοω.

123 2363 185 2395 teS‚
211 2359 330 2399 quibus
355 2364 489 2399 propter
513 2361 732 2390 reverentiam
756 2359 927 2390 ministerii
949 2358 1029 2389 nihil
1043 2370 1100 2390 vo·
1123 2356 1126 2382 Ψ

1238 2359 1364 2392 Paulus
1382 2360 1441 2394 fuit
1461 2363 1545 2394 civis
1557 2361 1728 2395 Romanus
1741 2368 1773 2393 et
1785 2361 1971 2393 Tarsensis.
2002 2362 2127 2394 Tarsus

121 2399 182 2433 luit.
205 2401 390 2432 detrahere.
437 2400 669 2433 Centurionem
693 2403 769 2434 sinit
791 2403 837 2434 uti
861 2403 930 2434 suis
954 2401 1099 2434 militari·
1124 2402 1127 2441 Ι
1151 2401 1209 2434 fuit
1240 2404 1357 2435 civitas
1388 2405 1420 2436 in
1444 2404 1560 2437 Cilicia
1583 2407 1692 2448 gentis
1716 2405 1875 2442 Venetae,
1898 2407 1946 2434 ein
1972 2406 2134 2438 wendisclz·

122 2444 193 2475 bus
209 2443 338 2475 officiis.

210 2487 369 2518 Octavo
394 2493 444 2518 est
472 2488 681 2519 comminatio
705 2488 868 2520 adversus
891 2487 1097 2530 hypocritas,

123 2539 209 2571 quae
227 2529 339 2562 multis
373 2530 484 2561 verbis
518 2531 550 2561 in
580 2529 762 2573 Evangelio
798 2530 996 2562 declaratur.
1041 2530 1098 2562 Miss

121 2579 220 2604 natur
243 2574 328 2604 enim
352 2573 400 2604 eis
425 2572 577 2605 Christus
597 2575 741 2613 exitium,
765 2575 853 2615 quod
877 2573 950 2605 freti
972 2572 1028 2604 illa
1050 2572 1097 2606 lc-

123 2614 189 2657 gali
213 2622 245 2647 et
267 2615 391 2647 carnali
415 2617 537 2648 iustitia
561 2617 753 2648 omittebant
774 2616 852 2649 illos
864 2627 964 2649 veros
978 2616 1098 2655 cultus,

122 2658 177 2699 qui
201 2664 278 2690 sunt
302 2658 482 2700 spiritualis
507 2660 668 2701 quaedam
701 2661 836 2699 iustitia,
861 2662 933 2692 sine
955 2670 1021 2702 qua
1043 2670 1097 2691 co-

1123 2442 1127 2505 l
1150 2445 1248 2476 vole-k.
1264 2446 1370 2478 Habet
1382 2458 1502 2480 nomen
1515 2448 1690 2486 aTharsis,
1700 2447 1768 2480 filio
1781 2447 1955 2490 Iavan,qui
1967 2448 2026 2480 suit
2040 2448 2134 2480 filius*

1151 2487 1273 2529 laphet.
1319 2490 1458 2522 Graecis
1482 2498 1589 2523 autem
1613 2492 1818 2523 consuetudo
1843 2490 1901 2522 suit
1925 2492 2046 2523 usitata
2068 2492 2127 2522 fin·

1151 2541 1232 2574 gere
1272 2533 1506 2576 etymologiam
1545 2535 1723 2566 dictionum
1759 2544 1799 2565 ex
1834 2545 1894 2566 sua
1930 2534 2060 2576 lingua,
2094 2538 2132 2566 et*

1151 2575 1303 2607 dixerunt
1325 2576 1475 2608 Tarsum·
1489 2588 1508 2608 a
1530 2576 1639 2618 ταρσός
1662 2578 1819 2615 derivari,
1849 2579 1936 2619 quod
1961 2578 2134 2618 significat·

1150 2617 1353 2651 altitudinem
1377 2621 1482 2661 pedis,
1516 2620 1568 2649 die
1591 2620 1669 2650 ΙιϋΙιε
1693 2631 1739 2650 am
1759 2622 1840 2658 fuss,
1864 2631 1947 2662 quae
1972 2627 2023 2652 est
2046 2631 2127 2662 pars

1122 2636 1298 2701 iproxima
1332 2662 1411 2701 talo,
1448 2663 1500 2694 cui
1538 2664 1694 2695 continua
1728 2671 1779 2695 est
1812 2663 1869 2695 illa
1898 2675 1977 2705 pars
2010 2664 2124 2695 πεδίον.
