2343 2970
49 182 114 214 345

52 282 145 308 recto
181 275 309 313 ordine,
342 283 410 305 non
432 270 571 304 insulsis
590 270 818 303 clamoribus
881 271 1036 309 Quidam,

51 330 126 352 cum
162 319 301 350 maxime
329 315 514 357 petulanter
534 322 566 347 et
590 314 676 347 male
705 320 857 356 egerunt,
888 320 921 345 et
949 313 1036 345 forte

53 363 269 403 obiurgantur
303 365 482 401 propterea
503 359 633 396 durum,
662 368 738 389 mox
767 358 799 388 in
818 356 903 388 haec
932 357 1036 388 verba

53 410 243 446 erumpunt:
266 402 314 432 Er
335 402 391 431 Ιιαι
412 403 471 431 mir
493 411 532 430 (m
552 403 646 431 maine
669 401 740 430 eltre
761 401 881 440 yeredt.
917 400 1035 431 Cicero

53 449 145 479 dicit:
168 446 253 476 Male
275 456 387 475 mecum
406 446 529 483 ayt'tur,
557 446 586 474 si
609 455 653 473 me
676 445 780 473 aratio
796 445 920 483 polim,
946 453 1034 483 quam

52 492 116 520 vita
134 500 200 519 mea
214 492 344 528 pumat.
391 488 468 518 Vita
501 489 544 519 sit
574 487 669 519 testis
699 487 742 518 de
765 485 924 528 quolibet.

51 532 300 564 Demosthenes
336 532 368 562 in
393 531 556 562 concione
581 530 724 562 Senatus
745 531 841 561 dixit:
872 529 909 558 Si
935 531 1033 563 scitis,
1059 533 1062 572 ῃ

51 575 211 605 me-talem
231 585 308 609 esse,
332 573 451 614 qualem
470 573 637 603 Aeschines
660 583 704 602 me
715 573 885 602 describit:
907 572 1035 611 Snryite

51 628 143 649 ηισπε
184 618 298 648 nullum
335 618 454 647 verbum
492 617 566 656 plns
599 617 725 646 addam.
787 616 844 647 Sic
878 615 1035 647 refutavit

51 662 162 694 omnia
190 661 257 700 illa,
290 671 377 703 quae
411 661 444 692 in
474 670 546 692 euni
580 661 667 691 dicta
702 665 806 690 erant.
861 658 1034 691 Debemus

52 705 214 746 quaedam
237 705 428 736 condonare
450 702 524 734 aliis
552 713 614 744 per
640 702 926 734 mansuetudinem
960 712 1035 744 pro—

50 754 124 788 pter
136 756 349 779 communem
367 745 649 787 tranquillitatem.

139 789 326 832 Cyprianus
349 790 466 831 inquit:
487 789 558 818 Non
571 791 622 819 cui
639 788 849 827 maledicitur,
869 790 962 818 miser
973 792 1033 818 est·

51 833 108 863 sed
119 834 146 862 is
153 835 207 873 qui
213 834 380 865 maledicit.
396 831 571 863 Salomon:
589 832 711 862 Falsum
723 834 893 862 convicium
902 837 945 863 est
961 836 1034 861 tam-

51 886 142 916 quam
160 878 227 906 avis
244 875 490 916 praetervolans.
526 875 571 904 Es
594 876 661 906 that
680 877 775 906 ciuem
794 875 884 911 welze,
905 876 952 905 be's
975 876 1035 905 clas

52 921 136 949 einer
155 919 308 959 qewolme.
338 919 420 955 Quis
439 925 551 960 potest
569 920 679 950 omnia
698 920 851 951 convicia
869 917 1035 951 refutare?

51 964 156 994 simus
176 963 323 995 contenti
346 963 533 994 testimonio
558 961 750 994 Ecclesiae:
774 963 807 994 in
827 973 892 1003 qua
903 973 1035 1004 semper

52 1011 129 1038 sunt
151 1005 251 1048 aliqui
272 1011 366 1038 recte
393 1006 597 1042 iudicantes,
627 1016 765 1047 quorum
789 1006 910 1038 iudicia
944 1012 1035 1037 ante-

52 1048 190 1081 ferenda
212 1054 289 1080 sunt
302 1048 420 1088 malis,
441 1050 496 1091 qui
515 1050 649 1081 sinistre
672 1049 827 1081 iudicant.

377 1244 596 1278 DOMINICA
643 1245 712 1277 xn.

442 1322 477 1354 Μ
490 1334 509 1355 a
521 1334 538 1354 r
552 1333 570 1355 c
583 1324 591 1355 i
615 1323 646 1355 7.

254 1418 533 1461 Desurdo
566 1428 622 1461 et
651 1427 824 1463 muto.

92 1518 136 1552 Et
158 1523 268 1552 iterum
298 1523 404 1551 exiens
425 1521 513 1551 Iesus
535 1524 574 1553 de
592 1521 709 1560 finibus
735 1521 812 1563 Tyri
834 1526 866 1553 et
886 1522 988 1564 Sydo-

473 1566 522 1594 πίε
539 1570 603 1597 etc.

137 1691 263 1724 'sextus
286 1692 364 1723 dicit
386 1690 563 1723 Dominum
596 1692 720 1726 fecisse
743 1695 804 1726 iter
838 1705 879 1726 ex
912 1695 1032 1726 vicinia

52 1734 130 1776 Tyri
152 1741 185 1766 et
207 1735 342 1767 Sidonis
365 1735 407 1766 ad
438 1734 636 1775 Decapolin‚
665 1743 698 1767 et
725 1748 745 1768 a
768 1736 932 1779 Decapoli
961 1749 1031 1769 rur—

51 1788 110 1810 sus
133 1779 176 1809 ad
204 1788 296 1809 mare
330 1777 525 1809 Galilaeum.
571 1779 669 1809 Scitis
702 1786 813 1811 autem
846 1787 1032 1822 temporum

52 1828 84 1852 et
106 1821 258 1852 locorum
281 1821 550 1853 circumstantias
577 1822 703 1853 addere
736 1822 845 1854 lumen
869 1823 1029 1855 historiis.

50 1864 129 1896 Ideo
153 1864 344 1905 adspiciatis
368 1863 513 1902 tabulas,
537 1870 572 1895 ut
597 1865 669 1896 sitis
689 1866 782 1907 quasi
806 1867 838 1896 in
862 1865 928 1897 illis
950 1868 1031 1907 ipsis

49 1908 200 1950 vestigiis
235 1913 443 1949 spectatores
489 1906 618 1939 illarum
662 1909 875 1940 maximarum
910 1920 1032 1947 rerum,

51 1961 136 1993 quae
160 1956 276 1992 gestae
299 1957 377 1982 sunt
399 1951 430 1981 in
454 1949 519 1982 illis
542 1949 635 1982 loeis.
683 1950 837 1983 Pulcrum
869 1958 919 1983 est
941 1959 1031 1984 stare

51 1995 147 2036 quasi
168 1995 200 2025 in
234 2004 271 2025 re
294 1995 474 2035 praesenti,
511 1995 565 2026 ubi
593 1994 685 2026 Deus
713 1996 813 2026 edidit
847 1996 1032 2027 testimonia

52 2038 93 2068 de
114 2036 207 2069 Filio.
253 2037 329 2068 Non
350 2047 489 2078 possum
512 2038 624 2069 verbis
655 2039 794 2080 pingere
821 2039 919 2070 situm
942 2038 1032 2070 loco-

50 2091 144 2112 rum:
177 2081 238 2111 sed
271 2081 298 2111 is
329 2082 360 2112 in
383 2079 505 2112 tabulis
529 2087 579 2113 est
604 2082 634 2112 in
660 2083 933 2113 considerandus,
980 2081 1033 2114 De

50 2124 237 2155 nominibus
262 2124 325 2154 diei
350 2129 469 2165 potest.

138 2167 241 2199 Sidon
264 2166 343 2196 beist
367 2167 520 2204 venati03
543 2166 604 2199 fuit
629 2178 748 2200 nomen
771 2169 869 2200 unius
895 2179 935 2200 ex
950 2168 1032 2199 'filiis

53 2209 168 2247 cham,
193 2211 248 2252 qui
271 2210 457 2241 aedificavit
480 2211 511 2241 in
530 2210 589 2242 illo
612 2210 690 2243 loco
714 2212 837 2243 urbem.
908 2211 950 2242 Et
971 2212 1032 2243 suit

53 2251 148 2284 locus
172 2260 379 2294 opportunus
403 2254 614 2295 navigationi.
640 2255 711 2286 Fuit
736 2256 767 2285 in
793 2256 911 2286 vicinia
936 2256 1030 2286 etiam

54 2296 196 2327 venatio.
251 2296 374 2327 Postea
408 2304 496 2328 artes
530 2304 665 2339 propter
705 2299 948 2340 navigationem
988 2300 1030 2330 ibi

56 2345 239 2377 creverunt,
263 2340 347 2371 sicut
369 2340 442 2380 ipsa
464 2339 636 2373 fabricatio
650 2343 780 2373 navium
794 2342 930 2383 requirit
954 2341 1033 2373 mul-

54 2386 106 2411 tas
130 2387 226 2412 artes.
271 2382 427 2414 Homines
451 2382 642 2425 locupletati
676 2391 752 2416 sunt
776 2396 816 2416 ex
839 2385 1031 2426 negotiatio-

54 2423 160 2454 nibus.
201 2424 408 2467 Navigarunt
430 2426 503 2457 inde
526 2428 568 2458 ad
590 2427 793 2470 Aegyptum,
819 2428 976 2471 Cyprum,
1000 2435 1032 2459 et

54 2472 172 2506 postea
196 2477 256 2507 per
289 2474 392 2499 totum
416 2469 688 2503 mediterraneum
723 2482 824 2503 mare.
873 2471 949 2502 Ideo
974 2470 1031 2502 illa

54 2510 136 2540 urbs
160 2509 258 2541 valde
277 2512 392 2542 erevit.

140 2551 260 2594 Tyrus‚
284 2553 460 2594 Hebraice,
489 2555 569 2594 Zor,
591 2557 687 2599 quasi
710 2558 820 2595 dicim,
846 2558 962 2589 civitas
981 2568 1030 2588 re·
1054 2533 1059 2597 Ι

54 2593 163 2627 bellis.
209 2595 282 2626 Fuit
306 2595 434 2628 colonia
458 2597 599 2630 Sidonis.
646 2600 750 2632 Sidon
778 2600 838 2633 fuit
867 2600 1059 2652 meacm-g

54 2636 105 2667 lis.
149 2638 200 2669 Ex
219 2639 343 2671 Sidone
376 2641 465 2672 cives
497 2642 721 2675 discesserunt
757 2644 788 2675 in
823 2644 1058 2675 dissensiones

739 176 958 210 POSTILLA
980 174 1380 209 MELANTHONIANA.

2009 175 2072 208 346

1088 269 1188 308 civili,
1224 275 1254 301 et
1289 270 1508 301 condiderunt
1553 270 1693 302 vicinam
1728 269 1860 312 Tyram,
1907 273 1950 300 ist
1973 275 2072 301 ctu-tm

1086 313 1173 342 seclzs
1196 313 1273 343 oder
1296 313 1368 342 ‹tcltt
1386 313 1459 342 weil
1479 324 1578 352 weyes
1599 323 1659 342 von
1682 313 1796 345 Sidon.
1838 313 1883 345 Et
1906 320 1957 345 est
1980 314 2069 346 facta

1087 355 1191 397 multo
1214 355 1417 398 locupletior
1440 367 1537 398 quarn
1563 356 1678 388 Sidon.

1174 399 1323 437 Sidonis,
1357 406 1506 441 tempore
1531 399 1615 431 Ochi
1650 409 1749 441 reges
1777 398 1977 437 Persarum,
2011 399 2072 432 tuit

1088 448 1180 473 tanta
1203 444 1364 484 potentia,
1388 450 1424 474 ut
1446 453 1527 474 ausa
1551 441 1649 474 fuerit
1672 440 1838 474 rebellare
1863 453 1968 485 regno
1992 442 2071 474 Per-

977 485 1035 517 Sic
1059 490 1062 529 Ι
1087 486 1171 516 sico.
1210 485 1300 517 *Cum
1326 492 1538 527 esseteapta
1560 496 1621 526 per
1642 486 1879 526 proditionenr
1896 488 1937 517 ab
1963 485 2070 525 Ocho,

1087 528 1148 569 ipsi
1189 529 1281 560 cives
1316 530 1533 561 incenderunt
1577 530 1704 566 urbem,
1749 534 1781 560 et
1814 530 1857 560 ibi
1904 529 2073 570 perierunt

1086 572 1194 602 40000
1216 571 1379 603 homines.
1424 571 1514 603 Talis
1538 578 1589 603 est
1613 573 1745 603 miseria
1777 582 1885 603 rernm
1917 573 2072 604 humana-

1088 625 1170 645 rum.
1218 614 1357 646 Constat
1380 622 1515 646 aeterna
1538 616 1749 657 positumque
1772 614 1847 658 lege
1871 621 1934 654 est,
1957 622 1990 647 ut
2015 627 2073 658 ge-

1088 658 1189 688 nitum
1213 664 1343 689 constet
1365 657 1457 689 nihil.
1502 658 1669 690 Historiae
1693 659 1813 689 debent
1844 669 1906 690 nos
1931 668 2073 690 commo-

1088 699 1243 732 nefacere
1267 702 1308 732 de
1332 702 1555 733 inconstantia
1579 708 1610 732 et
1635 700 1814 743 fragilitate
1827 712 1935 733 rerum
1959 701 2071 733 huma-

1087 753 1214 775 narum.
1260 744 1422 785 Tempore
1457 743 1639 776 Alexandri
1674 743 1754 775 nihil
1787 744 1847 776 suit
1877 745 1997 776 Sidon:
2028 752 2073 784 et,

1088 787 1163 827 quia
1198 787 1312 818 Ochus
1345 797 1412 819 non
1446 789 1550 829 potuit
1581 788 1725 829 diripere
1759 789 1892 826 urbem,
1926 788 2073 820 vendidit

1086 829 1163 860 illas
1187 831 1320 867 ruinas3
1343 831 1419 872 quia
1442 830 1577 862 multum
1601 831 1730 872 argenti
1754 837 1783 862 et
1804 832 1874 862 anri
1894 830 2071 863 conflatum

1088 879 1139 903 est
1163 872 1219 904 illo
1243 874 1409 912 incendio,
1430 875 1518 915 quod
1536 881 1704 915 emptores
1728 874 1759 905 in
1777 875 1880 906 ruinis
1893 873 1956 905 illis
1971 885 2072 916 quae-

1087 916 1246 948 siverunt.
1291 916 1406 948 Ochus
1428 918 1489 949 fuit
1512 917 1688 958 parricida,
1713 916 1846 949 ultimus
1871 928 1911 948 ex
1934 919 2071 959 posteri-

1086 964 1155 990 tate
1178 959 1269 990 Darii
1295 960 1490 1002 Hystaspis:
1515 962 1645 1002 ⁷p0stea
1679 971 1815 1002 regumn
1852 961 2001 1002 pervenit
2029 960 2071 992 ad

1087 1002 1226 1033 Darium
1249 1001 1408 1035 ultimum.

1173 1045 1282 1087 Tyrus
1294 1047 1336 1077 ab
1350 1046 1543 1078 Alexandro
1553 1052 1631 1088 post
1653 1047 1813 1078 mensium
1827 1047 1846 1077 7
1862 1047 2071 1079 obsidionem

1086 1098 1207 1130 magno
1230 1087 1347 1120 labore
1371 1096 1468 1131 capta
1491 1095 1554 1128 est,
1579 1101 1653 1121 eum
1677 1091 1806 1132 magnis
1826 1091 1983 1132 operibus
2008 1097 2071 1122 ter-

1087 1142 1125 1162 ra
1149 1137 1181 1163 et
1208 1133 1289 1163 mari
1313 1139 1504 1174 oppugnata
1528 1139 1629 1164 esset.
1655 1132 1847 1164 Alexander
1876 1134 1921 1165 ibi
1949 1132 2070 1165 multos

1087 1173 1205 1206 milites
1238 1175 1357 1207 amisit.
1403 1176 1452 1207 lta
1489 1176 1622 1207 civitate
1647 1182 1755 1217 capta,
1791 1177 1960 1208 crueidata
1993 1183 2072 1209 sunt

1087 1217 1173 1249 7000
1197 1219 1328 1257 civium,
1353 1225 1385 1250 et
1409 1218 1602 1250 Alexander
1624 1219 1709 1250 2000
1733 1221 1916 1260 suspendit.
1946 1219 2072 1252 Postea

1088 1271 1161 1292 cum
1192 1260 1383 1292 Alexander
1410 1263 1567 1294 iussisset.
1601 1261 1836 1303 Ephestionem
1872 1264 1919 1294 eis
1949 1264 2071 1295 consti-

1086 1309 1180 1335 tuere
1218 1314 1350 1346 regem,
1385 1304 1567 1346 Ephestion
1603 1306 1709 1336 civem
1743 1306 1945 1346 primarium,
1982 1307 2071 1347 apud

1085 1356 1182 1387 quem
1205 1346 1314 1379 luerat
1336 1347 1473 1389 hospes,
1498 1348 1604 1380 voluit
1626 1347 1740 1381 facere
1763 1348 1897 1391 Regem.
1928 1348 1987 1381 Ille
2010 1360 2069 1381 no—

1084 1389 1144 1421 luit
1166 1391 1321 1432 accipere
1343 1402 1494 1434 regnum,
1520 1398 1551 1423 et
1576 1391 1667 1430 dixit,
1691 1390 1854 1434 reliquum
1868 1403 1945 1424 esse
1968 1403 2070 1425 unum

1085 1443 1128 1464 ex
1152 1435 1351 1476 cognatione
1373 1435 1484 1477 regia,
1507 1436 1640 1467 omnino
1659 1446 1851 1477 pauperem.
1892 1436 1947 1468 Ad
1970 1436 2071 1468 istum

1084 1478 1242 1517 accessit,
1267 1488 1342 1509 cum
1364 1477 1534 1510 laboraret
1566 1479 1600 1510 in
1634 1478 1745 1518 horto,
1768 1489 1908 1521 eumque
1937 1480 2072 1511 deduxit

1083 1520 1127 1551 ad
1150 1520 1397 1562 Ephestionem.
1443 1521 1626 1563 Ephestion
1660 1528 1693 1554 et
1726 1523 1861 1554 vestivit
1893 1533 1969 1554 eum
1997 1533 2071 1564 pur-

1083 1574 1179 1604 pura,
1204 1570 1235 1596 et
1258 1565 1482 1606 pronuntiavit
1505 1564 1641 1607 Regem.
1677 1566 1761 1598 Sunt
1784 1565 1952 1598 mirabiles
1977 1567 2070 1598 vices

1083 1616 1203 1639 rerum.
1250 1607 1316 1639 Iste
1340 1618 1381 1639 ex
1401 1608 1516 1640 infimo
1539 1610 1647 1651 gradu
1669 1608 1778 1641 factus
1802 1609 1873 1640 Rex
1901 1615 1970 1647 estv3
1997 1609 2071 1642 reli-

1086 1650 1141 1691 qui
1163 1651 1256 1682 cives
1281 1657 1433 1692 potentes
1455 1652 1636 1693 perierunt.

1172 1693 1246 1724 Fuit
1269 1700 1378 1725 autem
1401 1695 1606 1736 praedictum
1633 1696 1676 1726 ab
1702 1694 1815 1734 Esaia,
1851 1695 1924 1727 fore
1946 1701 1982 1727 ut
2005 1695 2070 1737 Ty-

1084 1746 1154 1774 ruS,
1179 1747 1264 1777 quae
1287 1744 1365 1768 tunc
1378 1743 1448 1768 erat
1466 1738 1714 1777 superbissima,
1736 1738 2070 1778 capereturaKittim

1086 1788 1119 1810 et
1151 1778 1282 1809 Dodon.
1345 1779 1445 1810 Scitis
1479 1779 1592 1810 Kitte'm
1627 1780 1819 1822 significare
1848 1782 2068 1813 Macedones:

1085 1821 1262 1853 Dodonaei
1287 1828 1363 1853 sunt
1385 1823 1484 1853 vicini
1506 1823 1726 1855 Macedonum
1750 1825 1782 1855 in
1806 1824 1917 1865 Epiro.
1949 1824 2069 1857 Disca-

1085 1874 1158 1896 mus
1183 1875 1223 1895 ex
1246 1865 1311 1896 illis
1334 1865 1494 1907 exemplis
1513 1865 1620 1898 Deum
1644 1866 1847 1898 horribiliter
1870 1868 1969 1900 irasci
1992 1878 2069 1909 pec·

1086 1908 1179 1938 catis.
1224 1908 1410 1940 Timeamus
1434 1908 1556 1948 Deum,
1582 1910 1731 1941 vivamus
1757 1912 1956 1948 modestius3
1992 1912 2070 1952 quia

1085 1961 1151 1981 non
1175 1951 1335 1983 debemus
1359 1953 1520 1990 dubitare,
1556 1954 1633 1994 quin
1657 1954 1721 1984 sint
1747 1960 1905 1985 venturae
1939 1965 2069 1995 poenae

1086 1995 1181 2025 etiam
1205 1994 1237 2026 in
1262 1994 1448 2034 Germania,
1474 1997 1528 2025 wie
1550 1998 1596 2026 sie
1617 2007 1674 2025 uns
1696 1997 1791 2026 seleon
1815 1998 1960 2036 anffdem
1982 1997 2070 2027 leals-e

1085 2037 1194 2076 [leyen.
1239 2037 1379 2076 Videtis,
1403 2049 1500 2080 quam
1524 2038 1726 2071 horribiliter
1763 2047 1891 2072 vestuta
1915 2042 1957 2072 sit
1979 2040 2067 2072 Afri-

1086 2091 1136 2118 ca,
1160 2081 1253 2119 Asia,
1277 2088 1308 2113 et
1333 2081 1487 2114 Graecia.
1533 2082 1642 2114 Turca
1664 2082 1820 2124 paulatim
1844 2084 1988 2122 accedit,
2012 2083 2067 2115 vel

1084 2123 1258 2156 attrahitur
1280 2126 1401 2166 potius.
1447 2124 1568 2167 Anglia
1592 2133 1622 2157 et
1649 2126 1760 2158 (iallia
1785 2126 1882 2167 paulo
1913 2134 1988 2158 ante
2012 2127 2066 2158 ha·

1085 2169 1227 2199 buerunt
1261 2168 1444 2200 domestica
1483 2167 1668 2200 latrocinia.
1736 2169 1829 2201 Italia
1870 2171 1970 2201 habet
2004 2180 2065 2202 sua

1084 2209 1190 2242 bella:
1224 2210 1403 2243 Germania
1435 2218 1487 2243 est
1511 2213 1663 2254 inquieta,
1722 2213 1814 2244 llaec
1849 2214 1956 2245 omnia
1991 2219 2067 2245 sunt

1083 2255 1279 2295 praenuntia
1303 2256 1461 2286 maiorum
1497 2255 1729 2288 calamitatum.
1776 2258 1918 2288 Oremns
1946 2256 2066 2295 Deum,

1085 2303 1120 2328 ut
1144 2304 1256 2328 servet
1279 2297 1465 2330 Ecclesiam
1489 2299 1573 2330 inter
1611 2300 1721 2331 ruinas
1759 2301 1850 2334 istas,
1887 2306 1917 2331 et
1947 2310 2008 2330 nos
2032 2301 2063 2331 in

1084 2339 1245 2372 Ecclesia.
1300 2340 1491 2383 Cogitemus
1520 2341 1576 2373 illa
1607 2354 1673 2374 non
1702 2353 1783 2374 casu
1812 2343 1977 2381 accidere,
2006 2343 2065 2374 sed

1084 2384 1268 2425 cogitemus
1293 2385 1333 2416 de
1356 2384 1526 2417 voluntate
1549 2385 1623 2424 Dei,
1657 2386 1821 2427 punientis
1845 2392 1985 2427 peecata
2006 2385 2064 2417 ho·

1083 2428 1216 2459 minum.
1261 2427 1354 2459 Tune
1374 2430 1570 2460 tenebantur
1592 2428 1668 2461 loca
1692 2428 1747 2460 illa
1771 2441 1789 2460 a
1807 2428 1976 2468 Romanis,
2001 2428 2065 2471 Ty-

1083 2480 1140 2502 rus
1164 2476 1237 2501 erat
1260 2471 1392 2503 colonia
1415 2471 1649 2504 Romanorum.

1170 2513 1350 2556 Decapolis
1373 2522 1426 2547 est
1445 2526 1563 2547 nornen
1586 2516 1743 2557 regionis-‚
1769 2526 1854 2556 quae
1871 2516 2064 2547 continebat

1086 2556 1124 2587 10
1158 2557 1326 2598 oppidula,
1361 2569 1500 2600 quorum
1534 2570 1610 2598 pars
1645 2565 1715 2589 erat
1755 2559 1835 2589 citra
1874 2558 2063 2590 Iordanem:

1083 2610 1160 2641 pars
1184 2599 1271 2632 ultra
1294 2600 1476 2633 Iordanem.
1523 2601 1649 2633 Plinius
1674 2612 1713 2632 ea
1737 2602 1893 2633 nominat.

1167 2643 1262 2675 Mare
1286 2643 1469 2680 Galilaeae,
1504 2651 1555 2676 est
1588 2644 1683 2677 lacus
1719 2644 1941 2677 Genezareth.
2000 2644 2049 2676 He
