2374 2985
227 195 266 226 71

227 289 368 320 minatur
400 287 555 318 denarius
588 286 740 322 (liumus,
775 286 861 316 sicut
894 285 1002 316 adhue
1037 285 1067 315 in
1097 282 1205 314 Gallia

869 191 978 222 l'lllL.
1003 189 1104 221 MEL.
1127 189 1313 222 SCRIPTA
1336 188 1596 221 EXEGETICA.

2199 193 2241 225 72

1258 282 1446 323 sublimior,
1480 283 1640 323 nobilior,
1675 291 1707 316 et
1741 286 1883 327 experiri
1916 291 2037 317 statum
2060 285 2240 319 meliorem.

228 332 329 363 moris
353 338 414 368 est,
437 337 472 361 ut
494 328 584 360 militi
607 339 672 359 uno
695 338 809 359 mense
832 328 1029 359 denturtres
1043 327 1203 364 coronati,
1258 326 1311 357 Ab
1336 325 1405 358 Eva
1427 337 1609 368 persuasus
1636 328 1789 366 marituS,
1819 329 1915 360 etiam
1946 329 2017 370 ipse
2039 331 2182 372 seiungit
2203 341 2241 363 se

228 374 380 406 videlicet
405 375 434 404 in
459 371 610 413 singulos
634 372 704 401 dies
729 371 881 402 denarius
906 380 1001 401 unus.

314 417 442 448 Nomen
467 414 653 452 drachmae,
679 420 729 444 est
752 425 771 444 a
791 413 937 453 δράχμος,
956 413 987 442 id
1012 418 1080 449 est,
1104 413 1205 443 nmai-

228 461 341 501 p‘tdus,
376 470 435 490 seu
465 458 614 499 pupillus.
661 456 770 487 Valuit
805 455 959 486 drachma
994 461 1025 485 et
1048 455 1204 486 denarius

230 503 361 534 circiter
383 503 514 543 triginta
537 511 697 531 nummos.
744 499 822 530 lnde
845 498 1064 533 (ΙίιΙι-(ιι-Ῐιιηοη,
1087 498 1119 527 id
1144 504 1206 537 est,

230 547 314 578 duae
344 544 540 577 drachmae,
574 543 733 583 accipitur
766 553 825 583 pro
861 542 1042 582 quadrante
1076 539 1205 573 thalari.

229 590 335 620 ›Si-‘1118
369 595 418 618 est
453 587 604 617 dimidius
640 584 866 616 loachimicus.
912 584 1007 614 Μιίηι.
1041 583 1207 625 significat

231 638 361 663 centum
381 630 567 665 drachmas,
593 629 624 659 id
648 634 709 665 est,
731 629 842 657 decem
867 633 1058 657 coronatos.
1082 626 1124 657 Et
1147 627 1207 658 Mi-

230 685 292 706 nae.
315 684 378 705 vox
403 679 450 704 cst
467 672 641 708 llcbraica,
665 682 684 701 a
704 670 842 706 Alltltlctle,
867 670 898 699 id
921 676 984 707 est,
1009 670 1207 708 numeravit,

229 718 316 749 unde
340 723 389 746 est
415 716 507 746 etiam
531 721 680 745 nostrum
704 712 870 743 Almanale.
929 713 983 750 Al,
1015 719 1065 742 est
1088 713 1207 744 articu-

229 759 282 791 lus
317 759 490 790 Arabicus.
548 757 673 788 ΜιιιιιιΙι
707 763 757 786 est
792 756 978 796 supputatio
1014 753 1069 786 vel
1096 766 1206 787 nume—

230 812 324 834 ratio.

500 962 632 1002 imago
657 959 734 990 filii
758 960 933 1003 prodigi.

314 1055 454 1087 Tertiam
479 1055 649 1095 imaginem
675 1055 816 1085 omnium
840 1055 1070 1095 copiosissime
1089 1057 1206 1086 recitat

230 1100 391 1131 Christus.
442 1098 593 1129 Nominat
618 1096 717 1128 tiliam
740 1098 913 1139 prodigum
936 1097 1065 1129 ιῖσῶτον.
1096 1098 1205 1137 Asoti,

228 1143 315 1175 sz'ndt
337 1146 430 1172 wasto
452 1141 543 1171 wilde
565 1141 757 1178 srhlvmnter,
782 1140 898 1182 quales
919 1142 1152 1172 describuntur
1174 1142 1207 1173 in

229 1195 345 1217 versu:
396 1184 497 1215 Via-ite
520 1185 686 1221 lurcones,
710 1184 914 1221 commones,
949 1185 1047 1215 rit-ite
1068 1189 1206 1216 centres.

228 1228 294 1259 Iste
326 1229 484 1269 prodigrus
518 1228 654 1267 primum
689 1233 808 1267 pet-cat
843 1228 873 1257 in
909 1233 1052 1268 patrem,
1088 1238 1108 1258 a
1142 1238 1206 1269 quo

229 1271 392 1312 postulat,
426 1270 511 1311 quod
542 1270 686 1300 nondum
720 1281 815 1300 suum
846 1276 930 1301 erat:
967 1271 1042 1311 quia
1066 1271 1207 1301 viventis

228 1324 293 1345 non
318 1320 369 1345 est
392 1313 588 1344 haereditas.
612 1313 775 1347 Quamdiu
798 1319 890 1352 pater
914 1318 990 1344 tuus·
1014 1313 1103 1350 vivit,
1128 1323 1208 1344 non-

229 1358 303 1388 dum
328 1363 415 1388 tuum
439 1362 506 1393 est,
541 1356 629 1396 quod
664 1362 758 1396 pater
779 1362 855 1386 tuus
877 1357 1039 1397 possidet.
1085 1355 1207 1387 Postea

229 1406 356 1441 peccat,
379 1400 543 1440 dissipans
568 1399 786 1430 substantiam
811 1409 924 1436 suam,
955 1399 1071 1430 vivens
1093 1400 1207 1430 intem-

229 1448 393 1484 peranter,
417 1449 447 1473 et
471 1441 650 1472 luxuriose.

315 1485 374 1516 Hic
399 1491 575 1526 usurpatur
598 1485 629 1514 in
655 1490 764 1516 textu:
800 1484 964 1525 ἐπιβάλλον
981 1489 1068 1526 μέρος
1091 1484 1208 1520 οὐσίας,

229 1529 261 1560 id
295 1535 343 1559 est
367 1538 448 1568 pars
470 1528 740 1568 proportiomdav.
785 1527 847 1559 Est
876 1528 1007 1569 phrasis
1031 1527 1207 1558 mathema-

230 1573 306 1602 tica.
351 1574 456 1612 Saepe
491 1577 542 1601 est
576 1571 607 1601 in
642 1570 852 1601 Ptolemaeo:
889 1576 920 1601 et
943 1569 1143 1602 Aristoteles
1167 1581 1207 1602 ac

229 1613 475 1645 Demosthenes
499 1624 629 1654 quoque
652 1613 826 1654 aliquoties
850 1619 1020 1653 usurpant.

316 1656 407 1688 Talis
431 1657 527 1698 igitur
552 1656 602 1687 hic
626 1657 825 1687 describitur
848 1656 901 1687 hie
925 1656 1096 1698 prodigus.

1141 1655 1207 1686 Er<-
1232 1681 1234 1694 ι

230 1705 358 1742 torquet
388 1710 406 1730 a
437 1706 528 1740 patre
550 1705 677 1739 partem
696 1710 777 1730 suae
799 1699 1030 1737 haereditatis,
1053 1709 1116 1730 nee
1140 1697 1207 1730 vult
1232 1707 1233 1740 g

229 1742 369 1784 amplius
394 1743 461 1784 regi
486 1743 631 1783 paternis
655 1741 801 1773 consiliis
832 1749 864 1773 et
888 1743 1030 1773 monitis.
1076 1744 1122 1774 Er
1145 1743 1210 1773 will
1232 1741 1234 1758 '

230 1789 300 1818 sein
321 1787 418 1817 selbst
439 1786 516 1816 lterr
539 1786 618 1817 δοίη.

231 1840 290 1870 pro
325 1838 386 1859 suo
420 1829 564 1859 arbitrio
610 1827 749 1859 Extorta
772 1829 924 1869 pecunia,
948 1828 1050 1859 utitur
1073 1827 1136 1858 hoc
1161 1828 1206 1858 in-

231 1878 410 1903 strumento
434 1873 473 1901 ad
498 1872 711 1911 perditionem
735 1872 885 1912 corporis
909 1877 942 1902 et
967 1871 1105 1908 animae,
1129 1871 1208 1901 vivit

231 1915 263 1945 in
286 1915 474 1956 quotidiano
498 1913 586 1951 luxu,
610 1920 641 1945 et
666 1915 752 1945 omni
775 1915 983 1954 turpitudine.

317 1957 422 1988 Adam
457 1960 546 1997 prius
579 1956 639 1988 fuit
671 1957 790 1992 οἷο-ὦτος
815 1956 908 1995 talis,
938 1956 1068 1997 aceepit
1091 1967 1109 1987 a
1134 1955 1207 1987 Deo

236 2000 398 2040 ἐπιβάλλον
437 2004 524 2040 μέρος
538 2023 546 2037 ,
590 2004 661 2031 sein
701 2002 898 2038 beschemen,
934 2001 1014 2031 oder
1044 2001 1210 2038 ychiirena'

233 2045 318 2075 tlaeil.
363 2043 435 2073 Non
459 2053 596 2083 prorsus
620 2043 721 2081 idem,
745 2043 832 2084 quod
862 2049 1063 2084 aeceperunt
1086 2041 1207 2083 angeli,

233 2086 288 2127 qui
322 2096 394 2117 cum
430 2087 495 2116 sint
529 2087 681 2126 spiritus,
717 2085 838 2117 habent
862 2096 956 2116 suam
979 2091 1103 2126 partem
1127 2086 1208 2126 ipsis

234 2135 486 2170 congruentem,
521 2130 579 2160 sed
605 2136 713 2160 tamen
738 2135 770 2159 et
795 2129 899 2159 Adam
931 2129 1059 2168 accepit
1083 2135 1208 2168 partem

234 2181 327 2203 suam
350 2171 649 2212 proportionalem:
674 2173 704 2203 id
726 2178 787 2209 est,
811 2170 933 2213 aliquid
957 2169 1055 2202 valde
1079 2172 1209 2212 insigne

234 2220 267 2245 et
290 2213 472 2254 pulchrum,
497 2221 529 2245 et
551 2214 668 2246 similia
691 2215 853 2257 quaedam
872 2225 944 2245 cum
959 2213 1100 2255 angelis,
1122 2215 1210 2246 vide-

234 2256 310 2288 licet
332 2255 440 2288 lucem
465 2258 494 2287 in
520 2264 639 2295 mente,
663 2269 727 2298 qua
751 2263 840 2289 recte
864 2258 1001 2299 agnovit
1023 2256 1147 2294 Deum,
1177 2263 1210 2288 et

236 2306 383 2330 caeteras
408 2307 576 2331 creaturas
600 2301 746 2341 perfecte
769 2299 947 2338 intellexit,
971 2306 1002 2331 et
1024 2299 1209 2331 libertatem

234 2341 425 2380 voluntatis,
449 2353 476 2373 et
502 2343 674 2374 affectuum
699 2343 958 2375 conformitatem
983 2342 1154 2380 cumDeo,
1179 2349 1210 2373 et

235 2390 305 2417 erat
339 2396 412 2416 cum
446 2385 505 2424 his
531 2387 626 2417 honis
661 2387 834 2418 coniuncta
857 2384 1104 2424 immortalitas,
1139 2387 1211 2416 siue

236 2429 358 2459 morbis
381 2435 411 2458 et
437 2429 583 2460 miseriis.

322 2470 411 2501 llaec
446 2472 532 2502 bona
567 2478 741 2513 acceperat
765 2472 872 2503 Adam
907 2483 966 2513 pro
997 2478 1066 2503 toto
1090 2481 1213 2513 genere

236 2512 390 2545 humano.
435 2514 501 2545 Sed
536 2513 650 2546 mulier
684 2516 821 2546 audiens
855 2515 1108 2556 promissionem
1144 2526 1212 2545 ser-

236 2557 362 2597 pentis:
385 2558 486 2588 Eritis
508 2560 592 2588 sicut
603 2560 664 2597 Dii,
689 2569 753 2589 nou
774 2565 823 2589 est
850 2564 1004 2589 contenta
1028 2557 1084 2589 illa
1108 2558 1212 2599 digni-

237 2605 316 2637 tate,
339 2599 369 2630 in
394 2610 488 2640 quam
514 2600 665 2631 divinitus
691 2599 856 2632 collocata
872 2607 959 2638 erat3
981 2599 1127 2632 nonvult
1143 2601 1212 2642 regi

239 2640 403 2674 etinclutli
417 2643 523 2680 metis,
543 2654 625 2684 quas
638 2641 732 2675 Deus
753 2645 1028 2684 circumdederat,
1053 2642 1124 2676 vult:
1142 2643 1213 2675 fieri

669 1784 749 1816 Vult
782 1795 858 1816 esse
891 1784 993 1823 liber,
1029 1791 1061 1816 et
1094 1785 1234 1843 vivere}

1232 1254 1236 1282 i

1228 1363 1236 1542 Ι

1232 1973 1236 2017 Ι

1257 379 1277 400 a
1291 368 1376 408 Deo,
1400 372 1523 412 appetit
1547 372 1700 402 maiorem
1725 369 1876 413 gloriam,
1899 370 1969 402 vult
1991 371 2140 414 aequalis
2163 383 2241 405 esse

1258 411 1343 444 Deo.
1390 413 1475 445 Gom
1498 414 1596 455 igitur
1619 416 1823 455 obtemperat
1836 413 1992 453 Diabolo,
2016 415 2185 456 profundit
2208 423 2241 449 et

1258 456 1363 496 perdit
1391 455 1448 487 illa
1480 458 1565 487 bona
1594 463 1731 498 accepta
1755 468 1815 498 pro
1846 464 1914 488 toto
1939 467 2061 499 genere
2085 458 2241 498 humano,

1259 499 1365 529 amisit
1385 498 1492 531 lucem
1517 501 1709 540 sapientiae,
1731 500 1959 531 rectitudinem
1983 500 2171 540 voluntatis,
2194 503 2240 534 in-

1259 542 1445 582 tegritatem
1470 543 1611 573 omnium
1637 543 1762 580 virium,
1788 543 1876 574 vitae
1894 544 2162 584 perpetuitatem,
2187 555 2240 576 ex-

1259 585 1338 615 cidit
1361 585 1553 626 gratiabei,
1579 586 1690 616 incidit
1714 586 1744 615 in
1770 586 2087 625 condemnationem,
2111 594 2142 618 et
2155 598 2239 620 mor-

1259 633 1323 658 tem
1347 634 1526 658 aeternam.

1346 670 1466 702 Sumus
1491 676 1598 701 autem
1623 671 1732 702 adhuc
1757 681 1820 701 nos
1852 682 1966 702 (mines
1991 671 2074 703 tales
2097 673 2240 715 prodigi,

1259 714 1380 754 ingrati
1406 713 1492 751 Deo,
1515 715 1688 744 abutentes
1713 714 1808 744 donis
1832 713 1910 752 Dei,
1934 713 2133 753 valetudine,
2157 716 2240 747 (loti-

1258 757 1321 787 bus
1345 757 1485 797 ingenii,
1510 767 1571 787 usu
1595 757 1775 794 sermonis,
1807 757 2007 795 eruditione,
2032 765 2064 788 et
2087 759 2239 790 omnibus

1259 797 1331 829 aliis
1367 800 1537 830 benefieiis
1561 798 1644 837 Dei,
1679 799 1910 839 corporalibus
1940 806 1973 830 et
2002 800 2238 841 spiritualibus.

1258 840 1323 872 Alii
1348 841 1517 883 indulgent
1541 841 1799 879 heluationibus,
1833 841 1887 873 alii
1922 841 2089 874 furoribus
2114 845 2238 885 opinio-

1258 895 1351 915 num:
1375 884 1430 915 alii
1455 887 1659 916 contumacia
1685 886 1849 916 adversus
1873 886 2133 927 gubernatores,
2161 897 2239 918 con-

1231 932 1233 935 “
1257 934 1381 968 temptu
1406 926 1615 968 madidatae,
1650 926 1776 969 legum,
1799 927 1983 959 honestatis
2008 928 2161 969 publicae
2184 931 2238 962 de-

1257 970 1420 1011 linquunt.
1466 971 1544 1002 ldeo
1567 971 1658 1001 mittit
1673 970 1766 1002 Deus
1790 982 1927 1011 poenas,
1951 978 1986 1002 ut
2009 982 2070 1002 nos
2094 983 2238 1005 comnio-

1258 1012 1401 1044 nesaciat
1425 1014 1465 1044 de
1483 1014 1533 1048 ira
1555 1024 1634 1051 sua,
1669 1014 1757 1044 sicut
1782 1014 1845 1044 iste
1868 1013 1953 1044 filius
1977 1016 2136 1057 prodigus
2160 1016 2238 1047 ‹lici-

1259 1062 1312 1087 tur
1341 1056 1497 1087 incidisse
1532 1057 1563 1086 in
1597 1056 1734 1095 samem,
1769 1064 1801 1087 ‹st
1825 1063 1963 1088 coactus
1987 1067 2063 1088 esse
2096 1068 2239 1098 pascere

1259 1109 1394 1140 porcos.

1343 1141 1414 1172 Nos
1439 1141 1593 1172 Germani
1619 1151 1698 1172 vere
1725 1152 1839 1173 sumus
1863 1143 1967 1179 asoti,
1999 1144 2103 1175 Leben
2126 1147 2238 1182 wil-ele,

1260 1185 1349 1216 wildc
1369 1185 1433 1215 rml
1454 1188 1611 1223 cnsiuuz'y.
1656 1184 1807 1215 Vivimus
1831 1185 1861 1215 in
1896 1191 2054 1226 perpetua
2079 1187 2238 1217 ebrietate

1259 1233 1292 1258 et
1325 1226 1421 1258 luxu:
1457 1234 1488 1258 et
1524 1228 1603 1258 ebrii
1628 1225 1730 1258 multa
1753 1226 1903 1265 facimus,
1938 1238 1958 1258 a
1981 1229 2098 1269 quibus
2123 1235 2240 1260 natura

1259 1269 1426 1301 abhorret.
1473 1268 1595 1301 Paulus
1619 1271 1736 1311 inquit:
1772 1272 1875 1302 limite
1904 1272 2063 1302 Inebriari
2094 1272 2179 1311 vino,
2206 1275 2240 1304 in

1260 1323 1319 1353 qno
1342 1318 1392 1344 est
1412 1312 1539 1344 ἀσωτία.
1574 1312 1625 1343 De
1649 1323 1714 1354 quo
1739 1314 1886 1343 recitabo
1910 1312 2096 1353 exemplum
2119 1324 2240 1346 memo—

1259 1355 1381 1386 rabile:
1417 1356 1458 1386 D.
1491 1354 1590 1386 Curio
1614 1355 1783 1393 Medicus,
1818 1363 1889 1386 erat
1924 1355 2047 1396 hospes
2082 1355 2240 1388 Doctorts

1260 1399 1388 1429 Turcae
1413 1399 1444 1428 in
1473 1397 1596 1429 Salinis
1627 1399 1812 1429 saxonicis.
1858 1398 1903 1428 ll=i
1927 1405 2079 1439 potarunt
2104 1400 2134 1429 in
2159 1398 2239 1430 mul—

1260 1448 1324 1472 tam
1359 1448 1501 1472 noctem.
1569 1440 1644 1479 llle,
1680 1452 1744 1472 non
1786 1441 2122 1473 animadvertentibus
2155 1440 2240 1479 aliis,

1260 1490 1410 1515 mortuus
1445 1490 1512 1522 est,
1546 1484 1669 1515 sedens
1703 1484 1743 1513 ad
1778 1494 1938 1514 mensam.
1984 1483 2078 1514 Alius
2108 1484 2239 1525 quidam

1261 1528 1478 1568 praebibehat
1512 1527 1557 1557 ei:
1593 1537 1665 1557 cum
1690 1533 1797 1558 autem
1822 1536 1889 1557 non
1912 1528 2148 1568 responderet,
2172 1527 2240 1558 ani-

1261 1571 1471 1601 madversum
1495 1575 1542 1600 est
1568 1570 1711 1607 tandem,
1738 1579 1809 1599 eum
1835 1571 2014 1600 extinctum
2038 1579 2125 1600 esse.
2171 1569 2240 1601 Sed

1261 1611 1350 1644 aliud
1373 1614 1470 1643 etiam
1491 1613 1608 1650 dicam,
1632 1613 1718 1653 quod
1744 1619 1797 1642 est
1821 1613 1978 1643 atrocius.

1348 1673 1512 1704 Sederunt
1535 1673 1566 1702 in
1591 1673 1733 1713 quodam
1757 1670 1832 1702 loeo
1859 1670 1986 1702 nobiles
2011 1670 2152 1713 aliquot,
2183 1670 2240 1702 he-

1260 1716 1392 1747 luantes
1416 1722 1483 1746 tres
1508 1716 1684 1746 continuos
1709 1715 1788 1745 dies.
1824 1714 1910 1745 lnter
1934 1713 1996 1745 hos
2021 1724 2105 1745 unus
2118 1715 2150 1744 in
2163 1723 2241 1745 eon-

1231 1768 1235 1795 t
1260 1766 1377 1799 speetu
1401 1764 1608 1789 caeterorum
1631 1758 1793 1788 extinctus
1818 1763 1878 1788 est.
1915 1756 2046 1788 Caeteri
2069 1755 2134 1788 hoe
2157 1757 2242 1788 tristi

1260 1800 1454 1843 spectaculo
1479 1800 1579 1831 nihilo
1603 1801 1754 1831 saniores
1779 1800 1913 1837 redditi,
1944 1798 2132 1831 infuderunt
2154 1810 2241 1831 mor-

1259 1851 1332 1881 tu0,
1367 1845 1470 1875 instar
1494 1844 1683 1874 dormientis
1702 1843 1827 1874 sedenti
1856 1843 1897 1873 ad
1920 1853 2084 1880 mensam,
2117 1842 2239 1880 vinum,

1260 1889 1390 1930 quoties
1414 1887 1496 1918 ordo
1520 1885 1714 1928 poculorum
1737 1885 2032 1917 exhauriendorum
2061 1885 2104 1916 ad
2131 1886 2241 1926 ipsum

1260 1932 1392 1962 rediret.

1346 1989 1440 2021 Talia
1464 1995 1551 2027 sunt,
1574 1989 1658 2030 proh
1682 1987 1789 2025 dolor,
1812 1987 1972 2018 interdum
1988 1987 2139 2018 convivia
2159 1986 2241 2018 Ger-

1262 2043 1450 2065 manorum:
1495 2033 1566 2063 Nec
1601 2038 1651 2063 est
1684 2032 1800 2062 modus
1836 2029 2064 2072 profusionum
2089 2030 2186 2061 etiam
2208 2031 2241 2061 in

1242 2076 1335 2108 ⁴aliis
1359 2077 1471 2113 rebus,
1494 2082 1526 2106 et
1550 2075 1690 2106 tristium
1712 2075 1939 2105 enormitatum
1964 2074 1995 2104 in
2019 2072 2130 2104 multis
2144 2082 2242 2114 gene-

1263 2120 1357 2151 ribus
1382 2118 1592 2160 flagitiorum.
1637 2117 1715 2148 Ideo
1741 2127 1807 2147 non
1839 2124 1887 2147 est
1912 2117 2046 2153 mirum,
2071 2117 2160 2158 quod
2183 2117 2241 2147 ob-

1263 2163 1387 2193 ruimur
1410 2160 1660 2192 calamitatibus:
1686 2170 1770 2202 quae
1793 2160 1915 2190 utinam
1938 2165 2108 2191 moverent
2121 2157 2241 2190 multos

1263 2207 1305 2237 ad
1329 2205 1529 2247 agnitionem
1553 2213 1687 2234 suorum
1710 2209 1935 2243 peecatorum,
1959 2208 1992 2233 et
2014 2203 2055 2233 ad
2073 2202 2242 2244 poeniten—

1262 2249 1351 2280 tiam.
1396 2246 1550 2278 Profusio
1584 2253 1616 2278 et
1649 2246 1794 2277 luxuries
1825 2251 1901 2276 sunt
1934 2255 2055 2287 magna
2088 2251 2243 2286 peceata3

1265 2292 1340 2333 quia
1364 2296 1441 2321 sunt
1462 2291 1589 2321 abusus
1613 2290 1774 2320 donorum
1798 2288 1878 2327 Dei,
1914 2294 1945 2320 et
1967 2288 2131 2330 pernicies
2154 2286 2242 2318 vale-

1263 2335 1396 2372 tudinis,
1419 2339 1450 2365 et
1468 2333 1556 2364 vitae
1577 2332 1755 2363 hominum.

1353 2385 1446 2416 Rom.
1472 2383 1520 2415 13.
1547 2384 1680 2415 dieitur:
1705 2383 1827 2414 (furate
1850 2392 1992 2418 carnem,
2016 2391 2078 2413 nou
2103 2382 2148 2413 ad
2170 2390 2242 2412 con-

1265 2429 1490 2470 cnpfiecpntias.
1535 2425 1646 2468 Aliqui
1669 2436 1734 2458 non
1758 2424 1980 2467 intelligentes
2004 2425 2243 2465 Graecismum,

1267 2472 1413 2502 absurde
1450 2469 1535 2501 haec
1574 2470 1675 2501 verba
1709 2475 1783 2500 sunt
1818 2468 2034 2510 interpretati.
2091 2467 2157 2498 Sed
2191 2473 2243 2498 est

1266 2519 1494 2556 praeceptum,
1522 2513 1554 2543 in
1578 2522 1644 2553 quo
1668 2518 1719 2543 est
1742 2522 1805 2543 una
1830 2511 2027 2542 affirmativa
2051 2509 2242 2552 propositio,

1267 2556 1372 2588 altera
1396 2556 1561 2597 negativa.
1607 2555 1749 2586 Primum
1774 2556 1860 2585 iubet
1887 2555 1932 2585 uti
1955 2555 2041 2592 cibo,
2066 2559 2098 2585 et
2119 2553 2242 2584 habere

1268 2611 1378 2632 curam
1401 2599 1569 2639 eorporis,
1599 2599 1659 2629 sed
1681 2603 1800 2639 postea
1823 2598 1930 2629 addit:
1973 2607 2035 2628 uon
2057 2596 2103 2628 ad
2122 2596 2242 2638 yulosi-

1268 2647 1378 2681 tatem,
1402 2643 1492 2675 niclet
1511 2652 1581 2674 :um
1603 2643 1741 2682 vberflus
1763 2642 1832 2673 und
1851 2643 2032 2673 mntwillen.
