2343 2970
194 133 260 166 979
832 132 944 165 PfflL.
968 133 1074 166 MEL.
1104 132 1293 166 SCRIPTA
1316 133 1582 166 EXEGETlCA.
2143 140 2208 175 980

194 226 287 260 nulla
312 232 402 259 esset
425 227 568 266 veritas,
584 233 651 259 tum
670 227 791 268 periret
803 232 872 259 tota
893 226 1033 259 humana
1048 234 1178 259 natura.
1204 228 1208 273 ξ
1231 227 1330 259 vitam
1353 235 1533 260 aeternam.
1580 228 1621 260 Et
1639 229 1688 262 sic
1712 231 1918 264 verissimum
1943 240 2017 271 est,
2053 236 2141 276 quod
2176 238 2208 270 in

196 271 344 303 Ecclesia
367 275 414 302 est
437 270 631 307 domicilium
653 271 820 309 veritatis,
845 281 957 302 verum
982 276 1044 309 est,
1069 270 1102 301 id
1115 277 1177 309 est,
1204 291 1207 311 ᾇ
1230 272 1452 312 promissione
1475 271 1706 304 universaliter
1728 274 1761 305 in
1775 272 1837 306 fide
1861 281 1994 316 petente
2017 277 2205 319 corporalia

195 324 330 355 semper
342 313 453 355 aliqua
465 314 611 344 membra
624 318 825 344 conservant
845 314 1028 351 veritatem,
1049 314 1178 345 etiamsi
1204 314 1207 320 '

194 358 261 389 sint
284 355 382 388 valde
405 366 523 397 pauca.
569 355 723 386 Iohannis
747 355 897 397 Baptista
926 367 992 388 non
1016 357 1176 388 dubitavit

194 405 263 432 tuni
278 400 435 441 temporis
449 399 490 430 dc
504 401 662 440 passione
675 397 806 438 Christi,
820 409 883 431 nec
895 397 1001 431 Maria
1014 406 1070 431 aut
1080 409 1178 431 soror

194 443 332 477 Mariae,
357 443 485 473 etiamsi
510 439 661 483 discipuli
691 443 941 474 somniaverunt
971 441 1096 474 Christi
1126 453 1176 474 re-

195 497 297 529 gnum
321 484 393 516 soie
416 483 581 525 politicum
618 490 650 515 et
678 485 888 517 mundanum.
939 485 1085 517 Ecclesia
1113 495 1177 517 mm
1315 485 1524 526 Increpabauz
1547 490 1638 527 eum]
1662 487 1722 518 llis
1744 489 1856 520 verbis
1881 490 2096 532 significatur,
2117 493 2206 534 quod

193 533 280 566 erat,
306 538 418 559 verum
449 533 501 558 est
525 527 777 564 universaliter;
812 538 944 570 semper
967 529 1051 560 enim
1075 527 1175 570 aliqui
1228 528 1260 559 in
1286 530 1435 562 oratione
1459 531 1554 562 nobis
1579 530 1679 562 multa
1693 532 1900 573 obstrepant,
1913 543 1995 575 quas
2018 544 2078 566 nos
2099 535 2206 568 deter-

193 572 227 604 in
261 570 415 603 Ecclesia
453 576 655 602 conservant
696 572 884 609 veritatem,
930 570 1023 603 multi
1066 578 1175 603 autem
1229 578 1315 610 rent,
1339 583 1404 614 quo
1428 574 1536 605 minus
1561 583 1706 606 oremus·

195 625 297 656 saepe
321 619 442 651 errant,
479 612 533 644 alii
568 615 599 644 in
623 612 855 652 fundamento,
888 613 942 646 alii
971 615 1003 645 in
1033 614 1174 656 stipulis·

194 657 299 689 Etiam
322 655 379 694 illi,
403 656 458 698 qui
478 655 601 688 habent
624 655 889 696 fundamentum,
920 664 1029 689 tamen
1052 658 1176 690 habent

1230 320 1380 355 oporteat
1402 313 1596 356 praelucere
1620 315 1716 347 fidem
1741 324 1831 348 certo
1861 324 2059 351 statuentem
2091 321 2132 352 de
2154 332 2206 353 re-

1229 356 1291 388 bus
1316 357 1552 397 spiritualibus.
1601 357 1667 390 Cor
1691 359 1774 390 enim
1797 360 1868 392 sine
1882 360 1948 392 ulla
1962 361 2025 394 fide
2043 363 2085 394 ad
2097 362 2205 397 Deum

1229 400 1392 432 accedere
1415 411 1479 432 non
1504 408 1624 442 potest,
1649 402 1738 433 iuxta
1762 401 1858 434 illud:
1883 404 1965 434 Fide
1977 415 2038 444 per
2052 405 2206 437 Christian

1228 442 1372 472 habemus
1395 454 1550 474 acce-§sum
1575 445 1617 473 ad
1641 444 1750 475 Dmm.

192 700 323 742 aliquos
346 698 535 740 scrupulos.
1466 692 1687 725 DOMIMCA
1714 693 1970 728 lNVOCAVlT.

194 786 202 789 -
253 787 278 801 ,ι
300 743 541 802 Fundamentum
574 753 734 793 vocamus
768 743 972 794 agnitionem
1006 744 1176 795 doctrinae
1382 769 1410 801 E
1598 770 1634 801 l,
1704 784 1711 802 i
1755 771 1786 802 Ἡ
1835 778 1846 803 t
1889 772 1900 803 }
1988 774 1995 781 ‚
2020 775 2040 805 4

193 790 292 829 legis,
314 785 358 817 Ex
367 784 488 827 angel-1
512 793 545 817 et
568 784 780 817 articulorum
794 785 881 823 fidei,
894 792 969 817 item
994 787 1175 818 distinctio·
1424 780 1446 801 V
1460 780 1480 801 a
1494 781 1515 801 Π
1529 781 1552 813 g
1565 781 1583 802 θ
1627 782 1668 803 ¹¹¹
1681 782 1701 802 Π
1753 784 1764 802 ¹
1802 782 1820 803 fl
1862 779 1872 803 ²
1901 785 1908 803 ¹
1924 783 1943 804 a
1957 784 1996 805 8¹
2042 795 2051 804 ·

193 839 268 861 nem
292 828 378 871 legis
403 835 434 860 et
454 827 636 870 Evangelii,
660 839 701 860 ne
724 830 938 870 pertinaciter
961 829 1050 861 idola
1063 828 1175 861 defeu-

192 874 322 910 damus,
347 877 404 903 aut
425 870 566 913 aliquam
590 879 715 913 partem
740 878 941 915 pugnantem
966 883 1040 904 cum
1063 871 1174 915 aliquo

193 921 374 957 praecepto
410 914 481 946 Dei.
534 915 690 956 Papistae
720 926 786 947 non
816 917 957 947 retinent
984 914 1174 947 fundamen-

193 965 280 995 tum3
303 958 509 990 confundunt
532 959 618 989 enim
643 959 818 990 discrimen
852 958 938 1000 legis
969 965 1000 990 et
1022 958 1173 1001 Evange-
1229 964 1416 1001 gumentum
1431 981 1440 997 ,
1474 959 1668 991 describens
1702 961 1901 992 tentationes
1926 961 2049 994 Christi
2074 962 2126 995 vel
2150 974 2205 1004 po-

193 999 238 1038 lii,
261 1001 474 1043 pertinaciter
493 1000 672 1033 defendunt
696 1002 940 1033 invocationem
969 1009 1174 1040 sanctorum,
1227 1003 1292 1034 tius
1315 1002 1517 1034 adumbrans
1541 1008 1678 1040 tantum,
1701 1012 1784 1044 quas
1808 1003 1993 1047 intelligere
2005 1004 2061 1037 vel
2083 1007 2204 1039 medic-

194 1050 228 1076 et
251 1044 317 1076 alia
340 1043 442 1076 multa
465 1044 613 1075 absurda
637 1050 668 1076 et
697 1045 880 1087 pugnantia
915 1055 990 1077 cum
1025 1044 1174 1077 articulis
1229 1046 1326 1076 criter
1348 1044 1466 1077 saltem
1490 1055 1556 1076 non
1580 1051 1631 1077 est
1651 1046 1744 1077 cuius
1769 1047 1830 1085 vis,
1853 1047 1882 1078 vsi
1905 1049 2003 1079 modo
2033 1055 2084 1080 est
2105 1047 2205 1082 ullius

193 1097 295 1119 verae
319 1086 499 1130 religionis,
1201 1085 1204 1133 ξ
1227 1088 1379 1120 hominis.

283 1130 416 1160 Errores
437 1132 470 1159 in
493 1130 620 1170 stipulis
644 1137 721 1162 sunt
744 1140 876 1162 errores
900 1130 1070 1173 vulgares.
1110 1130 1173 1169 Illi,
1201 1140 1205 1192 ι
1312 1129 1399 1162 Nolo
1423 1130 1477 1162 hic
1501 1131 1661 1169 definire,
1691 1137 1797 1163 utrum
1820 1131 1984 1164 Diabolus
2009 1132 2142 1165 Christo
2162 1135 2206 1166 vi—

195 1174 251 1216 qui
275 1180 385 1205 errant
410 1174 442 1204 in
465 1172 692 1212 fundamento,
716 1183 778 1205 nec
801 1172 916 1205 volunt
939 1175 1066 1212 sanari,
1102 1175 1176 1206 sine
1202 1204 1203 1211 ,
1227 1173 1313 1205 sibili
1337 1173 1447 1215 aliqua
1470 1172 1577 1205 forma
1599 1175 1789 1216 apparuerit
1824 1185 1898 1207 cum
1932 1185 1973 1207 eo
1998 1175 2206 1219 coiloquens‚

195 1215 264 1248 ulla
287 1217 493 1248 dubitatione
516 1223 593 1248 sunt
617 1217 773 1255 damnati,
797 1218 887 1248 iuxta
909 1215 1006 1249 illud:
1032 1217 1094 1251 Qui
1115 1228 1174 1247 non
1202 1223 1204 1255 ζ
1227 1217 1286 1248 sed
1310 1223 1431 1257 tamen,
1455 1225 1489 1248 ut
1513 1217 1611 1255 solet,
1636 1217 1750 1249 offudit
1774 1218 1802 1249 ei
1825 1217 1954 1260 aliquas
1978 1220 2206 1262 species,qui-

197 1260 308 1296 credit,
332 1261 393 1289 iam
416 1260 581 1290 damnatus
604 1263 659 1290 esc.
705 1259 796 1302 Ergo
831 1261 902 1291 sitis
938 1259 1112 1303 diligentes
1142 1261 1174 1292 in
1202 1261 1204 1292 i
1228 1262 1290 1292 bus
1314 1259 1526 1291 vehementer
1548 1260 1687 1292 affectus
1722 1261 1776 1292 diu
1811 1272 1883 1292 cum
1913 1272 1951 1293 ea
1975 1260 2120 1295 luctatus
2143 1270 2205 1296 est„

197 1303 358 1334 discendo
383 1301 608 1335 fundamento.
653 1304 686 1335 ln
710 1302 896 1336 Ecclesiam
916 1313 1019 1345 saepe
1046 1305 1175 1336 irruunt
1202 1295 1205 1323 ¹
1227 1303 1284 1335 Sic
1309 1303 1406 1334 nobis
1430 1313 1561 1345 quoque
1587 1304 1696 1335 varias
1720 1305 1852 1345 species
1877 1305 2004 1340 obiicit,
2035 1316 2120 1347 quae
2143 1316 2205 1339 uos

196 1356 339 1388 magnac
363 1346 521 1377 tenebrae
543 1347 574 1377 in
600 1347 751 1378 doctrina
763 1352 900 1388 propter
912 1345 1089 1378 multorum
1102 1352 1174 1388 pecss
1201 1332 1205 1402 l
1228 1353 1363 1378 movent
1388 1351 1419 1378 et
1441 1345 1613 1388 impellunt
1636 1347 1678 1379 ad
1691 1347 1801 1378 varias
1817 1348 2050 1389 cogitationes,
2064 1355 2207 1391 suntque

198 1395 282 1424 cata,
307 1390 348 1420 de
372 1399 437 1430 quo
462 1390 594 1421 dicitur:
618 1389 710 1419 Dabo
735 1391 779 1419 eis
798 1393 903 1427 samen
926 1399 985 1419 non
992 1392 1099 1429 panis,
1119 1390 1176 1420 sed
1201 1405 1204 1438 Ι
1226 1388 1305 1421 illae
1327 1389 1458 1431 species
1482 1400 1548 1421 non
1571 1399 1702 1430 semper
1724 1389 1883 1428 internae,
1896 1391 1956 1421 sed
1979 1392 2076 1423 etiam
2100 1398 2206 1424 exter-

199 1432 283 1461 cerbi
307 1432 380 1470 Dei,
404 1433 436 1463 id
460 1440 521 1469 est,
546 1433 678 1472 puniam
701 1443 860 1468 securos,
891 1440 925 1464 ut
949 1433 1022 1464 sine
1044 1432 1120 1465 luce
1144 1438 1176 1465 et
1227 1443 1302 1470 nae,
1326 1438 1360 1463 ut
1384 1443 1458 1464 cum
1481 1433 1591 1463 obiicit
1616 1433 1714 1463 nobis
1737 1431 1899 1470 homines,
1924 1443 2008 1475 quos
2043 1432 2143 1465 habet
2172 1435 2206 1467 in

197 1475 302 1507 verbo
327 1474 397 1506 Dei⁴
446 1474 486 1506 Et
504 1475 622 1506 Esaias
652 1477 850 1517 praevidens
880 1475 941 1507 has
971 1475 1175 1507 calamitates
1228 1485 1288 1506 sua
1312 1479 1484 1515 potestate.
1537 1474 1645 1515 Saepe
1679 1475 1712 1506 in
1747 1476 1900 1507 com-{vio
1936 1477 2075 1517 erumpit
2108 1476 2207 1510 alicui

196 1517 297 1549 habet
320 1517 455 1559 longam
478 1521 660 1551 orationem
694 1519 735 1549 de
768 1517 852 1549 libro
886 1517 1019 1556 clauso,
1043 1519 1174 1550 dicens:
1227 1518 1378 1559 improbo
1414 1517 1539 1548 homini
1571 1527 1614 1548 ex
1646 1518 1866 1559 suggestione
1901 1517 2035 1550 Diaboli
2068 1520 2208 1552 verbum

197 1561 337 1601 Obse'ynu
363 1561 469 1600 legem,
494 1561 592 1599 Deus,
611 1562 644 1590 in
665 1563 721 1595 eis,
745 1561 778 1592 id
801 1568 874 1599 est,
903 1561 1052 1603 imprime
1085 1572 1175 1593 men·
1228 1560 1374 1603 aliquod,
1397 1570 1463 1601 quo
1482 1558 1602 1601 aliquis
1626 1561 1718 1591 varie
1747 1558 1926 1599 amicitur,
1961 1567 1993 1593 et
2026 1562 2140 1594 incidit
2173 1563 2206 1594 in

195 1605 286 1637 tibus
309 1614 423 1636 eorum
445 1605 572 1636 firmam
585 1605 770 1636 doctrinam
783 1605 824 1636 de
846 1603 932 1645 lege·
977 1605 1033 1635 Sic
1056 1610 1089 1635 et
1110 1614 1173 1635 vos
1228 1603 1449 1645 cogitationes
1473 1603 1711 1634 acerbissimas
1734 1609 1767 1634 et
1794 1613 1874 1635 vere
1907 1602 2101 1638 diabolicas.
2146 1604 2208 1638 Est

197 1653 303 1686 orate,
325 1653 361 1679 ut
383 1646 477 1679 Deus
501 1648 534 1680 in
557 1647 654 1679 nobis
674 1653 853 1679 conservet
878 1657 993 1679 veram
1016 1647 1173 1678 notitiam.
1228 1647 1314 1679 enim
1337 1646 1456 1688 ingens
1474 1646 1621 1688 potentia
1644 1645 1742 1678 huius
1766 1647 1900 1688 spiritus
1916 1670 1925 1685 ,
1959 1658 2067 1690 neque
2097 1653 2207 1681 tamen

195 1689 301 1723 Error
323 1691 389 1722 hoc
412 1689 488 1723 loco
512 1689 750 1732 Apostolorum
781 1697 851 1722 erat
881 1691 913 1721 in
948 1688 1173 1728 fundamento,
1228 1697 1279 1721 est
1299 1689 1548 1731 καρδιογνώστης,
1573 1690 1661 1731 quod
1685 1699 1806 1721 nomen
1830 1688 1893 1721 soli
1917 1689 1992 1722 Deo
2017 1692 2186 1733 competit.

196 1740 229 1766 et
251 1734 280 1765 si
303 1733 388 1765 tales
412 1740 490 1775 post
513 1734 794 1765 resurrectionem
813 1733 938 1765 Christi
961 1734 1175 1771 mansissent,
1314 1732 1395 1763 Tres
1420 1738 1528 1764 autem
1558 1737 1635 1763 sunt
1666 1732 1790 1775 gradus
1820 1733 2055 1772 tentationum,
2077 1733 2208 1766 scilicet

1426 837 1529 877 (conf.
1552 838 1627 871 Vol.
1650 839 1770 871 xxiv.
1794 852 1825 882 p.
1843 840 1906 873 446
1919 845 2008 883 sqq.)

1314 915 1387 948 Hoc
1410 915 1629 958 Evangelium
1657 917 1757 950 habet
1784 917 1962 951 admodum
1991 918 2132 952 sublime
2155 931 2206 953 ar·

197 1782 265 1810 tum
288 1778 476 1820 periissent.
523 1777 674 1809 Christus
698 1783 771 1808 orat
782 1787 843 1819 pro
856 1777 952 1818 ipsis:
975 1776 1084 1811 Pater,
1107 1786 1174 1806 san·
1227 1776 1430 1815 Paupertas,
1466 1775 1642 1806 Curios-itas
1676 1781 1707 1806 et
1731 1775 1901 1820 Cupiditas
1934 1778 2024 1816 regni
2053 1776 2109 1809 vel
2136 1778 2207 1807 Am.

200 1822 303 1860 ctifica
328 1831 380 1850 eos
402 1822 435 1850 in
458 1823 588 1850 veritate
611 1824 675 1854 ina,
699 1830 797 1850 sermo
820 1824 891 1851 tuus
912 1822 1038 1849 veritas.
1227 1820 1313 1849 hitto.

283 1864 355 1896 Hoc
378 1865 451 1905 ipso
487 1865 518 1895 in
552 1863 629 1896 loco
662 1865 786 1895 sedens
810 1864 908 1895 Vitus
931 1863 1174 1895 Amerbachius
1313 1860 1468 1894 Ecclesia
1485 1867 1624 1893 vexatur
1640 1865 1843 1900 paupertate,
1855 1868 1992 1903 propter
2003 1873 2101 1904 quam
2113 1862 2207 1895 multi

196 1913 274 1940 ante
293 1907 418 1948 aliquot
441 1917 547 1939 annos
577 1908 763 1948 disputabat
800 1908 840 1939 de
875 1907 963 1938 dicto
988 1906 1174 1944 Geneseos,
1199 1919 1203 1951 Ι
1227 1905 1378 1937 homines
1403 1905 1559 1937 deficiunt
1592 1915 1612 1936 a
1634 1903 1718 1936 Deo.
1772 1904 1834 1936 Est
1868 1915 1950 1946 ergo
1983 1905 2068 1938 haec
2101 1906 2207 1946 prima

197 1952 286 1994 quod
323 1950 447 1982 Paulus
483 1952 523 1982 ad
558 1950 727 1982 Romanos
761 1951 790 1981 4.
827 1956 859 1981 et
892 1951 934 1981 ad
971 1949 1110 1981 Galatas
1138 1948 1175 1980 3:
1227 1949 1376 1984 tentatio,
1401 1959 1466 1990 qua
1489 1948 1632 1990 exagitat
1654 1957 1833 1988 personam
1856 1947 1989 1986 Christi,
2013 1948 2108 1990 quia,
2130 1959 2206 1981 omn

199 1994 346 2026 Credidit
370 1994 523 2023 Ala-altam
547 1994 617 2023 Deo
636 1997 664 2022 et
688 1995 868 2032 imputatum
891 1997 936 2023 est
971 1994 1000 2021 ei
1023 1993 1065 2022 ad
1088 1994 1174 2022 insti·
1228 1992 1377 2024 venisset
1398 1992 1441 2022 ad
1464 1991 1691 2025 ministerium,
1717 1991 1825 2031 coepit
1849 2000 1922 2022 eum
1946 1996 2086 2023 tentare:
2120 1991 2206 2026 Quid

198 2041 283 2069 tiam.
330 2040 408 2070 item
443 2038 483 2068 (le
519 2037 622 2069 dicto:
657 2037 760 2066 Iustus
789 2048 845 2066 sua
859 2036 922 2075 fide
947 2037 1028 2066 vivit.
1073 2034 1174 2066 Falso
1228 2036 1345 2065 doces?
1370 2036 1449 2073 Quis
1471 2038 1560 2064 eura!
1583 2034 1636 2065 te?
1659 2040 1721 2065 etc.
1766 2033 1860 2066 Haec
1889 2034 2026 2066 tentatio
2061 2035 2103 2066 de
2125 2044 2205 2076 pau·

199 2083 313 2113 citaret
337 2081 421 2112 istos
444 2079 540 2111 locos
564 2080 608 2110 ad
631 2090 724 2111 suam
759 2089 936 2117 caussam,
970 2080 1027 2110 ubi
1060 2085 1176 2121 ageret
1227 2084 1366 2120 penate,
1386 2078 1475 2120 quod
1497 2076 1590 2109 nulla
1608 2078 1651 2109 sit
1662 2076 1833 2108 habiturus
1856 2077 2035 2117 praesidia,
2049 2083 2101 2109 est
2116 2078 2207 2119 picta

199 2125 240 2156 de
264 2125 361 2155 bonis
385 2122 610 2164 spiritualibus
625 2146 634 2161 ,
669 2134 742 2154 cum
776 2123 859 2154 haec
890 2123 976 2153 dicta
998 2120 1176 2163 loquantur
1227 2123 1262 2153 in
1284 2120 1336 2152 his
1360 2122 1470 2153 verbis
1494 2121 1645 2152 ironicis:
1667 2120 1704 2150 Si
1727 2123 1758 2149 tu
1782 2130 1813 2150 es
1826 2120 1911 2159 filius
1933 2120 1998 2149 Dei
2019 2126 2095 2158 etc„
2116 2121 2207 2162 quod

199 2168 242 2199 de
265 2168 362 2199 bonis
388 2165 628 2207 corporalibus,
652 2171 685 2197 ut
709 2166 831 2197 dictum
855 2165 1028 2197 Geneseos
1062 2164 1176 2206 loqua-
1230 2165 1395 2206 designat:
1417 2163 1467 2196 Tu
1486 2165 1570 2196 vivis
1594 2175 1634 2195 ex
1656 2162 1832 2203 lapidibus,
1846 2162 1985 2195 Romani
2006 2169 2039 2195 et
2061 2173 2129 2195 non
2151 2164 2206 2195 ad·

199 2217 252 2242 tur
276 2211 317 2241 de
340 2209 449 2241 sutura
472 2209 668 2250 posteritate
690 2209 824 2239 seminis
859 2214 891 2240 et
919 2208 1038 2240 sobole
1072 2209 1176 2248 ipsius
1229 2209 1343 2240 iuvant
1366 2208 1399 2238 in
1422 2206 1620 2249 depellendo
1644 2206 1820 2247 pontifices
1844 2213 1877 2238 et
1898 2207 2096 2238 sacerdotes
2114 2217 2134 2238 a
2151 2208 2204 2238 mi-

200 2259 357 2294 tanquam
380 2254 469 2284 bono
495 2250 671 2293 corporali,
695 2256 727 2281 et
746 2252 868 2282 dictum
880 2252 1019 2283 Abacuc
1039 2251 1079 2282 de
1097 2251 1178 2282 libe·
1229 2251 1378 2282 nisterio.
1424 2250 1509 2282 Huic
1532 2250 1702 2282 tentationi
1726 2250 1862 2291 opponit
1886 2248 2041 2281 Christus
2068 2250 2206 2282 verbum

200 2298 329 2328 ratione
352 2294 465 2338 populi
488 2295 609 2327 Iudaici
635 2305 674 2325 ex
687 2293 873 2335 Babylone,
898 2300 928 2325 et
951 2305 1018 2326 non
1041 2293 1178 2336 loquau-
1202 2312 1206 2352 1
1230 2294 1304 2327 Dei,
1329 2304 1403 2326 cum
1424 2294 1516 2324 dicit:
1551 2293 1623 2323 Non
1646 2303 1687 2322 ez·
1709 2293 1777 2323 solo
1796 2303 1880 2331 pane
1904 2293 1980 2322 vivet
2002 2292 2102 2322 lzomo.
2148 2292 2206 2324 Sic

200 2346 253 2371 tur
277 2340 318 2371 de
341 2341 494 2380 accipere
517 2338 746 2370 remissionem
770 2344 1000 2378 peccatorum,
1028 2338 1176 2369 donatio·
1230 2347 1293 2368 nos
1317 2337 1349 2368 in
1374 2338 1526 2368 omnibus
1549 2337 1786 2368 tentationibus
1801 2337 1959 2368 debemus
1982 2336 2152 2376 respicere
2162 2335 2205 2367 ad

200 2393 274 2414 nem
299 2382 442 2424 Spiritus
467 2382 573 2412 sancti
608 2386 640 2412 et
673 2380 772 2411 vitam
795 2386 970 2411 aeternam.
1018 2379 1177 2423 Simplici-

200 2432 252 2457 ter
275 2426 432 2467 respondi
456 2424 554 2455 Victo
578 2423 818 2455 Amerbacliio:
849 2422 974 2455 Verum
998 2430 1071 2462 est,
1105 2434 1178 2464 pro-

201 2469 315 2499 missio
339 2469 373 2499 in
394 2468 517 2499 Genesi
541 2465 766 2509 principaliter
787 2464 931 2508 loquitur
965 2467 1006 2497 de
1040 2467 1177 2504 semine,
1231 2472 1389 2507 temperet
1413 2466 1588 2498 vocationi.
1634 2465 1828 2507 Respondet
1851 2476 1931 2507 ergo
1947 2464 2114 2496 Christus:
2135 2465 2206 2497 Non

203 2512 293 2553 quod
317 2518 402 2542 esset
429 2511 631 2542 nasciturum
649 2521 689 2541 ex
712 2510 906 2551 posteritate
918 2509 1088 2547 Abrahae,
1102 2520 1177 2550 pro·
1231 2519 1272 2538 ea:
1294 2509 1361 2539 solo
1379 2520 1464 2548 pane
1486 2515 1547 2540 etc.
1593 2508 1690 2544 Quod
1712 2508 1791 2540 alibi
1814 2507 1889 2540 aliis
1913 2508 2023 2539 verbis
2046 2508 2122 2539 dicit
2136 2507 2206 2538 Μο-

200 2560 275 2595 pter
298 2556 386 2596 quod
410 2553 503 2586 Deus
528 2552 598 2585 vult
621 2554 701 2584 dare
725 2554 812 2584 bona
835 2551 1030 2593 spiritualia,
1064 2553 1178 2583 remis·
1231 2562 1303 2583 ses:
1326 2553 1399 2592 Ipse
1422 2556 1468 2582 est
1500 2552 1665 2591 lonyitmlo
1700 2552 1818 2582 dierum
1852 2555 1980 2581 tuorum.
2033 2550 2123 2583 Haec
2153 2556 2206 2581 est

201 2598 327 2630 sionem
350 2604 577 2639 peccatorum,
601 2596 810 2628 donationem
835 2595 976 2637 Spiritus
1010 2596 1115 2628 sancti
1147 2601 1179 2627 et
1230 2596 1336 2636 prima
1359 2596 1535 2633 sententia,
1560 2605 1622 2637 qua
1647 2605 1684 2627 se
1707 2595 1819 2628 munit,
1841 2595 1929 2636 quod
1952 2594 2118 2636 designat:
2133 2592 2205 2635 Ego

1230 2381 1368 2412 verbum
1391 2379 1464 2411 Dei.
1511 2378 1686 2417 Christus,
1721 2380 1793 2411 sive
1821 2380 1886 2410 sint
1909 2385 2086 2410 secuturae
2104 2383 2206 2411 tenta-

1231 2424 1351 2461 tiones,
1375 2424 1447 2454 sive
1469 2421 1587 2460 fames,
1611 2428 1719 2454 tamen
1742 2422 1843 2454 habet
1865 2422 2065 2460 mandatum,
2089 2427 2125 2453 ut
2147 2422 2206 2453 ob-
