2343 2970
96 181 159 214 697

97 275 169 316 fex3
186 279 296 316 potest
317 274 413 305 etiam
436 272 548 314 aliqua
569 279 640 305 arte
663 270 807 313 efficere,
820 282 905 314 quae
923 278 1001 303 sunt
1019 281 1074 303 na-

98 317 227 356 turalia,
249 327 334 359 quae
357 326 418 348 uos
442 326 508 348 non
531 317 666 348 scimus.
711 316 803 345 Demz
831 326 864 345 er
890 315 950 344 kau
980 314 1073 352 mehr,

98 362 158 392 den
191 361 243 391 die
275 359 432 389 menschen
466 359 597 391 konnen.
653 359 745 391 Sicut
773 364 950 390 narrantur
973 357 1075 389 multa

97 404 248 447 magica,
281 403 497 445 prodigiosa,
531 408 565 434 ut
594 401 677 434 alias
701 402 765 433 dixi
789 399 940 443 depuella
963 400 1074 432 Bono·

98 448 214 479 niensi.
259 445 338 477 Item
361 446 504 478 Faustus
529 456 645 487 magus
669 445 841 476 devoravit
875 443 974 475 alium
1007 454 1077 475 ma-

99 501 175 533 gum
197 489 359 527 Viennae,
377 490 432 531 qui
454 495 531 530 post
554 498 682 529 paucos
705 488 775 520 dies
798 488 952 519 inventus
968 492 1020 518 est
1042 487 1075 517 in

98 534 239 575 quodam
263 542 379 574 specu.
434 532 503 561 Der
541 531 655 571 Teuffel
685 531 745 561 Izan
778 530 840 561 viel
869 529 1076 560 wuuderlichs

97 576 209 650 diu-qi.-
232 580 340 606 tamen
363 574 517 607 Ecclesia
544 574 644 607 habet
671 574 806 616 propria
828 573 989 615 quaedam
1019 573 1075 604 mi-

96 629 175 651 racu
192 630 223 650 a.

259 732 339 772 De
402 732 675 774 Secundo
737 730 907 781 Loco,

315 793 357 832 id
389 799 460 843 est,
492 793 544 832 de
574 792 732 832 infirma
763 791 855 830 fide.

182 875 281 907 Fides
304 876 336 906 in
360 873 423 906 alio
445 880 497 906 est
521 874 708 914 ardentior,
742 874 774 904 in
807 872 872 904 alio
896 873 1003 904 minus
1025 883 1075 904 ar-

96 919 196 951 dens:
219 919 280 949 sed
304 924 412 949 tamen
435 918 467 949 in
480 919 630 949 omnibus
654 923 705 948 est
729 915 914 948 imbecillis,
960 916 1074 947 Aaron

96 968 147 993 est
171 970 310 1003 magnus
335 961 405 999 vir,
442 967 550 992 tamen
585 960 751 992 consentit
783 961 816 990 in
839 957 1074 997 idololatriam:

95 1004 207 1041 credo,
232 1004 321 1045 quod
343 1014 408 1034 non
432 1005 642 1045 probaverit,
666 1004 725 1034 sed
749 1009 860 1034 tamen
882 1002 1074 1040 assentitur,

94 1047 206 1078 metuit
229 1047 475 1087 dissipationem
498 1045 628 1088 populi,
653 1046 725 1076 laats
748 1046 814 1075 also
837 1045 933 1085 yelze‘n
955 1045 1075 1075 lasseu:

94 1089 155 1122 suit
177 1100 332 1131 magnum
355 1096 546 1131 peccatum,
574 1099 694 1131 magna
712 1089 884 1120 infirmitas
907 1088 994 1119 fidei.
1039 1088 1075 1119 ln

781 177 998 211 PosTlLLA
1020 176 1416 209 MELANTHOMANA.

2040 176 2104 208 698

1126 275 1156 302 et
1179 273 1353 312 accipietis.
1377 270 1470 309 Item,
1492 273 1578 303 Deus
1602 270 1716 308 trahit,
1739 269 1796 301 sed
1818 270 1971 300 volentem
1991 270 2102 301 traln't.

1126 315 1220 346 Deus
1243 326 1310 347 non
1340 315 1503 346 convertit
1534 321 1564 345 te
1587 314 1724 346 invitum
1758 318 1791 344 et
1825 311 2008 346 nolentem,
2044 314 2103 344 sed

1126 359 1237 390 audito
1260 359 1364 389 verbo
1400 358 1503 389 debes
1537 356 1667 395 luctari,
1701 362 1736 388 ut
1770 356 1965 387 assentiaris
1991 357 2104 390 verbo,

1126 412 1190 432 non
1217 411 1399 443 repugnes:
1430 408 1464 431 et
1486 399 1583 433 simul
1612 406 1725 441 petere
1754 398 1920 431 auxilium.
1967 398 2030 431 Ubi
2054 406 2105 430 est

1126 445 1267 486 gemitus
1291 451 1420 485 petens,
1443 445 1484 476 ibi
1510 449 1587 475 sunt
1609 444 1698 475 initia
1722 442 1810 481 fidei,
1835 442 1985 474 ibiDeus
1998 443 2104 484 magis

1125 488 1300 529 magisque
1323 486 1497 518 confirmat
1520 497 1593 519 nos.
1843 494 1846 495 ’

1212 532 1255 562 Es
1278 530 1385 570 l.·ompt
1397 529 1458 570 offt
1470 531 1523 561 die
1534 530 1670 561 tentatio
1685 542 1690 561 :
1715 529 1800 565 Quid
1813 528 1964 570 proficio,
1977 528 2105 560 etiamsi

1125 571 1248 614 aliquid
1283 574 1360 604 boni
1384 574 1490 604 dicam
1514 572 1568 604 vel
1592 571 1732 604 faciam?
1776 570 1930 603 Ecclesia
1956 582 2022 603 non
2053 578 2106 603 est

1124 626 1261 657 perman
1288 627 1384 654 sura,
1419 622 1494 648 tuus
1524 615 1620 646 labor
1655 615 1796 647 docendi
1820 622 1852 646 et
1875 615 2022 646 discendi
2052 621 2106 646 est

1126 660 1243 690 inanis.
1268 658 1314 690 lbi
1338 659 1496 690 debemus
1520 665 1634 690 tenere
1649 656 1926 690 consolationem:
1950 661 2036 690 Deus
2048 662 2106 696 est,

1126 703 1182 743 qui
1202 700 1313 744 efficit,
1335 706 1370 733 ut
1392 703 1509 737 velitis,
1532 706 1562 733 et
1583 702 1782 744 perficiatis:
1815 702 1847 732 id
1871 709 1933 738 est,
1956 701 2047 739 iacit,
2073 707 2107 732 ut

1126 752 1239 776 vestra
1263 744 1413 783 consilia,
1437 751 1588 783 conatus,
1611 744 1766 783 labores,
1790 754 1910 776 cursus
1934 746 2000 776 sint
2018 743 2106 776 salu·

1127 795 1216 819 taras
1241 789 1335 819 vobis
1355 794 1387 820 et
1411 788 1496 819 aliis.

1187 893 1325 945 Qualis
1363 901 1424 934 est
1455 893 1632 934 Ecclesia
1663 902 1755 949 post
1786 893 1959 934 reditum
1993 908 2045 933 ex

1499 955 1711 1009 Babylone
1721 954 1738 996 ’ἓ

1212 1044 1326 1077 Miseri
1349 1045 1518 1084 homines,
1543 1046 1597 1087 qui
1626 1046 1777 1077 redibant
1803 1056 1843 1076 ex
1866 1044 2041 1087 Babylone
2064 1046 2107 1076 ad

1128 1089 1239 1121 ruinas
1253 1089 1520 1132 Hierosolymae,
1539 1096 1571 1120 et
1583 1096 1765 1139 coeperunt
1779 1099 1894 1120 rursus
1913 1088 2104 1127 aedificare,

94 1132 192 1164 Mose
215 1131 274 1163 suit
292 1131 571 1163 excellentissima
595 1131 701 1170 fides,
735 1138 844 1163 tamen
877 1132 920 1162 ad
947 1137 1074 1173 petram
1126 1133 1247 1164 misere
1270 1133 1475 1164 vexabantur
1498 1144 1518 1164 a
1540 1132 1670 1169 vicinis,
1693 1132 1748 1173 qui
1772 1133 1909 1163 oderant
1934 1132 2031 1163 istum
2051 1143 2105 1172 po-

95 1176 257 1207 turbatur.
303 1175 413 1206 Primo
437 1176 580 1216 percutit
603 1182 747 1217 petram,
770 1185 837 1206 non
860 1182 1016 1206 exerente
1038 1184 1076 1205 se

95 1217 177 1249 fide:
202 1228 261 1248 cor
283 1224 354 1248 erat
376 1217 621 1260 languesactum
636 1241 645 1256 ‚
681 1225 798 1259 postea
826 1218 909 1249 redit
933 1218 1075 1258 impetus

96 1260 181 1292 fidei.
226 1260 460 1302 Agnoscamus
484 1262 582 1302 igitur
604 1260 822 1292 infirmitatem
845 1266 1012 1299 nostram,
1043 1266 1075 1292 et

96 1304 320 1345 deploremus,
344 1310 377 1335 et
400 1306 593 1336 studeamus
618 1314 783 1340 crescere,
807 1310 839 1333 et
861 1310 969 1335 tamen
992 1304 1073 1336 scia-

95 1347 281 1388 mus,quod
305 1347 401 1377 etiam
424 1348 544 1389 exigua
567 1347 657 1378 initia
676 1346 750 1378 fidei
773 1345 897 1387 aliquid
920 1357 1074 1388 magnum

95 1390 173 1427 sint,
195 1395 225 1419 et
242 1388 316 1420 Deo
339 1388 502 1430 placeant,
526 1390 611 1421 sicut
634 1389 758 1421 Paulus
782 1389 899 1431 inquit:
922 1390 1074 1428 Infit-mum

93 1434 125 1461 in
144 1432 207 1471 fide
231 1434 386 1462 assumile.
430 1433 517 1462 Dens
540 1434 618 1462 enim
641 1433 807 1471 assumpsi!
830 1442 905 1464 eum.

180 1474 216 1506 ln
255 1475 427 1515 Apostolis
462 1481 531 1507 erat
566 1487 687 1517 magna
727 1474 907 1506 infirmitas.
958 1475 1006 1507 lta
1042 1477 1073 1507 in

95 1519 246 1549 omnibus
269 1519 409 1556 sanctis,
432 1530 464 1549 et
489 1526 597 1550 tamen
620 1530 640 1550 a
658 1519 733 1551 Deo
748 1519 950 1559 recipiuntur
975 1519 1073 1551 etiam

94 1560 259 1592 habentes
284 1562 403 1602 exigua
425 1562 515 1592 initia
538 1562 629 1593 fidei:
660 1563 746 1593 sicut
769 1560 931 1593 Dominus
956 1563 1073 1604 inquit:

95 1604 135 1634 Sl
153 1603 330 1634 habueritis
352 1604 444 1645 fidem
466 1605 548 1635 sicut
568 1614 706 1645 syrmium
730 1605 855 1643 είηαμιᾉ·
878 1616 1016 1647 granum
1031 1606 1072 1636 si-

95 1647 170 1687 napi
195 1651 245 1677 est
268 1656 417 1686 parvum,
433 1653 481 1677 est
505 1648 654 1684 mordax,
679 1653 729 1678 est
752 1646 887 1678 efficax:
911 1649 960 1678 sic
976 1649 1072 1679 etiam

95 1699 200 1730 parva
222 1688 305 1719 fides
331 1700 423 1720 suam
455 1691 554 1721 habet
586 1689 780 1721 efficaciam.
826 1689 919 1721 Deus:
947 1690 1015 1722 vult
1040 1691 1071 1721 in

95 1732 193 1763 nobis
217 1741 293 1762 esse
317 1733 404 1763 initia
428 1732 517 1764 fidei:
551 1732 622 1762 Dus
640 1743 726 1763 mass
745 1743 836 1773 scyli:
866 1740 896 1763 et
926 1744 990 1764 non
1014 1744 1072 1774 po·

95 1781 159 1806 test
185 1785 261 1805 csse
286 1774 379 1812 fides,
402 1776 456 1806 ubi
481 1786 545 1806 non
570 1782 619 1806 est
642 1776 852 1816 poenitentia.
901 1776 963 1806 Die
985 1786 1073 1808 mass

95 1818 177 1849 auch
200 1818 243 1848 da
267 1828 364 1858 seym·
398 1817 455 1848 illa
486 1829 551 1849 non
582 1825 659 1849 sunt
684 1818 798 1850 simul:
822 1818 919 1849 Fides
944 1825 975 1850 et
1000 1830 1071 1858 pro-

95 1861 237 1901 positum
272 1861 387 1892 ruendi
422 1867 539 1892 contra
572 1862 818 1892 conscientiam.
865 1861 942 1892 ldeo
977 1862 1072 1892 dicit:

100 1903 179 1935 Vivo
202 1913 270 1944 ‘³90³
293 1905 367 1935 nolo
389 1909 519 1934 mortem
542 1905 741 1944 peccatoris,
768 1906 824 1935 sea'
848 1909 881 1935 ut
905 1909 1072 1936 converta-

95 1951 150 1978 tur
173 1951 202 1977 et
224 1947 325 1977 Λιτὴτατ.

97 1995 143 2019 tet
176 1999 253 2020 esse
286 1988 428 2030 aliquem
458 1991 499 2020 do
516 2000 605 2021 orem
630 1991 670 2021 de
700 1991 862 2030 peccatis,
896 1997 927 2021 et
951 1992 982 2022 in
1007 1990 1072 2022 hoc

98 2029 213 2062 dolore
236 2038 366 2072 oportet
387 2031 500 2063 lucere
524 2034 611 2064 initia
636 2033 721 2064 fidei.

184 2073 240 2104 Sic
273 2075 370 2106 istum
405 2076 559 2107 obiurtrat
594 2075 763 2114 ChristuS,
796 2082 829 2107 et
863 2082 972 2108 tamen
1003 2075 1073 2108 vult

97 2126 234 2148 servare
270 2115 458 2149 luctantem.
502 2102 634 2160 itegius
676 2120 739 2150 iste
777 2120 896 2150 retinet
928 2118 1071 2161 aliquam

97 2158 308 2191 scintillulam
332 2160 420 2197 fidei,
444 2171 529 2202 quae
552 2168 667 2202 postea
691 2161 916 2200 confirmatur,
937 2173 1072 2193 cumre-

97 2203 143 2233 dit
166 2202 309 2240 domum,
328 2208 360 2233 et
379 2203 468 2234 videt
491 2210 644 2236 eventum
667 2206 895 2246 respondisse.

96 2245 179 2276 auch
201 2246 253 2276 die
276 2246 439 2284 doctrina,
463 2258 559 2287 quam
583 2247 705 2279 Paulus
729 2249 828 2279 tradit
844 2249 874 2279 in
888 2249 952 2279 isto
966 2249 1071 2281 dicto:

96 2287 187 2319 Deus
209 2294 268 2326 esf,
291 2291 346 2329 qui
367 2287 482 2330 elficit,
515 2294 550 2321 ut
576 2290 696 2328 velitis,
725 2296 754 2322 et
773 2292 964 2333 perficiatis.
1009 2290 1072 2322 Re-

96 2337 226 2362 movete
248 2330 312 2362 hoc
345 2330 422 2363 loco
446 2332 569 2364 Stoica.
615 2333 738 2366 Verum
773 2340 839 2369 est,
874 2335 962 2366 initia
996 2334 1071 2365 fidei

95 2379 172 2405 sunt
194 2384 278 2414 opus
311 2373 374 2405 Dei
408 2375 440 2406 in
473 2377 587 2414 nobis,
620 2378 679 2409 sed
715 2384 822 2409 tamen
853 2383 984 2418 oportet
1007 2388 1070 2409 nos

95 2426 161 2448 non
191 2427 377 2458 repugnare
406 2416 480 2448 Deo
509 2420 642 2451 vocanti
677 2426 709 2452 et
737 2420 888 2453 trahenti·
941 2421 1071 2459 Quanto

94 2460 197 2500 mayz's
218 2463 315 2500 pater
337 2461 481 2492 coelestis
503 2461 594 2493 dabit
616 2463 773 2503 spiritum
796 2468 940 2496 sanctum
959 2468 1069 2504 peten-

93 2502 187 2534 tibus.
233 2502 374 2538 Quando
397 2502 568 2543 trahimur,
595 2505 693 2537 debet
723 2508 756 2539 in
789 2507 887 2538 nobis
910 2517 987 2538 esse
1011 2517 1068 2549 ge—

92 2545 203 2583 mitus,
227 2551 358 2586 petenS,
382 2553 417 2578 ut
436 2546 530 2578 Deus
553 2558 594 2579 ex
617 2549 681 2580 ista
694 2549 874 2582 scintillula
887 2552 1068 2582 exsuscitet

92 2587 267 2626 flammam,
299 2595 331 2619 et
360 2590 449 2621 iuvet
472 2597 499 2621 et
525 2591 687 2632 provehat
717 2603 791 2624 neS.
841 2593 937 2624 Demi
965 2604 997 2624 es
1027 2597 1071 2625 ist

372 1946 555 2019 Utrumque
582 1948 717 1988 requirit
741 1946 952 1988 Copulativa:
976 1958 1072 1988 opor·
1098 1950 1099 1954 ’

940 2205 1013 2237 Das
1030 2206 1072 2236 ist
1097 2215 1099 2231 ἱ

1099 1170 1249 1216 ipulum,
1273 1182 1303 1205 et
1328 1175 1431 1213 multi,
1454 1177 1508 1217 qui
1533 1182 1779 1216 occupaverant
1804 1186 1917 1216 agros,
1941 1185 2044 1215 aegre
2062 1173 2106 1205 fe-

1100 1216 1103 1259 Ι
1126 1219 1244 1250 rebant
1267 1228 1306 1249 se
1328 1217 1461 1259 expelli.
1507 1217 1659 1260 Cogitate
1683 1228 1780 1259 quam
1805 1220 1847 1249 sit
1871 1228 1925 1248 res
1949 1217 2107 1256 difficilis,

1100 1266 1102 1297 Ι
1126 1268 1202 1301 post
1225 1261 1266 1292 70
1294 1272 1401 1293 annos
1429 1263 1604 1293 restituere
1632 1260 1778 1301 politiam
1814 1259 2009 1301 collapsam.
2055 1259 2104 1291 llli

1100 1308 1192 1335 !non
1226 1304 1391 1335 habebant
1421 1305 1595 1345 praesidia.
1653 1304 1707 1335 Da
1736 1309 1809 1345 sayt
1834 1304 1926 1335 Gott:
1958 1304 2026 1345 Eyo
2049 1314 2106 1334 ero

1099 1336 1102 1385 i
1124 1357 1234 1379 murus
1257 1348 1376 1389 tyneus.
1422 1348 1588 1379 Procedet
1611 1357 1706 1388 opus,
1731 1348 1891 1388 procedet
1910 1348 2106 1379 instauratio

1099 1389 1102 1442 ἱ
1125 1389 1267 1431 politiae.
1313 1390 1513 1426 Quomodo?
1558 1390 1634 1422 Non
1658 1392 1690 1421 (ἠ
1719 1391 1846 1428 robore,
1872 1392 2027 1428 evercitu,
2050 1391 2107 1421 ,sed

1099 1445 1103 1483 ι’
1125 1435 1158 1464 in
1181 1435 1301 1474 spirim
1323 1445 1400 1466 meo.
1447 1433 1538 1465 Talis
1563 1440 1615 1465 est
1637 1432 1792 1465 Ecclesia
1816 1435 1968 1466 omnibus
1984 1440 2105 1474 tempo-

1099 1508 1101 1518 Ι
1124 1478 1228 1508 ribus.
1277 1477 1367 1508 Deus
1390 1476 1488 1515 facit,
1517 1484 1552 1509 ut
1581 1477 1795 1509 minisierium
1824 1488 1891 1508 non
1915 1478 1957 1508 sit
1981 1475 2105 1515 inutile,

1125 1520 1185 1551 sed
1210 1519 1339 1551 efficax.

1211 1563 1293 1594 Man
1317 1563 1416 1604 darff
1432 1564 1519 1595 ἠιί-Ιιί
1541 1574 1578 1595 so
1598 1563 1795 1604 geziewkwu
1821 1563 1877 1595 lsti
1898 1572 1927 1594 et
1953 1564 2006 1594 isti
2030 1569 2106 1594 sunt

1124 1605 1288 1642 bellicosi,
1318 1606 1442 1638 habent
1475 1617 1616 1648 magnas
1652 1609 1750 1638 vires.
1798 1606 1995 1638 Omittamus
2030 1605 2106 1637 illas

1125 1648 1384 1690 speculationes,
1414 1656 1445 1681 et
1469 1651 1636 1681 discamus
1660 1649 1747 1681 hanc
1771 1650 1966 1687 doctrinam,
1992 1649 2107 1681 ssccta-

1124 1702 1197 1723 mus
1222 1693 1325 1723 corda
1348 1693 1389 1722 ad
1414 1694 1656 1733 poenitentiam.
1677 1699 1708 1723 ct
1732 1691 1841 1723 luccat
1865 1704 1944 1724 vera
1967 1693 2049 1723 {ides
2074 1692 2105 1722 in

1124 1735 1344 1768 invocatione,
1369 1743 1399 1765 et
1424 1737 1485 1776 piis
1510 1735 1638 1773 officiis,
1663 1742 1693 1766 et
1718 1737 1984 1766 connnendenms
2005 1736 2105 1776 lmpe-

1097 1786 1100 1821 χ
1125 1778 1173 1807 ria
1196 1776 1281 1808 Deo.
1329 1778 1475 1809 Pendeat
1508 1779 1603 1808 robis
1635 1778 1718 1808 fide-z
1748 1789 1787 1809 ex
1816 1780 2005 1819 praesentia
2034 1777 2104 1809 Filii

1126 1819 1188 1850 Dei
1218 1820 1248 1850 in
1272 1819 1438 1859 Ecclesia,
1462 1822 1516 1862 qui
1547 1822 1643 1852 dixit:
1679 1821 1803 1853 Portae
1832 1823 2010 1862 inferorum
2041 1832 2104 1853 non

1124 1864 1368 1903 praevalebunt.
1414 1864 1504 1902 Item,
1540 1865 1608 1905 1'2'92‘1
1640 1865 1798 1896 ‘vobiscum
1833 1876 1899 1896 sum
1933 1875 2032 1906 usque
2060 1865 2104 1896 ad

1098 1922 1100 1937 ι
1126 1907 1422 1938 conswmnationem
1451 1908 1558 1937 seculi.
1614 1907 1690 1938 Non
1725 1909 1865 1949 pendeat
1896 1919 1974 1948 spes
2006 1909 2104 1939 nobis

1126 1959 1167 1979 ex
1191 1950 1290 1980 rebus
1313 1949 1474 1981 humanis.
1511 1950 1584 1981 Das
1607 1952 1649 1982 ist
1674 1961 1733 1982 con
1756 1951 1826 1982 dem
1850 1952 1954 1983 dicto:
1981 1951 2046 1990 Qui
2057 1950 2103 1990 ef-

1123 1991 1201 2032 ficit,
1224 1996 1259 2022 ut
1282 1993 1398 2031 velitis,
1422 1997 1451 2024 et
1471 1994 1660 2035 perficiatis.

1211 2035 1373 2066 Darnaclz
1395 2040 1469 2077 sayt
1492 2046 1546 2067 er:
1586 2037 1629 2068 st
1657 2038 1725 2077 ipsi
1753 2037 1864 2078 aliqua
1890 2042 1992 2078 grata
2013 2037 2103 2079 fiant.

1131 2077 1236 2109 Unser
1260 2082 1326 2109 tert
1348 2079 1423 2110 hat.-
1446 2080 1534 2111 sicut
1557 2080 1617 2121 ipsi
1641 2079 1735 2111 libet:
1760 2080 1861 2112 daher
1879 2080 2104 2111 lmbenetlz‘clze

1097 2127 1100 2159 1
1119 2118 1293 2159 santasz‘rt,
1316 2121 1383 2162 lpsi
1406 2121 1496 2161 libet,
1520 2124 1550 2154 id
1575 2129 1638 2161 est,
1661 2123 1708 2154 Er
1730 2125 1831 2164 tzimpt
1853 2125 1942 2154 einen
1966 2133 2020 2161 (ιη,
2037 2124 2103 2154 und

1097 2203 1098 2207 Ἰ
1119 2162 1217 2206 srnyt
1239 2165 1326 2196 nicht
1348 2166 1411 2196 viel
1431 2166 1513 2197 nach
1537 2167 1600 2198 dir.
1647 2166 1771 2198 Textus
1796 2166 1861 2198 hoc
1887 2166 1955 2198 vult
1976 2167 2101 2198 dicere:

1124 2206 1218 2238 Deus
1248 2207 1317 2239 vult
1340 2219 1454 2240 omnes
1478 2209 1628 2240 homines
1652 2208 1770 2241 salvos
1793 2209 1917 2248 facere,
1951 2211 2010 2241 sed
2035 2220 2101 2241 non

1125 2260 1240 2282 omnes
1276 2252 1456 2292 accipiunt:
1492 2259 1523 2283 et
1548 2251 1592 2283 illi
1616 2254 1670 2294 qui
1694 2259 1896 2295 repugnant,
1925 2259 2003 2284 sunt
2036 2253 2100 2284 sibi

1096 2308 1098 2330 ι,
1124 2303 1245 2325 caussa
1268 2294 1425 2326 interitus.
1472 2295 1550 2326 ldeo
1573 2302 1681 2326 autem
1703 2302 1822 2332 vocat,
1846 2295 1963 2333 trahit,
1992 2302 2023 2326 et
2049 2302 2100 2327 est

1123 2335 1244 2368 efficax
1267 2338 1299 2368 in
1322 2348 1388 2369 non
1412 2339 1685 2380 repugnantibuS,
1714 2343 1748 2370 ut
1771 2340 1881 2380 aliqua
1910 2339 1977 2379 ipsi
1999 2343 2101 2379 grata

1121 2379 1219 2421 fiant:
1253 2381 1328 2422 quia
1347 2379 1440 2413 Deus
1464 2392 1529 2412 non
1554 2381 1624 2414 vult
1647 2392 1752 2423 genus
1775 2381 1951 2413 humanum
1974 2387 2100 2414 tantum

1122 2422 1165 2454 ad
1188 2433 1282 2455 suam
1306 2423 1537 2456 contumeliam
1561 2426 1727 2457 conditum
1750 2435 1845 2463 esse,
1875 2431 1905 2456 et
1929 2425 1971 2456 ad
1994 2432 2100 2456 aeter-

1121 2476 1198 2496 num
1232 2466 1373 2499 exitium.
1419 2466 1552 2509 Angeb,
1586 2469 1713 2499 etiamsi
1747 2468 1861 2509 partim
1891 2466 1976 2508 lapsi
2011 2473 2100 2505 sunt,

1122 2515 1229 2540 tamen
1252 2509 1363 2551 aliqua
1393 2521 1470 2551 pars
1500 2510 1574 2542 Deo
1597 2513 1711 2542 servit.
1757 2511 1813 2542 Sic
1832 2520 1947 2542 onmes
1971 2517 2098 2542 creatu-

1119 2562 1176 2583 rae
1199 2559 1276 2584 sunt
1307 2554 1339 2584 in
1363 2564 1484 2596 magno
1509 2555 1626 2592 abusu,
1656 2555 1764 2592 cibus,
1796 2564 1908 2595 potus,
1931 2552 2098 2591 mulieres,

1120 2595 1191 2633 viri,
1214 2601 1323 2627 tamen
1356 2595 1467 2638 aliqua
1501 2607 1540 2628 ex
1573 2603 1667 2638 parte
1691 2596 1763 2628 Deo
1799 2597 1957 2629 serviunt.
2005 2596 2097 2628 Multi

92 2631 178 2663 nicht
189 2631 360 2673 veryebens
380 2634 510 2674 yeredt:
533 2633 637 2666 Dabit
647 2637 836 2676 petentibus.
854 2637 946 2674 Item,
961 2636 1067 2666 Petite
1091 2642 1094 2666 i
1118 2644 1194 2669 sunt
1215 2638 1424 2678 idololatrae,
1447 2640 1632 2681 Epicuraei,
1656 2640 1850 2679 homicidae,
1865 2638 2097 2681 adulteri,pol-
