2343 2970
179 129 242 162 951

180 222 286 256 voluit
313 224 379 255 texi
406 233 540 256 nervos.
587 224 630 257 Et
663 230 740 256 sunt
767 223 928 256 mirabilia
958 235 1062 266 opera
1085 225 1161 264 Dei,

180 278 267 309 quae
290 267 506 299 considerare
535 268 712 307 debemus,
739 274 774 298 ut
809 268 993 309 cogitemus
1022 269 1063 300 de
1085 267 1159 300 Dec

178 309 310 352 opifice,
335 317 366 342 et
388 309 660 353 magnifaciamus
679 309 745 342 hoc
757 310 935 352 opificium,
957 322 1021 344 nec
1037 318 1159 344 temere

179 352 354 386 violemus.

266 397 305 426 1η
334 397 538 427 testimonium
559 397 652 435 ipsis]
686 395 798 428 Iudico
827 395 912 429 hanc
937 407 1013 429 esse
1036 397 1159 439 simpli-

180 440 347 472 cissimam
381 440 634 480 expositionem,
667 439 699 470 id
733 445 795 477 est,
829 447 864 471 ut
889 441 932 471 sit
955 441 1006 472 ius
1029 452 1156 479 eorum,

180 484 258 526 quia
281 483 501 514 testimonium
525 492 628 523 saepe
650 483 738 524 apud
766 484 857 524 ipsos
883 493 943 524 pro
963 482 1039 525 lege
1062 493 1157 516 usur·

178 532 288 568 patur,
311 526 371 555 slas
394 527 449 555 wir
471 525 695 565 yereclztiylfeit
717 536 843 555 vennen-
876 525 911 557 ln
934 527 1157 559 testimonium

178 569 262 611 ipsis
285 569 337 608 qil,
361 569 422 599 den
441 570 597 608 prin-rtem
620 568 687 600 1¹}2re
708 569 944 609 yerecletigylceit.

267 611 410 643 Primum
434 619 542 644 autem
566 611 620 643 hic
643 612 817 645 dicendum
846 619 908 652 est,
937 611 1035 655 quale
1056 612 1157 645 suerit

180 653 325 686 officium
343 654 521 688 Iudaicum.
566 654 737 687 Abraham
760 654 819 687 suit
843 656 1003 690 medicus,
1027 655 1082 687 kat
1107 658 1156 686 ein

178 702 234 738 yut
256 698 445 738 ltandweryk
467 698 592 738 yeliubt,
615 698 744 728 darumb
772 698 827 729 hat
857 709 891 728 cr
920 701 967 729 eiu
992 701 1083 729 zutrit
1106 709 1157 739 ye-

178 741 254 771 habt
276 752 311 771 za
331 751 461 780 =(Ji-ossen
483 741 599 772 herren.
637 741 840 774 Sacerdotes
863 743 951 784 apud
973 744 1066 783 ipsos
1089 742 1158 775 sue-

177 791 255 816 runt
276 783 442 827 Theologi
465 791 497 816 et
521 783 658 821 Medica
682 786 731 816 sic
755 786 853 817 etiam
876 787 948 817 sine
971 786 1071 818 dubio
1084 785 1156 818 Noe

178 826 240 860 suit
263 828 388 869 peritus
412 828 491 858 artis
515 828 676 866 medicae,
699 834 730 859 et
752 827 869 870 reliqui
892 834 1013 870 patres,

265 870 336 905 Abi,
360 871 488 900 ostende
511 875 541 901 te
568 870 730 902 sacerdoti
751 876 781 901 et
804 872 885 912 offer
912 877 1029 911 munus]
1059 871 1157 904 Mittit

178 914 278 946 istum
302 914 480 946 curandum
505 915 548 946 ad
572 914 786 953 Sacerdotes,
816 921 852 947 ut
881 915 1034 947 exhibeat
1058 916 1157 947 usita-

177 963 246 989 tum
269 957 400 989 donum.
446 957 486 988 Et
509 958 562 988 hic
585 957 806 999 significatum
830 965 891 994 est,
911 957 1077 990 Christum
1090 968 1157 990 non

178 998 268 1032 veile
301 1001 447 1032 adimere
480 1001 552 1032 iura
586 1001 694 1032 debita
728 1002 928 1040 ministerio,
962 1001 1056 1034 Deus
1086 1001 1157 1034 vult

177 1044 359 1076 ministerio
387 1043 522 1075 attribui
544 1054 685 1082 merceS,
709 1045 793 1076 sicut
824 1043 948 1077 Paulus
971 1045 1029 1077 ait:
1057 1045 1156 1076 Nemo

178 1088 245 1116 siue
267 1087 407 1118 obsoniis
426 1087 550 1117 militat.
576 1086 715 1117 Obsonia
738 1094 902 1120 vocantur
921 1088 1055 1120 cibaria.
1080 1088 1156 1121 ldeo

178 1136 288 1162 autem
311 1130 465 1162 dicuntur
488 1131 662 1171 stipendia,
705 1131 758 1162 uia
776 1129 853 1163 olim
865 1129 924 1163 fuit
936 1132 1158 1170 consuetudo,

179 1179 215 1205 ut
236 1173 445 1211 frumentum,
469 1183 587 1206 carnes
611 1180 643 1206 et
667 1141 720 1206 :gii
743 1174 872 1207 fructus
896 1175 1055 1207 darentur
1077 1173 1158 1207 mili-

178 1216 278 1249 tibus.

264 1259 376 1292 Docet
398 1260 495 1301 igitur
524 1259 579 1292 hic
607 1259 717 1299 locus,
752 1261 841 1303 quod
875 1259 961 1293 filius
989 1260 1055 1293 Dei
1078 1260 1159 1293 velit

176 1303 312 1335 attribui
334 1304 515 1335 ministerio
538 1305 730 1342 mercedes,
757 1314 820 1336 nec
849 1305 1026 1346 quicquam
1048 1305 1077 1335 ei
1102 1305 1158 1336 de-

176 1345 398 1379 fraudandum
422 1357 510 1379 esse.
555 1346 627 1379 Tali
650 1346 790 1379 consilio
813 1348 903 1379 initio
927 1358 1069 1390 magnae
1084 1348 1158 1380 sun·

178 1390 329 1422 dationes
365 1391 566 1423 constitutae
600 1396 694 1430 sunt,
733 1391 793 1423 sed
827 1397 957 1433 tempus
998 1391 1158 1433 depravat

177 1433 274 1466 etiam
298 1435 420 1465 bonum
444 1435 602 1466 ordinem.

264 1476 393 1509 Videtis
417 1483 450 1509 et
471 1476 538 1509 hoc
559 1476 635 1509 loco
665 1477 865 1509 mentionem
887 1477 959 1510 fieri
980 1476 1155 1510 miraculo-

176 1532 261 1560 rum,
285 1522 327 1553 de
350 1522 469 1563 quibus
481 1520 559 1553 alibi
579 1521 747 1562 copiosius
761 1519 962 1562 explicatum
975 1527 1036 1552 est.
1058 1520 1156 1552 Nunc

176 1565 348 1597 veniamus
372 1565 415 1595 ad
438 1570 564 1596 textum
587 1563 771 1606 Evangelii,
796 1573 893 1605 quem
915 1564 948 1595 in
972 1570 1048 1596 octo
1060 1574 1154 1605 prae-

177 1608 293 1650 cipuos
315 1606 413 1639 locos
438 1608 682 1640 distribuemus.

263 1651 422 1682 Primus
446 1649 565 1683 locus
586 1650 682 1682 huius
695 1649 867 1693 Evangelii
879 1651 1034 1691 proponit
1046 1659 1155 1681 exem-

175 1693 266 1737 plum
286 1694 416 1736 pietatis
445 1695 477 1725 in
511 1695 608 1726 turba
637 1699 796 1736 sequente
828 1692 994 1725 Christum
1027 1693 1069 1725 ad
1098 1703 1154 1724 au-

178 1738 330 1770 diendam
355 1737 537 1769 doctrinam
556 1736 739 1779 Evangelii.
785 1736 915 1768 Primus
934 1737 1018 1768 enim
1043 1734 1154 1768 cultus

177 1787 228 1813 est
252 1781 366 1811 audire
389 1781 538 1819 verbum,
561 1781 638 1812 inde
660 1780 743 1811 fides
766 1781 926 1821 sequitur,
954 1785 990 1811 ut
1012 1779 1153 1811 Roman.

177 1824 244 1862 ΠΟ,
270 1824 351 1862 17.]:
376 1824 473 1853 Fides
496 1828 542 1854 est
565 1834 605 1852 ea:
629 1823 749 1854 auditu.
786 1823 847 1854 Est
870 1823 955 1854 enim
978 1822 1062 1854 fides
1086 1821 1153 1854 iru-

177 1874 270 1905 ctus,
300 1867 354 1908 qui
385 1868 533 1909 sequitur
560 1867 714 1898 auditum.
760 1866 893 1898 Debent
915 1865 1013 1907 igitur
1037 1875 1152 1898 omnes

177 1910 221 1952 pii
243 1909 309 1942 hoc
332 1909 516 1951 exemplum
540 1909 723 1942 transferre
745 1909 787 1941 ad
809 1920 904 1941 suum
929 1907 1091 1947 officium,
1119 1914 1154 1940 ut

178 1958 327 1985 statuant
348 1954 411 1984 sibi
434 1954 518 1985 idem
544 1964 675 1995 quoque
699 1952 887 1984 faciendum
910 1962 997 1990 esse,
1020 1962 1083 1983 nec
1104 1951 1153 1984 ul-

178 1994 242 2028 lam
266 1996 364 2027 fidem
388 1996 459 2027 sine
484 1997 670 2037 cognitione
694 1996 788 2028 verbi
810 2002 1042 2027 assecuturum
1065 2005 1153 2026 esse.

265 2039 480 2071 Secundus
508 2039 627 2070 locus
662 2045 713 2070 est
743 2040 783 2070 de
812 2039 999 2070 discrimine
1026 2039 1154 2080 petitio-

178 2092 268 2113 num.
312 2080 409 2112 Aliae
432 2083 517 2113 enim
540 2082 658 2113 liabent
684 2083 882 2114 mandatum,
906 2088 941 2112 ut
965 2082 1154 2113 nominatim

180 2132 214 2156 et
236 2124 429 2166 simpliciter
461 2131 623 2166 petantur.
672 2125 766 2156 Aliae
800 2124 920 2155 habent
956 2117 1183 2164 mandatumst

178 2174 215 2199 ut
239 2178 311 2199 cum
336 2168 523 2198 conditione
546 2174 708 2208 petantur,
732 2175 765 2199 ut
790 2168 1017 2199 remissionem
1040 2177 1155 2208 pecca-

179 2217 299 2248 torum,
336 2211 544 2242 donatiouem
580 2211 721 2252 Spirixus
745 2212 851 2242 sancti
886 2219 916 2242 et
941 2212 1027 2241 ritae
1052 2216 1154 2241 aeter-

179 2264 243 2285 nae
267 2255 338 2284 sine
360 2253 427 2286 ulla
441 2254 627 2285 conditione
645 2261 806 2294 petamus,
830 2261 859 2285 et
875 2253 939 2284 fide
958 2260 1155 2291 statuamus,
1182 2285 1184 2297 ,Α

180 2298 271 2339 quod
293 2296 377 2328 haec
411 2298 509 2327 nobis
545 2298 749 2338 contingant,
785 2298 812 2328 si
836 2297 1010 2328 credamus
1035 2298 1156 2331 verbm
1182 2307 1184 2339 j

179 2347 280 2382 atque
303 2351 430 2371 summa
454 2341 603 2381 impietas
626 2348 675 2371 est
700 2340 783 2372 haec
807 2350 881 2371 cum
900 2341 1089 2373 conditione
1102 2350 1156 2380 pe-

180 2388 261 2415 tere.
308 2385 340 2415 In
365 2382 437 2414 aliis
465 2394 551 2420 xero,
580 2389 615 2415 ut
638 2384 670 2414 in
694 2384 794 2415 rebus
818 2382 1058 2424 corporalibus,
1084 2394 1157 2414 cum

182 2426 371 2458 conditione
388 2433 558 2467 petamus3
587 2437 653 2458 non
677 2427 761 2458 enim
787 2427 944 2457 debemus
968 2426 1041 2458 Deo
1064 2436 1157 2468 prae-

181 2470 332 2502 scribere
364 2471 493 2501 modum
530 2476 585 2501 aut
620 2476 766 2511 tempus,
803 2467 913 2500 locum
942 2476 970 2499 et
998 2471 1157 2502 rationem

181 2511 338 2545 auxilium
361 2514 459 2543 nobis
483 2512 625 2551 ferendi;
648 2513 706 2545 scd
732 2513 889 2544 debemus
913 2513 1159 2545 eurninvocare

183 2562 216 2587 et
239 2556 347 2590 omnia
370 2557 409 2587 ad
430 2555 633 2587 voluntatem
653 2556 724 2587 eius
747 2556 894 2588 reiicere.
940 2555 996 2587 Sic
1018 2566 1081 2587 nos
1105 2556 1159 2587 do-

820 130 929 163 PfflL.
953 130 1057 163 MEL.
1080 130 1268 164 Sc-RtPTA
1291 131 1555 165 EXEGEthA.

1183 2435 1185 2447 ⁴
1212 2432 1337 2468 serpat,
1371 2436 1437 2458 non
1472 2423 1624 2466 probibet
1654 2425 1856 2456 curationem
1885 2423 2002 2454 morbi.

183 2604 237 2631 cet
258 2599 290 2630 in
314 2600 410 2631 tertia
432 2599 588 2640 petitione
608 2600 766 2631 orationis
792 2598 989 2630 dominicae:
1014 2599 1086 2628 Fiat
1112 2609 1159 2628 vo-

2126 136 2191 170 952

1212 226 1319 257 luntas
1352 230 1406 256 tua
1440 233 1504 259 etc.
1553 226 1630 260 Vult
1664 229 1750 260 enim
1774 228 1869 260 Deus
1904 229 1935 260 in
1965 228 2018 261 his
2040 232 2190 264 exerceri

1212 269 1310 302 fidem
1333 275 1493 309 nostram,
1527 277 1560 302 et
1590 277 1698 303 tamen
1720 272 1895 311 petendam
1918 281 1995 304 esse
2018 274 2189 316 mitigatio—

1211 323 1297 345 nem.
1343 312 1392 344 lta
1425 312 1500 345 Deo
1532 324 1693 346 summum
1721 314 1882 347 honorem
1907 315 2092 356 tribuimus,
2116 326 2189 350 cum

1211 367 1285 389 eum
1307 357 1515 395 invocamus,
1539 362 1698 389 ettamen
1722 367 1785 389 nos
1808 358 1911 398 ipsius
1935 357 2098 391 voluntati
2113 360 2190 392 sub-

1210 400 1350 437 ficimus,
1374 400 1430 440 qui
1453 400 1528 438 scit,
1551 408 1715 442 quatenus
1738 410 1801 432 nos
1825 401 1939 434 audire
1962 402 2093 440 debeat,
2127 413 2190 440 pro

1211 452 1273 474 sua
1295 442 1457 484 sapientia
1482 449 1515 474 et
1538 443 1668 475 iudicio.
1703 443 1802 475 Fides
1824 454 1890 476 non
1914 450 2040 477 tantum
2065 441 2189 485 statim,

1210 486 1301 527 quod
1322 484 1417 517 Deus
1441 496 1507 517 non
1531 486 1639 527 possit
1661 484 1816 525 liberare,
1839 488 1899 519 sed
1923 488 2012 529 quod
2025 489 2120 521 etiam
2133 497 2190 522 ve-

1210 528 1258 560 lit.
1304 528 1418 570 ltaque
1443 539 1517 560 cum
1541 530 1682 571 petimus
1707 528 1905 570 corporalia,
1924 541 2008 572 quae
2021 533 2119 564 etiam
2130 531 2189 564 ha·

1210 573 1288 604 bent
1320 572 1511 604 mandatum
1544 572 1705 611 divinum,
1750 571 1850 604 veluti
1887 571 2112 606 liberationem
2145 575 2188 608 ab

1209 613 1456 654 afflictionibus,
1488 625 1571 657 quas
1601 614 1695 647 Deus
1728 616 1865 657 imponit
1893 616 1935 648 ad
1968 617 2189 651 exercendam

1209 658 1321 689 fidem:
1345 659 1504 690 debemus
1535 664 1681 691 statuere
1710 665 1846 691 nostras
1874 669 1994 701 preces
2017 659 2091 692 Deo
2114 670 2189 703 gras-

1208 706 1262 733 tas
1285 711 1371 739 esse,
1407 708 1438 732 et
1461 699 1550 733 velle
1572 712 1647 734 eum
1669 702 1766 734 nobis
1789 701 1911 744 aliquid
1947 708 2130 744 praestare,
2159 704 2189 736 si

1208 754 1275 776 non
1295 743 1375 776 illud
1398 744 1522 785 ipsum,
1551 746 1639 787 quod
1668 746 1822 786 petimuS,
1847 752 1956 777 tamen
1979 745 2081 784 aliud,
2099 746 2188 787 quod

1209 787 1330 819 iudicet
1357 787 1454 818 nobis
1472 789 1640 829 ‘optimum
1665 797 1754 822 esse,
1790 790 1876 820 sicut
1911 787 2066 821 Christus
2087 795 2187 821 testa-

1209 836 1279 867 tur3
1301 830 1338 859 Si
1358 834 1452 869 paler
1474 831 1646 861 mundanus
1676 831 1733 860 dat
1757 842 1813 861 suo
1832 831 1898 870 filio
1921 832 2013 871 bona,
2038 842 2117 872 quae
2135 842 2189 872 po-

1211 875 1259 909 tit,
1283 877 1399 913 quanto
1422 875 1523 913 magis
1542 878 1636 915 pater
1660 874 1803 906 coelestis
1832 875 1921 905 dabit
1944 875 2040 907 utilia
2055 877 2189 915 petena-

1210 917 1277 946 bus!
1324 917 1456 948 interim
1487 917 1516 947 si
1544 917 1639 950 Deus
1663 927 1761 959 opem
1784 917 1926 956 differat,
1951 918 2110 951 debemus
2131 928 2188 960 par

1210 960 1329 992 tienter
1352 966 1542 1001 expectare,
1575 967 1607 992 et
1643 959 1745 992 nihilo
1775 961 1883 993 minus
1914 962 2050 993 assidue
2073 967 2188 1003 petere

1211 1014 1285 1036 cum
1309 1002 1431 1035 fiducia
1453 1004 1611 1035 bonitatis
1633 1003 1708 1042 Dei,
1738 1009 1771 1035 ct
1793 1014 1856 1035 nos
1884 1005 2051 1037 subiicere
2072 1003 2188 1037 volum-

1210 1047 1268 1078 tati
1287 1046 1426 1078 divinae.
2176 1072 2178 1075 ,

1296 1088 1438 1121 Tertio
1472 1095 1703 1131 proponuntur
1737 1090 1803 1121 hoe
1836 1088 1913 1122 loco
1943 1090 2008 1122 duo
2038 1088 2189 1131 exempla

1210 1132 1299 1171 fidei,
1332 1131 1472 1164 alterum
1506 1133 1539 1163 in
1574 1131 1725 1173 leproso,
1760 1132 1899 1164 alterum
1928 1133 1959 1164 in
1984 1133 2188 1171 centurione,

1211 1186 1351 1218 quorum
1374 1182 1513 1217 uterque
1536 1176 1655 1207 auditis
1679 1175 1859 1214 miraculis,
1889 1177 1994 1208 credit
2012 1185 2085 1208 eum
2109 1185 2188 1209 vere

1211 1229 1289 1251 esse
1316 1218 1492 1255 messiam,
1521 1225 1554 1250 et
1577 1219 1621 1251 ad
1648 1217 1829 1251 salvandos
1858 1219 2011 1251 homines
2041 1219 2188 1252 venisse

1210 1262 1356 1305 Ideoque
1390 1272 1463 1294 eum
1492 1262 1629 1295 invocat
1658 1273 1732 1295 cum
1765 1272 1825 1304 spe
1854 1268 1886 1294 et
1915 1262 2037 1294 fiducia
2066 1260 2189 1300 auxilii,

1211 1306 1298 1338 sicut
1320 1315 1383 1337 nos
1406 1315 1539 1347 quoque
1561 1305 1594 1337 in
1619 1306 1770 1338 omnibus
1794 1305 2052 1338 necessitatibus
2074 1304 2189 1338 faeere

1211 1349 1380 1381 debemus.

1297 1392 1452 1428 Quarto
1475 1391 1673 1432 proponitur
1695 1391 1847 1423 doctrina
1871 1391 1912 1423 de
1923 1390 2188 1425 sanctificatione

1209 1436 1341 1467 sabbati
1373 1440 1405 1465 et
1434 1444 1496 1465 usu
1528 1433 1630 1476 legis,
1671 1433 1826 1466 videlicet
1860 1434 1948 1476 quod
1980 1433 2189 1466 ceremoniae

1209 1479 1353 1510 debeant
1376 1477 1496 1509 cedere
1518 1475 1637 1508 officiis
1662 1476 1843 1508 charitatis.
1888 1476 1950 1508 Est
1977 1477 2076 1518 igitur
2097 1477 2130 1507 in
2153 1474 2188 1508 il.-

1208 1520 1250 1554 lis
1281 1520 1497 1554 concedenda
1525 1520 1690 1562 quaedam
1723 1520 1943 1561 dispensatio,
1973 1519 2130 1551 videlicet
2155 1519 2188 1553 iu

1209 1566 1291 1597 casu
1324 1563 1549 1601 necessitatis,
1582 1563 1734 1603 proximi,
1768 1568 1802 1594 et
1834 1563 1867 1594 in
1896 1572 1977 1594 casu
2011 1561 2188 1595 testimonii

1208 1608 1401 1640 divinitatis·
1447 1606 1537 1638 Sicut
1560 1605 1714 1638 Christus
1736 1605 1792 1637 hic
1809 1606 1843 1637 in
1866 1606 2006 1637 sabbato
2025 1611 2123 1636 sonat
2144 1603 2188 1636 le-

1207 1661 1356 1693 prosum,
1385 1659 1585 1691 quamquam
1608 1649 1759 1681 actiones
1784 1647 1979 1690 corporales
2002 1646 2188 1689 prohibitae

1207 1700 1302 1727 erant
1324 1694 1357 1724 in
1381 1693 1534 1730 sabbato,
1562 1693 1633 1734 ipse
1662 1697 1771 1724 tamen
1796 1691 1898 1723 violat
1920 1690 2029 1733 legem
2052 1695 2188 1732 propter

1207 1736 1352 1770 officium
1367 1736 1549 1773 charitatis,
1562 1742 1594 1767 et
1607 1742 1658 1767 est
1671 1745 1756 1776 opus
1768 1734 2003 1772 confessionis,
2016 1743 2082 1775 quo
2093 1743 2188 1766 suam

1207 1781 1400 1823 dignitatem
1428 1777 1560 1820 publice
1591 1779 1718 1811 cessari
1747 1776 1884 1810 nolebat
1917 1777 1958 1809 ad
1987 1776 2184 1809 confirman-

1207 1825 1283 1856 dam
1302 1823 1400 1855 fidem
1423 1822 1563 1863 piorum.

1621 1899 1786 1931 Obiectio.

1336 1961 1452 1989 facere
1477 1963 1585 1989 ronti-a
1610 1959 1704 1998 leyem
1729 1963 1774 1988 est
1789 1961 1960 1997 peccalum.

1339 2003 1482 2034 Christus
1515 2004 1674 2042 attingens
1709 2001 1861 2041 leprosum
1892 2002 1974 2039 far-it
2004 2003 2113 2029 eontra
2144 1998 2186 2028 la.

1340 2057 1595 2129 Erqy‘znk'lnistns
1615 2092 1736 2127 peceat.

1295 2167 1496 2209 Respondeo
1519 2167 1562 2197 ad
1585 2165 1754 2197 Maiorem.
1800 2164 1848 2196 Ea
1868 2164 2007 2196 concedi
2025 2167 2134 2204 potest
2147 2162 2188 2193 de

1209 2211 1262 2249 iis,
1297 2211 1340 2242 ad
1371 2220 1455 2251 quos
1489 2210 1629 2250 pertinet
1661 2207 1733 2243 lex5.
1764 2208 1823 2239 sed
1855 2208 1897 2239 ad
1929 2207 2097 2238 Christum
2121 2214 2187 2237 non

1209 2255 1352 2295 pertinet
1373 2252 1427 2285 iex
1449 2251 1505 2283 illa
1529 2253 1570 2283 de
1594 2262 1660 2283 non
1684 2251 1885 2293 attingendis
1904 2250 2056 2291 leprosis.
2102 2246 2188 2281 Mes·

1210 2298 1279 2329 sias
1303 2297 1388 2330 enim
1419 2302 1491 2327 erat
1512 2294 1676 2327 Dominus
1711 2294 1796 2335 legis
1831 2300 1862 2324 et
1892 2294 2084 2335 abrogator.
2130 2290 2189 2326 Sef-

1211 2341 1322 2372 cundc
1345 2339 1532 2381 respondeo
1558 2339 1599 2369 ad
1623 2337 1795 2369 Minorem.
1841 2337 1910 2368 Eex
1933 2336 2087 2377 prohibet
2111 2344 2189 2366 cone

1212 2386 1444 2416 trectationem
1467 2380 1582 2422 leprae
1604 2381 1670 2412 hoc
1694 2380 1771 2419 fine,
1799 2390 1841 2412 ne
1863 2381 2001 2411 morbus
2023 2377 2122 2410 latius
2145 2377 2190 2409 in-

2048 2419 2189 2452 Moralia

1211 2477 1287 2501 sunt
1312 2468 1526 2502 anteferenda
1550 2465 1834 2499 ceremonialibus.
1871 2464 2007 2498 Curatio
2030 2470 2083 2496 est
2105 2472 2190 2504 opus

1213 2513 1357 2544 divinum
1381 2512 1577 2549 immediate,
1613 2519 1644 2541 et
1667 2520 1750 2552 opus
1774 2519 1875 2552 supra
1898 2508 2025 2550 legenu
2059 2505 2114 2539 lex
2134 2515 2190 2539 au-

1213 2562 1276 2588 tem
1300 2566 1367 2587 non
1392 2561 1443 2586 est
1469 2553 1555 2592 lata,
1585 2560 1620 2585 ut
1651 2553 1805 2594 impediat
1835 2562 1938 2593 opera
1962 2551 2034 2582 Dei.
2081 2549 2190 2584 Oseus

1214 2600 1307 2631 dicit:
1349 2598 1426 2628 Volo
1461 2598 1621 2627 aientium
1652 2596 1715 2626 Dei
1745 2601 1775 2626 et
1804 2594 2058 2626 mesericordiam.
2110 2592 2190 2624 Pro-
