2374 2985
158 203 180 234 9

159 297 233 329 aliis
261 296 402 334 maiora,
429 297 460 327 in
491 294 564 327 aliis
588 294 728 327 minora:
762 295 829 326 Sed
853 295 949 326 debet
979 305 1135 326 crescere

159 342 190 372 in
224 337 374 381 singulis.
430 338 536 370 Homo
571 339 669 369 debet
703 337 883 379 proficere,
923 343 955 369 et
995 338 1134 369 subinde

160 385 258 416 debet
281 392 434 413 crescere
457 380 514 412 illa
537 382 685 419 novitaS,
715 381 800 411 ¹sicut.
824 379 900 411 alibi
925 381 1042 422 inquit:
1071 383 1134 412 lla-

158 428 247 459 benti
267 425 406 457 dabitur.
452 424 510 455 llle
533 424 692 465 proficiet,
716 424 770 465 qui
794 424 894 455 habet
917 423 1000 454 haec
1028 424 1133 454 initia:

158 470 222 505 Qui
251 478 315 499 non
350 467 460 506 habet,
492 477 553 498 nec
587 466 656 498 vult
689 467 830 498 retinere
865 466 930 497 hoc
963 465 1133 504 talentum,

159 512 247 554 quod
281 510 398 548 habet,
434 511 588 550 eripietur
623 510 662 540 ei.
718 509 791 540 Hoc
825 510 909 540 bene
943 510 1133 540 observate.

156 555 233 587 Non
257 553 338 585 fiunt
361 553 418 585 illa
447 554 569 591 subito,
594 558 626 584 et
648 551 765 583 semel.-
799 552 938 592 Oportet
971 552 1134 584 accedere

158 598 335 636 exercitia,
358 604 388 628 et
413 603 591 637 propterea
611 594 762 626 Ecclesia
785 601 837 626 est
861 596 1011 626 subiecta
1036 595 1136 632 cruci,

157 647 192 672 ut
212 642 244 672 in
268 651 307 671 ea
330 646 459 672 crescat
484 639 577 677 fides,
614 638 791 675 invocatio,
815 648 906 679 speS‚
936 637 1079 676 dilectio,
1104 644 1136 668 et

157 683 242 715 aliae
264 684 414 715 virtutes.

246 726 328 757 Cum
351 727 449 766 igitur
470 724 568 755 homo
593 729 643 754 est
665 724 771 754 iustus
807 723 889 761 fide,
923 730 956 755 et
978 729 1135 764 acceptus

157 775 295 811 propter
318 767 433 800 Filium
456 767 531 805 Dei,
560 767 665 803 (cuius
694 765 892 797 sacrificium
923 765 1032 807 placat
1055 767 1135 797 iram

158 813 284 844 aeterni
310 811 432 848 Patris,
467 810 575 851 etqui
610 808 753 849 implevit
786 807 895 851 legem
929 820 988 850 pro
1024 810 1134 841 nobis)

159 862 226 887 tum
250 855 347 896 igitur
370 853 479 893 incipit
508 851 603 883 simul
627 851 797 888 vivificari,
833 858 864 882 et
898 853 1014 884 vivens
1045 859 1135 882 certe

160 899 255 929 debet
285 896 408 927 habere
442 896 603 927 actiones.
661 894 721 925 llic
756 904 871 925 rursus
896 895 937 926 de
960 894 1016 926 illa
1039 895 1136 926 disci-

158 939 247 982 plina
272 939 483 980 cogitandum
508 944 576 976 est,
610 938 641 968 in
671 947 735 978 qua
765 937 863 968 homo
886 938 1017 970 iuvatur
1039 939 1136 969 etiam

159 994 179 1014 a
202 983 322 1023 Spiritu
347 988 474 1012 sancto.
531 981 571 1012 Et
602 980 842 1011 consideranda
871 988 923 1012 est
946 981 1136 1022 magnitudo

159 1025 352 1057 infirmitatis
376 1030 522 1062 nostrae,
553 1030 583 1055 et
606 1023 727 1054 suroris
751 1022 899 1054 Diaboli:
934 1024 1136 1055 Discendum

159 1075 221 1106 est,
246 1068 332 1110 quod
357 1066 530 1109 disciplina
553 1077 618 1098 non
636 1065 768 1107 placeat
790 1066 862 1097 sine
886 1067 959 1097 tide.
996 1067 1136 1102 Quando

159 1118 265 1143 autem
299 1112 362 1141 iam
386 1110 448 1141 fide
472 1121 585 1142 sumus
610 1110 722 1140 inserti
746 1108 828 1139 Filio
852 1109 932 1147 Dei,
967 1116 999 1140 et
1023 1120 1135 1140 sumus

160 1154 270 1186 donati
294 1154 436 1194 Spiritus
460 1159 596 1189 saneto,
632 1158 699 1183 tum
727 1150 992 1194 simulregimur
1014 1153 1136 1192 Spiritu

161 1203 290 1235 sancto,
315 1203 346 1227 et
368 1196 528 1226 habemus
552 1195 699 1226 actiones
723 1204 840 1232 novas,
876 1196 994 1236 quilius
1030 1196 1136 1226 frena-

161 1247 212 1271 tur
235 1239 445 1276 locomotiva,
469 1245 497 1269 et
524 1239 647 1280 regitur
671 1243 806 1268 externa
829 1238 1013 1278 disciplina,
1038 1245 1068 1269 ct
1091 1239 1134 1268 ita

161 1284 264 1314 renati
290 1280 404 1313 meiius
428 1289 565 1322 possunt
589 1279 793 1320 disciplinam
818 1288 998 1320 praestare.

247 1326 323 1356 ldeo
343 1335 404 1355 vos
429 1323 673 1360 adolescentes,
687 1324 813 1353 debetis
838 1324 1040 1364 coniungere
1059 1324 1135 1361 ista,

160 1367 256 1398 fidem
280 1365 535 1408 praelucentem,
555 1377 620 1407 qua
643 1365 796 1397 statuatis
821 1376 882 1396 vos
904 1365 1037 1407 placere
1061 1366 1133 1396 Deo

159 1418 295 1452 propter
319 1408 424 1441 solum
449 1408 636 1446 Clu-istum,
671 1419 736 1439 non
760 1415 895 1449 propter
918 1416 1065 1440 nostram
1090 1409 1134 1439 ‹li-

160 1454 331 1495 gnitatem:
366 1451 495 1482 Deinde
518 1453 614 1483 etiam
639 1451 794 1493 Spiritum
819 1457 986 1491 sanctum,
1023 1453 1134 1484 datum

161 1496 382 1532 credentibus,
405 1504 465 1525 seu
489 1495 673 1532 conversis,
698 1504 764 1525 non
784 1499 819 1524 ut
842 1495 884 1525 sit
904 1496 1051 1533 otiosus,
1074 1495 1134 1525 scd

158 1544 194 1571 ut
215 1545 374 1580 repugnet
397 1536 489 1568 malis
513 1537 698 1576 affectibus,
721 1542 752 1567 et
774 1537 863 1568 iuvet
886 1548 948 1568 nos
968 1539 998 1569 in
1019 1549 1136 1580 regen-

160 1582 202 1613 da
225 1580 407 1622 disciplina.
454 1580 525 1612 Huc
550 1581 693 1622 pertinet
719 1581 838 1611 dictum
863 1580 968 1612 Pauli:
993 1581 1136 1613 Sim-tio-

159 1635 218 1657 nes
239 1628 348 1656 carnis
376 1625 645 1662 mortificaveritis
678 1624 814 1663 Spiritu,
837 1627 956 1655 cloelis.
1003 1626 1136 1664 Sps‘rz'lzc,

159 1668 276 1708 inquit:
310 1668 342 1698 id
376 1672 438 1704 est,
474 1667 596 1707 Spiritu
631 1673 748 1698 sancto
779 1674 933 1698 movente
963 1678 1025 1698 nos
1050 1669 1136 1698 veris

159 1711 301 1741 motibus
325 1708 561 1751 spiritualibus,

246 1753 297 1782 An
322 1752 479 1783 Socrates
504 1753 587 1794 regit
610 1752 844 1789 locomotivam
863 1752 1005 1792 spiritu?
1050 1753 1135 1784 Non.

159 1795 211 1826 An
253 1793 376 1825 Paulus
411 1794 541 1826 dicens:
577 1795 744 1834 ὑπωπιάζω
769 1794 800 1824 τό
825 1795 913 1834 σῶμά
938 1796 1018 1835 pov?
1074 1796 1136 1827 lta:

160 1837 348 1879 Disciplina
373 1835 464 1868 Pauli
489 1843 540 1867 est
563 1836 662 1879 longe
687 1837 911 1875 excellentior,
945 1849 1040 1879 quam
1076 1839 1136 1869 So-

161 1882 272 1911 cratis.
320 1879 441 1910 Paulus
477 1880 599 1911 resistit
633 1879 788 1917 Diabolo,
811 1881 934 1911 resistit
960 1881 1135 1912 infirmitati

159 1922 309 1954 naturali.
365 1923 421 1953 Sic
444 1929 475 1953 et
499 1933 561 1954 nos
585 1929 714 1963 oportet
733 1923 890 1953 resistere
914 1922 1069 1961 Diabolo,
1105 1931 1136 1955 et

159 1966 334 1998 infirmitati
358 1964 509 1996 naturali.
555 1965 634 1996 Sola
665 1967 746 1997 ratio
771 1965 913 1996 humana
943 1977 1007 1997 non
1039 1967 1136 1997 habet

158 2015 281 2041 tantum
305 2009 416 2045 robur,
440 2015 474 2039 ut
497 2010 604 2049 possit
627 2009 761 2040 vincere
784 2009 936 2045 astutias,
967 2015 998 2039 et
1022 2016 1135 2050 poten-

160 2052 237 2083 tiam
262 2050 403 2082 Diaboli.
450 2050 589 2086 Quando
613 2052 778 2083 deseritur
801 2051 899 2081 homo
929 2062 949 2081 a
973 2051 1058 2088 Deo,
1084 2058 1135 2083 est

160 2094 355 2135 mancipium
379 2093 525 2132 Diaboli,
560 2100 608 2125 est
635 2095 706 2125 sine
731 2094 854 2135 Spiritu
873 2100 1002 2131 sancto,
1038 2094 1134 2125 facile

159 2142 269 2178 potest
292 2138 403 2167 everti.
433 2137 583 2168 Sciamus
606 2148 686 2178 ergo
712 2137 781 2168 dari
805 2137 959 2178 Spiritum
984 2144 1135 2168 sanctum

159 2179 295 2217 renatis,
328 2186 362 2211 ut
395 2180 459 2210 sint
492 2180 523 2210 in
559 2190 619 2211 eos
652 2181 741 2211 initia
774 2190 879 2211 novae
916 2187 946 2211 et
980 2187 1136 2211 aeternae

161 2223 258 2253 vitae.

247 2264 326 2295 Cum
351 2264 385 2295 fit
407 2265 438 2296 in
463 2265 557 2296 nobis
581 2265 767 2303 inchoatio,
794 2265 849 2297 illa
872 2276 959 2296 nova
984 2272 1135 2296 creatura

160 2317 226 2338 non
250 2313 300 2338 est
323 2308 440 2338 otiosa.
496 2307 582 2338 Caro
611 2315 775 2350 repugnat
804 2309 948 2350 Spiritui,
984 2314 1015 2339 et
1037 2309 1134 2349 Spiri—

160 2355 214 2381 tus
234 2351 340 2387 carni,·
374 2356 406 2381 et
435 2350 577 2382 sciamus
611 2357 688 2383 tunc
722 2353 818 2383 etiam
853 2352 1030 2392 regendam
1059 2362 1134 2382 esse

161 2390 404 2430 locomotivam,
440 2399 471 2423 et
505 2404 569 2424 non
603 2395 674 2435 regi
708 2401 831 2426 tantum
855 2405 874 2425 a
899 2395 1044 2431 ratione,
1075 2395 1133 2426 sed

161 2435 253 2474 regia
276 2435 396 2475 Spiritu
421 2443 556 2473 sancte,
591 2443 622 2468 et
657 2438 815 2469 debemus
846 2447 978 2479 quoque
1000 2448 1061 2468 nos
1081 2447 1134 2478 pe-

162 2482 242 2513 tere,
267 2484 299 2507 ut
324 2488 476 2520 regamur
499 2478 621 2519 Spiritu
640 2487 769 2511 sancto.

248 2519 338 2550 llaec
361 2528 438 2551 sunt
459 2521 689 2553 transferenda
722 2523 763 2554 ad
786 2533 892 2560 usum,
928 2529 959 2553 et
981 2523 1134 2553 addenda

161 2568 212 2592 est
236 2564 399 2603 precatio:
426 2565 488 2596 Cor
510 2567 657 2597 mundum
680 2576 756 2597 crea
779 2570 812 2597 in
834 2576 895 2603 me,
918 2576 936 2597 o
963 2565 1058 2597 Dens.

247 2605 395 2637 Habctne
420 2606 540 2639 Paulus
577 2615 672 2639 actus
696 2607 833 2647 elicitos,
867 2609 899 2639 id
923 2615 992 2646 est,
1026 2609 1133 2639 serios

159 2647 392 2689 invocationis,
414 2648 596 2682 dilectionis
626 2650 709 2682 Dei?
753 2651 811 2682 lta.
858 2651 1008 2683 Habetne
1038 2651 1133 2683 etiam

839 199 1055 233 POSTILLA
1079 198 1476 232 MELANTHONlANA.

2124 197 2162 226 10

1185 294 1364 326 Socrates?
1409 292 1493 324 Non.
1550 291 1710 322 Socrates
1734 289 1833 322 habet
1866 296 1961 322 actus
1987 290 2165 331 imperatos

1186 343 1360 374 externos,
1396 336 1484 377 quod
1508 345 1573 365 non
1602 341 1653 364 est
1676 332 1888 374 blasphemus
1907 338 2024 364 contra
2046 332 2167 371 Deum,

1185 391 1250 411 non
1272 385 1323 410 est
1345 379 1548 419 Epicureus;
1583 377 1658 418 qnia
1683 378 1759 408 dicit
1793 375 1916 418 aliquid
1946 386 2023 407 esse
2046 375 2166 413 Deum,

1186 424 1245 453 sed
1270 428 1402 453 manent
1424 427 1533 452 tamen
1559 421 1589 451 in
1615 421 1715 451 corde
1751 420 1821 450 eius
1853 419 2084 450 dubitationes.
2132 418 2166 449 lu

1187 464 1280 496 Pauli
1305 466 1404 496 corde
1416 463 1568 496 assensio
1593 469 1644 493 est
1668 461 1769 493 inulto
1794 462 1931 497 firmior3
1956 462 2032 504 quia
2050 471 2165 493 accen-

1187 509 1272 540 ditur
1295 519 1352 549 per
1376 508 1530 549 Spiritum
1553 512 1714 537 sanctum.

1273 552 1408 592 Semper
1431 555 1539 581 autem
1558 548 1622 580 hoc
1646 549 1822 580 tenendum
1846 555 1916 586 est,
1948 548 2035 589 quod
2060 549 2167 578 onmia

1188 604 1289 636 opera
1324 601 1354 625 et
1391 593 1547 624 exercitia
1580 598 1770 622 renatorum
1813 592 1956 622 nondum
1992 591 2057 622 siut
2090 590 2166 627 hoc,

1187 644 1323 679 propter
1347 637 1434 678 quod
1458 645 1602 677 persona
1626 635 1667 664 sit
1691 636 1788 672 iusta,
1812 644 1871 665 seu
1896 640 2032 674 accepta
2057 644 2167 665 coram

1189 680 1273 711 Deo.

1280 846 1413 895 Quare
1452 845 1571 899 igitur
1603 859 1772 899 persona
1813 851 1871 883 est
1911 851 2076 897 accepta

1536 937 1669 961 coram
1703 921 1793 961 Deo
1809 921 1826 961 ’ἔ

1275 1023 1414 1064 Propter
1432 1021 1655 1053 Mediator-em.
1691 1020 1812 1052 Paulus
1838 1031 1915 1052 vere
1937 1026 1988 1051 est
2008 1026 2166 1060 acceptus

1189 1066 1252 1096 fide
1293 1072 1426 1106 propter
1457 1065 1682 1095 Mediatorem.
1739 1063 1863 1095 Contra
1897 1073 1976 1095 vero
2012 1073 2166 1104 persona,

1188 1109 1313 1140 etiamsi
1351 1108 1447 1139 habet
1482 1109 1677 1145 novitatem,
1713 1114 1819 1137 tamen
1844 1117 1909 1137 non
1944 1112 1994 1137 est
2027 1114 2167 1146 accepta

1188 1157 1323 1192 propter
1345 1153 1539 1188 novitatem,
1576 1157 1630 1181 aut
1665 1157 1798 1191 propter
1829 1148 2026 1190 diligentiam
2051 1149 2165 1180 coher-

1189 1195 1282 1225 cendi
1307 1204 1354 1225 se.
1378 1201 1432 1224 aut
1456 1202 1591 1234 propter
1617 1194 1702 1223 bona
1726 1203 1845 1234 opera,
1870 1195 1959 1223 iuxta
1984 1191 2040 1223 illa
2064 1193 2165 1223 dicta:

1186 1239 1255 1268 Non
1289 1238 1512 1275 insle‘ficabitur
1545 1240 1578 1267 ln
1612 1240 1782 1275 conspeetu
1816 1241 1868 1267 luo
1908 1236 2011 1266 omm's
2051 1240 2164 1267 vivens.

1187 1279 1278 1310 ltein:
1314 1280 1351 1310 St·
1377 1280 1559 1319 z‘m'quz'lales
1582 1279 1799 1310 obsessae-rvris
1824 1280 1976 1316 Domine,
2006 1282 2075 1318 qais
2098 1289 2166 1310 sets-

1186 1323 1320 1353 tinebit?

1273 1364 1411 1404 Oportet.
1434 1365 1587 1405 coniungi
1613 1365 1673 1395 lias
1699 1366 1780 1395 duas
1804 1364 2062 1405 propositiones:
2087 1374 2166 1405 qua·

1188 1419 1256 1438 rum
1281 1407 1385 1438 altera
1410 1406 1676 1438 estaftirmativa.
1702 1407 1829 1439 alterna
1853 1407 2017 1448 negativa.
2051 1406 2166 1438 Altera

1187 1451 1265 1481 (licit
1299 1460 1474 1491 personam
1519 1461 1584 1481 nnn
1626 1461 1702 1481 esse
1748 1452 1864 1481 iustam
1911 1461 1972 1481 sua
2005 1451 2165 1481 novitate:

1187 1493 1290 1524 altera
1314 1494 1402 1531 dicit,
1426 1494 1514 1535 quod
1539 1495 1641 1525 sionis
1660 1493 1825 1525 iustificati
1850 1493 1924 1524 fide.
1971 1493 2017 1524 lta
2042 1492 2165 1524 Paulus

1187 1537 1303 1577 inquit:
1337 1539 1425 1568 Nihil
1456 1539 1533 1568 mille*
1563 1541 1708 1568 conscius
1735 1547 1819 1568 sum:
1856 1538 1916 1568 sed
1948 1540 1980 1568 in
2014 1537 2071 1567 hoc
2105 1547 2166 1568 non

1188 1582 1375 1618 iustificatos
1397 1591 1483 1611 sum:
1516 1581 1548 1611 id
1572 1587 1639 1615 est,
1675 1590 1740 1611 non
1775 1590 1847 1611 sum
1871 1586 2032 1620 acceptus
2055 1589 2166 1610 coram

1188 1621 1280 1659 Deo,
1316 1630 1449 1663 propter
1484 1623 1636 1654 iustitiam
1673 1624 1779 1654 bonae
1814 1624 2047 1654 conscientiae.
2094 1622 2166 1657 Qua

1188 1666 1287 1707 igitur
1310 1676 1346 1696 re
1370 1676 1512 1706 persona
1535 1672 1586 1697 est
1609 1675 1745 1707 accepta
1780 1677 1890 1697 corani
1922 1665 2018 1697 Deo?
2074 1666 2166 1702 Fide,

1188 1714 1323 1749 propter
1352 1708 1467 1740 Filium
1492 1709 1564 1740 Dei.
1611 1708 1681 1740 Hac
1715 1708 1778 1740 fide
1815 1710 1848 1739 tit
1874 1708 2069 1746 vivificatio,
2104 1708 2166 1739 hac

1189 1752 1252 1782 tide
1276 1751 1310 1782 fit
1334 1751 1518 1783 consolatio
1543 1762 1628 1792 quae
1661 1750 1758 1782 simul
1781 1758 1832 1783 est
1854 1752 1979 1782 initium
2006 1761 2110 1783 novae
2134 1758 2166 1781 et

1187 1801 1343 1825 aeternae
1367 1796 1469 1832 vitae,
1504 1795 1589 1825 sicut
1614 1794 1767 1825 Christus
1791 1795 1882 1825 dicit:
1917 1794 2009 1825 Ilaec
2031 1799 2078 1826 est
2104 1799 2166 1825 vlia

1188 1841 1335 1873 aeterna,
1368 1841 1401 1868 ut
1434 1842 1608 1876 (tonost-unt
1639 1843 1669 1868 le
1692 1848 1798 1868 cerum
1822 1840 1933 1875 Deum,
1965 1845 2026 1868 etc.
2073 1837 2163 1867 liena.

1187 1882 1295 1911 Iustus
1316 1882 1379 1918 side
1397 1891 1456 1911 sua
1479 1881 1566 1911 viset,
1602 1878 1659 1911 Illa
1673 1881 1759 1911 dicta
1773 1888 1971 1920 cong-ruunt,
1996 1887 2026 1911 et
2051 1882 2166 1911 eodem

1188 1923 1323 1953 tendant
1348 1923 1432 1953 idem
1457 1921 1580 1954 volunt.

1274 1965 1345 1996 I‘loc
1379 1966 1476 1997 modo
1512 1966 1629 1997 videtis
1664 1967 1867 2007 propositum
1903 1974 1931 1997 ct
1958 1966 2110 1997 traditum
2136 1967 2166 1996 in

1187 2008 1250 2038 hac
1274 2009 1433 2039 concione
1458 2009 1634 2040 discrimen
1659 2010 1800 2040 iustitiae
1825 2010 2083 2051 paedagogicae,
2115 2008 2166 2040 vel

1188 2050 1400 2092 disciplinae,
1437 2063 1468 2082 e:
1491 2050 1593 2089 illius,
1628 2063 1690 2093 qua
1715 2052 1813 2083 homo
1839 2063 1951 2083 coram
1975 2052 2048 2083 Deo
2073 2063 2165 2083 acce-

1188 2100 1261 2134 ptus
1287 2100 1348 2132 est,
1372 2102 1402 2125 ct
1427 2106 1491 2137 qna
1517 2095 1596 2125 tiunt
1619 2096 1650 2125 in
1665 2096 1760 2126 nobis
1786 2096 1872 2126 initia
1890 2096 1975 2126 vitae
1999 2102 2165 2133 aeternae,

1188 2142 1220 2167 et
1243 2147 1338 2178 quain
1363 2144 1491 2178 oportet
1516 2148 1594 2168 esse
1628 2144 1737 2169 notam
1762 2140 1793 2169 in
1817 2137 1980 2169 Ecclesia.
2026 2137 2078 2169 Dc
2101 2137 2166 2169 hcc

1188 2180 1374 2211 discrimine
1410 2181 1576 2222 disputant
1609 2182 1693 2212 inter
1727 2192 1765 2212 se
1788 2182 1988 2212 Nic-edemus
2020 2189 2051 2212 et
2075 2180 2164 2212 Chri-

1187 2229 1275 2253 stus:
1305 2223 1504 2255 Nicodeenns
1530 2225 1648 2265 inquit:
1684 2224 1844 2262 Quomodo
1867 2226 1924 2256 lzoc
1942 2229 2050 2265 polest
2069 2226 2166 2263 fieri?

1191 2267 1272 2303 Quid
1292 2271 1326 2297 tec
1343 2267 1425 2298 clleis
1447 2268 1487 2299 (le
1509 2268 1727 2306 renascentia,
1757 2274 1787 2298 et
1813 2268 1923 2298 obiicit
1946 2266 1990 2297 illi
2016 2268 2164 2298 absurdi·

1187 2315 1298 2347 tatem,
1343 2309 1495 2341 Christus
1520 2311 1611 2341 stitit:
1641 2311 1685 2341 Es
1707 2315 1741 2342 tec
1763 2312 1919 2349 mctffl‘sler
1944 2314 1976 2342 in
2000 2312 2111 2350 Israel,
2135 2315 2167 2342 el

1186 2356 1317 2390 iqnoras
1350 2354 1436 2384 ista?
1487 2353 1592 2383 Taxat.
1630 2354 1792 2384 inscitiam
1826 2353 2098 2390 Pharisaeorum,
2135 2361 2166 2384 et

1185 2393 1273 2425 illam
1304 2406 1454 2437 magnam
1490 2395 1681 2437 caliginem,
1716 2397 1801 2437 quod
1827 2407 1890 2427 non
1926 2396 2033 2427 norint
2069 2395 2164 2427 aliam

1185 2437 1353 2476 iustitiam,
1377 2439 1440 2469 nisi
1461 2439 1667 2479 disciplinam
1686 2449 1745 2469 seu
1763 2440 1914 2470 iustitiam
1929 2437 2165 2476 Pharisaicam,

1187 2491 1259 2511 cum
1296 2486 1403 2512 tamen
1438 2482 1469 2512 in
1503 2480 1655 2512 Ecclesia
1690 2488 1839 2522 oporteat
1873 2492 1976 2512 nosse
2010 2482 2164 2513 iustitiam

1186 2523 1272 2560 fidei,
1308 2534 1380 2555 cmn
1416 2535 1480 2566 qua
1516 2525 1691 2555 coniuncta
1725 2531 1774 2555 est
1800 2525 1969 2556 renovatio
1999 2525 2039 2555 ad
2065 2526 2164 2556 vitam

1185 2573 1361 2598 aeternam.

1273 2609 1411 2649 Oportet
1434 2610 1523 2648 sciri,
1546 2610 1632 2651 quod
1658 2608 1829 2651 disciplina
1859 2618 1890 2641 et
1915 2612 2068 2642 exercitia
2093 2613 2162 2642 eius

1186 2662 1252 2683 non
1277 2653 1339 2683 sint
1359 2654 1508 2684 meritum
1533 2654 1737 2684 remissionis
1762 2660 1985 2694 peccatorum,
2010 2664 2074 2684 non
2099 2655 2163 2685 sint
