<?xml version="1.0" encoding="UTF-8"?>
<!DOCTYPE html PUBLIC "-//W3C//DTD XHTML 1.0 Transitional//EN"
    "http://www.w3.org/TR/xhtml1/DTD/xhtml1-transitional.dtd">
<html xmlns="http://www.w3.org/1999/xhtml" xml:lang="en" lang="en">
 <head>
  <title>
</title>
<meta http-equiv="Content-Type" content="text/html;charset=utf-8" />
  <meta name='ocr-system' content='tesseract 3.04.00' />
  <meta name='ocr-capabilities' content='ocr_page ocr_carea ocr_par ocr_line ocrx_word'/>
</head>
<body>
  <div class='ocr_page' id='page_1' title='image "./operaquaesupersu25melauoft/operaquaesupersu25melauoft_0322.png"; bbox 0 0 2343 2970; ppageno 0'>
   <div class='ocr_carea' id='block_1_1' title="bbox 201 164 266 196">
    <p class='ocr_par' dir='ltr' id='par_1_1' title="bbox 201 164 266 196">
     <span class='ocr_line' id='line_1_1' title="bbox 201 164 266 196; baseline 0 -1"><span class='ocrx_word' id='word_1_1' title='bbox 201 164 266 196; x_wconf 76' lang='lat'>623</span> 
     </span>
    </p>
   </div>
   <div class='ocr_carea' id='block_1_2' title="bbox 201 256 1182 344">
    <p class='ocr_par' dir='ltr' id='par_1_2' title="bbox 201 256 1182 344">
     <span class='ocr_line' id='line_1_2' title="bbox 202 256 1182 300; baseline -0.003 -9"><span class='ocrx_word' id='word_1_2' title='bbox 202 260 368 292; x_wconf 86' lang='lat' dir='ltr'>cerdotes.</span> <span class='ocrx_word' id='word_1_3' title='bbox 415 259 481 290; x_wconf 82' lang='lat' dir='ltr'>Sed</span> <span class='ocrx_word' id='word_1_4' title='bbox 504 269 570 291; x_wconf 87' lang='lat' dir='ltr'>non</span> <span class='ocrx_word' id='word_1_5' title='bbox 593 258 757 300; x_wconf 86' lang='lat' dir='ltr'>loquimur</span> <span class='ocrx_word' id='word_1_6' title='bbox 785 258 839 290; x_wconf 89' lang='lat' dir='ltr'>hic</span> <span class='ocrx_word' id='word_1_7' title='bbox 868 259 909 289; x_wconf 89' lang='lat' dir='ltr'>de</span> <span class='ocrx_word' id='word_1_8' title='bbox 932 256 1026 289; x_wconf 87' lang='lat' dir='ltr'>titulo</span> <span class='ocrx_word' id='word_1_9' title='bbox 1050 258 1182 296; x_wconf 89' lang='lat' dir='ltr'>domini,</span> 
     </span>
     <span class='ocr_line' id='line_1_3' title="bbox 201 303 491 344; baseline 0 -10"><span class='ocrx_word' id='word_1_10' title='bbox 201 303 263 334; x_wconf 87' lang='lat' dir='ltr'>sed</span> <span class='ocrx_word' id='word_1_11' title='bbox 286 303 326 334; x_wconf 89' lang='lat' dir='ltr'>de</span> <span class='ocrx_word' id='word_1_12' title='bbox 348 313 386 334; x_wconf 87' lang='lat' dir='ltr'>re</span> <span class='ocrx_word' id='word_1_13' title='bbox 408 303 491 344; x_wconf 77' lang='lat' dir='ltr'>ipsa.</span> 
     </span>
    </p>
   </div>
   <div class='ocr_carea' id='block_1_3' title="bbox 359 389 1026 443">
    <p class='ocr_par' dir='ltr' id='par_1_3' title="bbox 359 389 1026 443">
     <span class='ocr_line' id='line_1_4' title="bbox 359 389 1026 443; baseline 0.004 -15"><span class='ocrx_word' id='word_1_14' title='bbox 359 392 466 442; x_wconf 70' lang='lat' dir='ltr'>Quid</span> <span class='ocrx_word' id='word_1_15' title='bbox 495 398 557 431; x_wconf 81' lang='lat' dir='ltr'>est</span> <span class='ocrx_word' id='word_1_16' title='bbox 588 391 798 440; x_wconf 81' lang='lat' dir='ltr'>Dominus,</span> <span class='ocrx_word' id='word_1_17' title='bbox 827 389 1026 443; x_wconf 64' lang='grc' dir='ltr'>ὃεσπότηςὲ</span> 
     </span>
    </p>
   </div>
   <div class='ocr_carea' id='block_1_4' title="bbox 197 472 1181 894">
    <p class='ocr_par' dir='ltr' id='par_1_4' title="bbox 197 472 1181 893">
     <span class='ocr_line' id='line_1_5' title="bbox 287 472 1181 514; baseline -0.003 -9"><span class='ocrx_word' id='word_1_18' title='bbox 287 474 448 505; x_wconf 79' lang='lat' dir='ltr'>Dominus</span> <span class='ocrx_word' id='word_1_19' title='bbox 479 479 548 511; x_wconf 81' lang='lat' dir='ltr'>est,</span> <span class='ocrx_word' id='word_1_20' title='bbox 583 473 636 514; x_wconf 91' lang='lat' dir='ltr'>qui</span> <span class='ocrx_word' id='word_1_21' title='bbox 659 472 759 504; x_wconf 80' lang='lat' dir='ltr'>habet</span> <span class='ocrx_word' id='word_1_22' title='bbox 777 478 976 514; x_wconf 87' lang='lat' dir='ltr'>potestatem</span> <span class='ocrx_word' id='word_1_23' title='bbox 1000 472 1181 513; x_wconf 87' lang='lat' dir='ltr'>imperandi</span> 
     </span>
     <span class='ocr_line' id='line_1_6' title="bbox 201 515 1181 558; baseline -0.004 -9"><span class='ocrx_word' id='word_1_24' title='bbox 201 517 285 556; x_wconf 71' lang='lat' dir='ltr'>aliis,</span> <span class='ocrx_word' id='word_1_25' title='bbox 308 523 341 548; x_wconf 90' lang='lat' dir='ltr'>et</span> <span class='ocrx_word' id='word_1_26' title='bbox 364 518 418 558; x_wconf 82' lang='lat' dir='ltr'>qui</span> <span class='ocrx_word' id='word_1_27' title='bbox 442 516 598 558; x_wconf 79' lang='lat' dir='ltr'>protegit,</span> <span class='ocrx_word' id='word_1_28' title='bbox 622 515 723 547; x_wconf 83' lang='lat' dir='ltr'>habet</span> <span class='ocrx_word' id='word_1_29' title='bbox 746 522 933 557; x_wconf 84' lang='lat' dir='ltr'>respectum</span> <span class='ocrx_word' id='word_1_30' title='bbox 952 516 992 546; x_wconf 86' lang='lat' dir='ltr'>ad</span> <span class='ocrx_word' id='word_1_31' title='bbox 1016 516 1181 553; x_wconf 78' lang='lat' dir='ltr'>subditos,</span> 
     </span>
     <span class='ocr_line' id='line_1_7' title="bbox 200 557 1180 592; baseline -0.004 0"><span class='ocrx_word' id='word_1_32' title='bbox 200 567 232 592; x_wconf 86' lang='lat' dir='ltr'>et</span> <span class='ocrx_word' id='word_1_33' title='bbox 255 570 384 592; x_wconf 62' lang='lat' dir='ltr'>servm.</span> <span class='ocrx_word' id='word_1_34' title='bbox 430 559 555 590; x_wconf 86' lang='lat' dir='ltr'>Servus</span> <span class='ocrx_word' id='word_1_35' title='bbox 589 559 708 590; x_wconf 83' lang='lat' dir='ltr'>dicitur</span> <span class='ocrx_word' id='word_1_36' title='bbox 741 569 761 590; x_wconf 82' lang='lat' dir='ltr'>a</span> <span class='ocrx_word' id='word_1_37' title='bbox 789 559 952 588; x_wconf 76' lang='lat' dir='ltr'>servando.</span> <span class='ocrx_word' id='word_1_38' title='bbox 1002 558 1107 589; x_wconf 88' lang='lat' dir='ltr'>Latini</span> <span class='ocrx_word' id='word_1_39' title='bbox 1132 557 1180 588; x_wconf 91' lang='lat' dir='ltr'>lo-</span> 
     </span>
     <span class='ocr_line' id='line_1_8' title="bbox 200 600 1180 641; baseline -0.003 -7"><span class='ocrx_word' id='word_1_40' title='bbox 200 604 267 636; x_wconf 89' lang='lat' dir='ltr'>cuti</span> <span class='ocrx_word' id='word_1_41' title='bbox 290 610 365 634; x_wconf 89' lang='lat' dir='ltr'>sunt</span> <span class='ocrx_word' id='word_1_42' title='bbox 390 603 642 634; x_wconf 79' lang='lat' dir='ltr'>modestissime.</span> <span class='ocrx_word' id='word_1_43' title='bbox 688 602 761 633; x_wconf 90' lang='lat' dir='ltr'>Non</span> <span class='ocrx_word' id='word_1_44' title='bbox 787 610 837 633; x_wconf 82' lang='lat' dir='ltr'>est</span> <span class='ocrx_word' id='word_1_45' title='bbox 862 600 1101 633; x_wconf 84' lang='lat' dir='ltr'>contumeliosa</span> <span class='ocrx_word' id='word_1_46' title='bbox 1125 612 1180 641; x_wconf 85' lang='lat' dir='ltr'>ap-</span> 
     </span>
     <span class='ocr_line' id='line_1_9' title="bbox 199 645 1178 689; baseline -0.003 -11"><span class='ocrx_word' id='word_1_47' title='bbox 199 645 345 689; x_wconf 85' lang='lat' dir='ltr'>pellatio,</span> <span class='ocrx_word' id='word_1_48' title='bbox 368 646 428 677; x_wconf 88' lang='lat' dir='ltr'>sed</span> <span class='ocrx_word' id='word_1_49' title='bbox 451 651 502 677; x_wconf 88' lang='lat' dir='ltr'>est</span> <span class='ocrx_word' id='word_1_50' title='bbox 521 651 652 687; x_wconf 87' lang='lat' dir='ltr'>sumpta</span> <span class='ocrx_word' id='word_1_51' title='bbox 675 656 694 676; x_wconf 84' lang='lat' dir='ltr'>a</span> <span class='ocrx_word' id='word_1_52' title='bbox 725 645 908 682; x_wconf 81' lang='lat' dir='ltr'>beneficio,</span> <span class='ocrx_word' id='word_1_53' title='bbox 943 656 963 676; x_wconf 89' lang='lat' dir='ltr'>a</span> <span class='ocrx_word' id='word_1_54' title='bbox 997 645 1178 683; x_wconf 77' lang='lat' dir='ltr'>servando:</span> 
     </span>
     <span class='ocr_line' id='line_1_10' title="bbox 200 687 1180 731; baseline -0.003 -11"><span class='ocrx_word' id='word_1_55' title='bbox 200 690 278 731; x_wconf 89' lang='lat' dir='ltr'>quia</span> <span class='ocrx_word' id='word_1_56' title='bbox 302 695 396 721; x_wconf 84' lang='lat' dir='ltr'>erant</span> <span class='ocrx_word' id='word_1_57' title='bbox 417 689 541 720; x_wconf 79' lang='lat' dir='ltr'>servati</span> <span class='ocrx_word' id='word_1_58' title='bbox 563 689 597 719; x_wconf 84' lang='lat' dir='ltr'>in</span> <span class='ocrx_word' id='word_1_59' title='bbox 621 687 720 719; x_wconf 83' lang='lat' dir='ltr'>helio.</span> <span class='ocrx_word' id='word_1_60' title='bbox 767 688 897 719; x_wconf 80' lang='lat' dir='ltr'>Graeca</span> <span class='ocrx_word' id='word_1_61' title='bbox 910 699 975 719; x_wconf 84' lang='lat' dir='ltr'>vox</span> <span class='ocrx_word' id='word_1_62' title='bbox 988 694 1039 719; x_wconf 88' lang='lat' dir='ltr'>est</span> <span class='ocrx_word' id='word_1_63' title='bbox 1057 688 1180 724; x_wconf 85' lang='lat' dir='ltr'>durior,</span> 
     </span>
     <span class='ocr_line' id='line_1_11' title="bbox 200 729 1178 772; baseline -0.003 -9"><span class='ocrx_word' id='word_1_64' title='bbox 200 733 306 769; x_wconf 77' lang='grc' dir='ltr'><em>δοῦλος</em></span> <span class='ocrx_word' id='word_1_65' title='bbox 328 743 348 763; x_wconf 87' lang='grc'><strong>3</strong></span> <span class='ocrx_word' id='word_1_66' title='bbox 371 732 447 768; x_wconf 75' lang='grc' dir='ltr'><strong>δέος,</strong></span> <span class='ocrx_word' id='word_1_67' title='bbox 471 742 490 762; x_wconf 84' lang='lat' dir='ltr'>a</span> <span class='ocrx_word' id='word_1_68' title='bbox 513 739 613 770; x_wconf 88' lang='lat' dir='ltr'>metu,</span> <span class='ocrx_word' id='word_1_69' title='bbox 639 730 692 762; x_wconf 88' lang='lat' dir='ltr'>vel</span> <span class='ocrx_word' id='word_1_70' title='bbox 715 742 735 762; x_wconf 85' lang='grc'><strong>3</strong></span> <span class='ocrx_word' id='word_1_71' title='bbox 759 732 933 772; x_wconf 87' lang='lat' dir='ltr'>capiendo,</span> <span class='ocrx_word' id='word_1_72' title='bbox 956 732 999 762; x_wconf 89' lang='lat' dir='ltr'>ab</span> <span class='ocrx_word' id='word_1_73' title='bbox 1022 730 1090 761; x_wconf 72' lang='grc' dir='ltr'><em>ἕλω.</em></span> <span class='ocrx_word' id='word_1_74' title='bbox 1119 729 1178 761; x_wconf 83' lang='lat' dir='ltr'>tlte</span> 
     </span>
     <span class='ocr_line' id='line_1_12' title="bbox 199 773 1179 816; baseline -0.003 -9"><span class='ocrx_word' id='word_1_75' title='bbox 199 776 352 807; x_wconf 83' lang='lat' dir='ltr'>dominus</span> <span class='ocrx_word' id='word_1_76' title='bbox 376 776 520 807; x_wconf 72' lang='lat' dir='ltr'>Messias</span> <span class='ocrx_word' id='word_1_77' title='bbox 544 781 594 805; x_wconf 87' lang='lat' dir='ltr'>est</span> <span class='ocrx_word' id='word_1_78' title='bbox 618 781 787 816; x_wconf 86' lang='lat' dir='ltr'>protector</span> <span class='ocrx_word' id='word_1_79' title='bbox 816 773 976 813; x_wconf 71' lang='lat' dir='ltr'>Davidis,</span> <span class='ocrx_word' id='word_1_80' title='bbox 1008 780 1039 805; x_wconf 91' lang='lat' dir='ltr'>et</span> <span class='ocrx_word' id='word_1_81' title='bbox 1067 783 1179 805; x_wconf 88' lang='lat' dir='ltr'>serva-</span> 
     </span>
     <span class='ocr_line' id='line_1_13' title="bbox 197 815 1179 893; baseline -0.002 -43"><span class='ocrx_word' id='word_1_82' title='bbox 197 825 262 893; x_wconf 47' lang='grc'>81.</span> <span class='ocrx_word' id='word_1_83' title='bbox 307 818 417 850; x_wconf 83' lang='grc' dir='ltr'><strong>Ι)3ν1(1</strong></span> <span class='ocrx_word' id='word_1_84' title='bbox 442 824 493 849; x_wconf 85' lang='lat' dir='ltr'>est</span> <span class='ocrx_word' id='word_1_85' title='bbox 517 829 636 849; x_wconf 87' lang='lat' dir='ltr'>servus</span> <span class='ocrx_word' id='word_1_86' title='bbox 660 819 742 856; x_wconf 87' lang='lat' dir='ltr'>eius,</span> <span class='ocrx_word' id='word_1_87' title='bbox 755 818 850 849; x_wconf 88' lang='lat' dir='ltr'>datur</span> <span class='ocrx_word' id='word_1_88' title='bbox 873 819 900 849; x_wconf 91' lang='lat' dir='ltr'>ei</span> <span class='ocrx_word' id='word_1_89' title='bbox 922 818 987 848; x_wconf 88' lang='lat' dir='ltr'>vita</span> <span class='ocrx_word' id='word_1_90' title='bbox 1010 826 1069 859; x_wconf 87' lang='lat' dir='ltr'>per</span> <span class='ocrx_word' id='word_1_91' title='bbox 1088 815 1179 848; x_wconf 89' lang='lat' dir='ltr'>illum</span> 
     </span>
    </p>

    <p class='ocr_par' dir='ltr' id='par_1_5' title="bbox 232 873 385 894">
     <span class='ocr_line' id='line_1_14' title="bbox 232 873 385 894; baseline -0.007 -1"><span class='ocrx_word' id='word_1_92' title='bbox 232 873 385 894; x_wconf 80' lang='lat' dir='ltr'>ominum.</span> 
     </span>
    </p>
   </div>
   <div class='ocr_carea' id='block_1_5' title="bbox 304 967 1074 1021">
    <p class='ocr_par' dir='ltr' id='par_1_6' title="bbox 304 967 1074 1021">
     <span class='ocr_line' id='line_1_15' title="bbox 304 967 1074 1021; baseline -0.003 -13"><span class='ocrx_word' id='word_1_93' title='bbox 304 969 478 1009; x_wconf 82' lang='lat' dir='ltr'>Potesne</span> <span class='ocrx_word' id='word_1_94' title='bbox 509 975 554 1007; x_wconf 80' lang='lat' dir='ltr'>tu</span> <span class='ocrx_word' id='word_1_95' title='bbox 583 967 738 1008; x_wconf 76' lang='lat' dir='ltr'>solvere</span> <span class='ocrx_word' id='word_1_96' title='bbox 770 973 1074 1021; x_wconf 80' lang='lat' dir='ltr'>argumentum:</span> 
     </span>
    </p>
   </div>
   <div class='ocr_carea' id='block_1_6' title="bbox 326 1050 973 1177">
    <p class='ocr_par' dir='ltr' id='par_1_7' title="bbox 326 1050 973 1177">
     <span class='ocr_line' id='line_1_16' title="bbox 326 1050 973 1090; baseline -0.003 -9"><span class='ocrx_word' id='word_1_97' title='bbox 326 1051 439 1082; x_wconf 75' lang='lat' dir='ltr'>Nullus</span> <span class='ocrx_word' id='word_1_98' title='bbox 453 1050 537 1090; x_wconf 80' lang='lat' dir='ltr'>filius</span> <span class='ocrx_word' id='word_1_99' title='bbox 560 1054 603 1080; x_wconf 71' lang='lat' dir='ltr'>est</span> <span class='ocrx_word' id='word_1_100' title='bbox 628 1050 771 1079; x_wconf 76' lang='lat' dir='ltr'>dominus</span> <span class='ocrx_word' id='word_1_101' title='bbox 789 1050 837 1078; x_wconf 76' lang='lat' dir='ltr'>sni</span> <span class='ocrx_word' id='word_1_102' title='bbox 852 1051 973 1088; x_wconf 81' lang='lat' dir='ltr'>patris:</span> 
     </span>
     <span class='ocr_line' id='line_1_17' title="bbox 326 1093 869 1124; baseline -0.004 0"><span class='ocrx_word' id='word_1_103' title='bbox 326 1095 460 1124; x_wconf 74' lang='lat' dir='ltr'>Messias</span> <span class='ocrx_word' id='word_1_104' title='bbox 483 1097 529 1123; x_wconf 73' lang='lat' dir='ltr'>est</span> <span class='ocrx_word' id='word_1_105' title='bbox 551 1093 689 1124; x_wconf 76' lang='lat' dir='ltr'>Dncidc&#39;s</span> <span class='ocrx_word' id='word_1_106' title='bbox 712 1093 869 1122; x_wconf 75' lang='lat' dir='ltr'>dominas.-</span> 
     </span>
     <span class='ocr_line' id='line_1_18' title="bbox 326 1136 857 1177; baseline -0.004 -10"><span class='ocrx_word' id='word_1_107' title='bbox 326 1137 414 1177; x_wconf 74' lang='lat' dir='ltr'>Eryo</span> <span class='ocrx_word' id='word_1_108' title='bbox 438 1148 498 1166; x_wconf 82' lang='lat' dir='ltr'>non</span> <span class='ocrx_word' id='word_1_109' title='bbox 523 1141 566 1166; x_wconf 68' lang='lat' dir='ltr'>est</span> <span class='ocrx_word' id='word_1_110' title='bbox 586 1136 668 1176; x_wconf 73' lang='lat' dir='ltr'>filias</span> <span class='ocrx_word' id='word_1_111' title='bbox 691 1136 857 1168; x_wconf 72' lang='lat' dir='ltr'>Daoizlis‘?</span> 
     </span>
    </p>
   </div>
   <div class='ocr_carea' id='block_1_7' title="bbox 197 1203 1184 2669">
    <p class='ocr_par' dir='ltr' id='par_1_8' title="bbox 197 1203 1181 1680">
     <span class='ocr_line' id='line_1_19' title="bbox 286 1203 1180 1246; baseline -0.003 -10"><span class='ocrx_word' id='word_1_112' title='bbox 286 1206 474 1238; x_wconf 81' lang='lat' dir='ltr'>Pharisaeis</span> <span class='ocrx_word' id='word_1_113' title='bbox 510 1206 761 1243; x_wconf 77' lang='lat' dir='ltr'>nescientibus,</span> <span class='ocrx_word' id='word_1_114' title='bbox 794 1205 868 1246; x_wconf 90' lang='lat' dir='ltr'>quis</span> <span class='ocrx_word' id='word_1_115' title='bbox 903 1210 994 1235; x_wconf 88' lang='lat' dir='ltr'>esset</span> <span class='ocrx_word' id='word_1_116' title='bbox 1024 1203 1180 1242; x_wconf 76' lang='lat' dir='ltr'>Messias,</span> 
     </span>
     <span class='ocr_line' id='line_1_20' title="bbox 197 1247 1180 1290; baseline -0.005 -8"><span class='ocrx_word' id='word_1_117' title='bbox 197 1250 257 1282; x_wconf 86' lang='lat' dir='ltr'>suit</span> <span class='ocrx_word' id='word_1_118' title='bbox 281 1248 459 1281; x_wconf 84' lang='lat' dir='ltr'>insolubile</span> <span class='ocrx_word' id='word_1_119' title='bbox 491 1256 731 1290; x_wconf 70' lang='lat' dir='ltr'>argumentum.</span> <span class='ocrx_word' id='word_1_120' title='bbox 786 1248 986 1288; x_wconf 78' lang='lat' dir='ltr'>Respondeo</span> <span class='ocrx_word' id='word_1_121' title='bbox 1022 1257 1103 1289; x_wconf 81' lang='lat' dir='ltr'>ergo</span> <span class='ocrx_word' id='word_1_122' title='bbox 1138 1247 1180 1277; x_wconf 87' lang='lat' dir='ltr'>ad</span> 
     </span>
     <span class='ocr_line' id='line_1_21' title="bbox 197 1291 1181 1331; baseline -0.005 -6"><span class='ocrx_word' id='word_1_123' title='bbox 197 1293 372 1325; x_wconf 77' lang='lat' dir='ltr'>Maiorem:</span> <span class='ocrx_word' id='word_1_124' title='bbox 396 1292 510 1323; x_wconf 73' lang='lat' dir='ltr'>Nullus</span> <span class='ocrx_word' id='word_1_125' title='bbox 530 1292 614 1331; x_wconf 75' lang='lat' dir='ltr'>silius</span> <span class='ocrx_word' id='word_1_126' title='bbox 636 1291 780 1331; x_wconf 80' lang='lat' dir='ltr'>(scilieet</span> <span class='ocrx_word' id='word_1_127' title='bbox 804 1298 930 1322; x_wconf 89' lang='lat' dir='ltr'>tantum</span> <span class='ocrx_word' id='word_1_128' title='bbox 954 1291 1101 1322; x_wconf 87' lang='lat' dir='ltr'>eiusdem</span> <span class='ocrx_word' id='word_1_129' title='bbox 1125 1300 1181 1321; x_wconf 86' lang='lat' dir='ltr'>na-</span> 
     </span>
     <span class='ocr_line' id='line_1_22' title="bbox 197 1332 1180 1374; baseline -0.005 -8"><span class='ocrx_word' id='word_1_130' title='bbox 197 1342 305 1371; x_wconf 79' lang='lat' dir='ltr'>turae)</span> <span class='ocrx_word' id='word_1_131' title='bbox 340 1347 399 1365; x_wconf 80' lang='lat' dir='ltr'>non</span> <span class='ocrx_word' id='word_1_132' title='bbox 430 1339 476 1366; x_wconf 73' lang='lat' dir='ltr'>est</span> <span class='ocrx_word' id='word_1_133' title='bbox 510 1336 652 1365; x_wconf 74' lang='lat' dir='ltr'>dontinus</span> <span class='ocrx_word' id='word_1_134' title='bbox 676 1336 784 1374; x_wconf 75' lang='lat' dir='ltr'>patris</span> <span class='ocrx_word' id='word_1_135' title='bbox 813 1335 879 1363; x_wconf 73' lang='lat' dir='ltr'>sni:</span> <span class='ocrx_word' id='word_1_136' title='bbox 923 1336 1014 1371; x_wconf 83' lang='lat' dir='ltr'>Item,</span> <span class='ocrx_word' id='word_1_137' title='bbox 1038 1332 1111 1362; x_wconf 73' lang='lat' dir='ltr'>Non</span> <span class='ocrx_word' id='word_1_138' title='bbox 1134 1337 1180 1362; x_wconf 80' lang='lat' dir='ltr'>est</span> 
     </span>
     <span class='ocr_line' id='line_1_23' title="bbox 198 1376 1180 1418; baseline -0.004 -8"><span class='ocrx_word' id='word_1_139' title='bbox 198 1380 341 1410; x_wconf 75' lang='lat' dir='ltr'>dontinus</span> <span class='ocrx_word' id='word_1_140' title='bbox 361 1380 465 1418; x_wconf 78' lang='lat' dir='ltr'>patris</span> <span class='ocrx_word' id='word_1_141' title='bbox 487 1380 518 1407; x_wconf 83' lang='grc' dir='ltr'>ιίι</span> <span class='ocrx_word' id='word_1_142' title='bbox 543 1379 649 1408; x_wconf 80' lang='lat' dir='ltr'>codem</span> <span class='ocrx_word' id='word_1_143' title='bbox 670 1388 776 1417; x_wconf 70' lang='lat' dir='ltr'>reyno.</span> <span class='ocrx_word' id='word_1_144' title='bbox 822 1377 889 1408; x_wconf 82' lang='lat' dir='ltr'>lam</span> <span class='ocrx_word' id='word_1_145' title='bbox 911 1376 977 1408; x_wconf 88' lang='lat' dir='ltr'>hoc</span> <span class='ocrx_word' id='word_1_146' title='bbox 990 1377 1180 1408; x_wconf 83' lang='lat' dir='ltr'>considere-</span> 
     </span>
     <span class='ocr_line' id='line_1_24' title="bbox 198 1418 1181 1462; baseline -0.005 -7"><span class='ocrx_word' id='word_1_147' title='bbox 198 1434 282 1455; x_wconf 81' lang='lat' dir='ltr'>mus.</span> <span class='ocrx_word' id='word_1_148' title='bbox 328 1423 435 1455; x_wconf 85' lang='lat' dir='ltr'>iudaei</span> <span class='ocrx_word' id='word_1_149' title='bbox 459 1421 626 1453; x_wconf 79' lang='lat' dir='ltr'>habebant</span> <span class='ocrx_word' id='word_1_150' title='bbox 649 1421 916 1462; x_wconf 76' lang='lat' dir='ltr'>persuasionen13</span> <span class='ocrx_word' id='word_1_151' title='bbox 931 1419 1087 1451; x_wconf 76' lang='lat' dir='ltr'>Messium</span> <span class='ocrx_word' id='word_1_152' title='bbox 1109 1418 1181 1450; x_wconf 82' lang='lat' dir='ltr'>fore</span> 
     </span>
     <span class='ocr_line' id='line_1_25' title="bbox 198 1463 1181 1508; baseline -0.005 -10"><span class='ocrx_word' id='word_1_153' title='bbox 198 1476 312 1508; x_wconf 81' lang='lat' dir='ltr'>regem</span> <span class='ocrx_word' id='word_1_154' title='bbox 334 1466 548 1503; x_wconf 81' lang='lat' dir='ltr'>mundanum,</span> <span class='ocrx_word' id='word_1_155' title='bbox 569 1464 845 1505; x_wconf 84' lang='lat' dir='ltr'>amplificaturutn</span> <span class='ocrx_word' id='word_1_156' title='bbox 868 1464 1054 1505; x_wconf 81' lang='lat' dir='ltr'>imperium,</span> <span class='ocrx_word' id='word_1_157' title='bbox 1082 1463 1181 1494; x_wconf 89' lang='lat' dir='ltr'>tradi-</span> 
     </span>
     <span class='ocr_line' id='line_1_26' title="bbox 198 1505 1181 1550; baseline -0.005 -9"><span class='ocrx_word' id='word_1_158' title='bbox 198 1515 307 1542; x_wconf 90' lang='lat' dir='ltr'>turum</span> <span class='ocrx_word' id='word_1_159' title='bbox 329 1509 518 1549; x_wconf 81' lang='lat' dir='ltr'>provincias</span> <span class='ocrx_word' id='word_1_160' title='bbox 542 1507 678 1550; x_wconf 88' lang='lat' dir='ltr'>populo,</span> <span class='ocrx_word' id='word_1_161' title='bbox 701 1508 755 1549; x_wconf 88' lang='lat' dir='ltr'>qui</span> <span class='ocrx_word' id='word_1_162' title='bbox 778 1506 938 1538; x_wconf 87' lang='lat' dir='ltr'>fruiturus</span> <span class='ocrx_word' id='word_1_163' title='bbox 961 1512 1049 1538; x_wconf 70' lang='lat' dir='ltr'>esset</span> <span class='ocrx_word' id='word_1_164' title='bbox 1074 1505 1181 1548; x_wconf 74' lang='lat' dir='ltr'>gloria</span> 
     </span>
     <span class='ocr_line' id='line_1_27' title="bbox 198 1548 1181 1594; baseline -0.005 -10"><span class='ocrx_word' id='word_1_165' title='bbox 198 1559 231 1584; x_wconf 88' lang='lat' dir='ltr'>et</span> <span class='ocrx_word' id='word_1_166' title='bbox 254 1553 418 1594; x_wconf 85' lang='lat' dir='ltr'>potentia:</span> <span class='ocrx_word' id='word_1_167' title='bbox 443 1558 475 1583; x_wconf 88' lang='lat' dir='ltr'>et</span> <span class='ocrx_word' id='word_1_168' title='bbox 496 1550 570 1583; x_wconf 84' lang='lat' dir='ltr'>sore</span> <span class='ocrx_word' id='word_1_169' title='bbox 593 1550 763 1593; x_wconf 79' lang='lat' dir='ltr'>pulchrius</span> <span class='ocrx_word' id='word_1_170' title='bbox 788 1560 935 1591; x_wconf 81' lang='lat' dir='ltr'>regnum,</span> <span class='ocrx_word' id='word_1_171' title='bbox 959 1560 1058 1591; x_wconf 87' lang='lat' dir='ltr'>quam</span> <span class='ocrx_word' id='word_1_172' title='bbox 1082 1548 1181 1591; x_wconf 85' lang='lat' dir='ltr'>quale</span> 
     </span>
     <span class='ocr_line' id='line_1_28' title="bbox 198 1593 1181 1637; baseline -0.003 -11"><span class='ocrx_word' id='word_1_173' title='bbox 198 1594 260 1627; x_wconf 80' lang='lat' dir='ltr'>suit</span> <span class='ocrx_word' id='word_1_174' title='bbox 270 1594 466 1633; x_wconf 77' lang='lat' dir='ltr'>Alexandri,</span> <span class='ocrx_word' id='word_1_175' title='bbox 486 1593 538 1626; x_wconf 86' lang='lat' dir='ltr'>vel</span> <span class='ocrx_word' id='word_1_176' title='bbox 556 1594 715 1637; x_wconf 80' lang='lat' dir='ltr'>Augusti:</span> <span class='ocrx_word' id='word_1_177' title='bbox 740 1594 815 1635; x_wconf 83' lang='lat' dir='ltr'>quia</span> <span class='ocrx_word' id='word_1_178' title='bbox 834 1594 892 1625; x_wconf 87' lang='lat' dir='ltr'>fuit</span> <span class='ocrx_word' id='word_1_179' title='bbox 915 1593 1092 1624; x_wconf 86' lang='lat' dir='ltr'>mediocris</span> <span class='ocrx_word' id='word_1_180' title='bbox 1117 1598 1181 1623; x_wconf 76' lang='lat' dir='ltr'>sta-</span> 
     </span>
     <span class='ocr_line' id='line_1_29' title="bbox 198 1636 1181 1680; baseline -0.004 -10"><span class='ocrx_word' id='word_1_181' title='bbox 198 1644 265 1678; x_wconf 82' lang='lat' dir='ltr'>tus,</span> <span class='ocrx_word' id='word_1_182' title='bbox 287 1639 320 1670; x_wconf 82' lang='lat' dir='ltr'>in</span> <span class='ocrx_word' id='word_1_183' title='bbox 343 1648 463 1680; x_wconf 79' lang='lat' dir='ltr'>magna</span> <span class='ocrx_word' id='word_1_184' title='bbox 485 1644 580 1679; x_wconf 84' lang='lat' dir='ltr'>parte</span> <span class='ocrx_word' id='word_1_185' title='bbox 614 1638 706 1668; x_wconf 88' lang='lat' dir='ltr'>orbis</span> <span class='ocrx_word' id='word_1_186' title='bbox 738 1643 919 1675; x_wconf 79' lang='lat' dir='ltr'>terrarum,</span> <span class='ocrx_word' id='word_1_187' title='bbox 943 1642 1092 1677; x_wconf 88' lang='lat' dir='ltr'>tempore</span> <span class='ocrx_word' id='word_1_188' title='bbox 1115 1636 1181 1666; x_wconf 83' lang='lat' dir='ltr'>Au-</span> 
     </span>
    </p>

    <p class='ocr_par' dir='ltr' id='par_1_9' title="bbox 199 1679 1182 1895">
     <span class='ocr_line' id='line_1_30' title="bbox 248 1679 1181 1723; baseline -0.006 -9"><span class='ocrx_word' id='word_1_189' title='bbox 248 1682 304 1714; x_wconf 80' lang='lat' dir='ltr'>sti:</span> <span class='ocrx_word' id='word_1_190' title='bbox 327 1681 360 1712; x_wconf 88' lang='lat' dir='ltr'>id</span> <span class='ocrx_word' id='word_1_191' title='bbox 384 1681 472 1723; x_wconf 88' lang='lat' dir='ltr'>quod</span> <span class='ocrx_word' id='word_1_192' title='bbox 496 1682 558 1723; x_wconf 84' lang='lat' dir='ltr'>ipsi</span> <span class='ocrx_word' id='word_1_193' title='bbox 581 1681 741 1712; x_wconf 72' lang='lat' dir='ltr'>w&#39;derant.</span> <span class='ocrx_word' id='word_1_194' title='bbox 788 1680 844 1712; x_wconf 87' lang='lat' dir='ltr'>Sic</span> <span class='ocrx_word' id='word_1_195' title='bbox 866 1679 967 1721; x_wconf 79' lang='lat' dir='ltr'>igitur</span> <span class='ocrx_word' id='word_1_196' title='bbox 990 1679 1181 1721; x_wconf 78' lang='lat' dir='ltr'>cogitabant</span> 
     </span>
     <span class='ocr_line' id='line_1_31' title="bbox 199 1691 1181 1766; baseline -0.007 -8"><span class='ocrx_word' id='word_1_197' title='bbox 199 1691 373 1758; x_wconf 50' lang='lat' dir='ltr'>{grentem</span> <span class='ocrx_word' id='word_1_198' title='bbox 397 1725 562 1766; x_wconf 82' lang='lat' dir='ltr'>quendam</span> <span class='ocrx_word' id='word_1_199' title='bbox 586 1729 719 1762; x_wconf 87' lang='lat' dir='ltr'>statum,</span> <span class='ocrx_word' id='word_1_200' title='bbox 734 1723 816 1755; x_wconf 86' lang='lat' dir='ltr'>sicut</span> <span class='ocrx_word' id='word_1_201' title='bbox 831 1732 894 1754; x_wconf 82' lang='lat' dir='ltr'>nos</span> <span class='ocrx_word' id='word_1_202' title='bbox 907 1732 1034 1760; x_wconf 80' lang='lat' dir='ltr'>omnes,</span> <span class='ocrx_word' id='word_1_203' title='bbox 1048 1721 1181 1763; x_wconf 81' lang='lat' dir='ltr'>quando</span> 
     </span>
     <span class='ocr_line' id='line_1_32' title="bbox 199 1763 1182 1808; baseline -0.004 -9"><span class='ocrx_word' id='word_1_204' title='bbox 199 1769 350 1800; x_wconf 83' lang='lat' dir='ltr'>audimus</span> <span class='ocrx_word' id='word_1_205' title='bbox 383 1767 624 1798; x_wconf 82' lang='lat' dir='ltr'>restitutionem</span> <span class='ocrx_word' id='word_1_206' title='bbox 647 1766 844 1808; x_wconf 77' lang='lat' dir='ltr'>Evangelii,</span> <span class='ocrx_word' id='word_1_207' title='bbox 879 1766 1081 1797; x_wconf 80' lang='lat' dir='ltr'>somniamus</span> <span class='ocrx_word' id='word_1_208' title='bbox 1115 1763 1182 1795; x_wconf 87' lang='lat' dir='ltr'>tale</span> 
     </span>
     <span class='ocr_line' id='line_1_33' title="bbox 199 1808 1181 1853; baseline -0.004 -11"><span class='ocrx_word' id='word_1_209' title='bbox 199 1810 332 1853; x_wconf 79' lang='lat' dir='ltr'>aliquod</span> <span class='ocrx_word' id='word_1_210' title='bbox 355 1820 503 1853; x_wconf 78' lang='lat' dir='ltr'>regnum.</span> <span class='ocrx_word' id='word_1_211' title='bbox 549 1810 621 1840; x_wconf 75' lang='lat' dir='ltr'>Das</span> <span class='ocrx_word' id='word_1_212' title='bbox 639 1811 680 1840; x_wconf 72' lang='lat' dir='ltr'>ist</span> <span class='ocrx_word' id='word_1_213' title='bbox 702 1810 804 1840; x_wconf 76' lang='lat' dir='ltr'>nicht:</span> <span class='ocrx_word' id='word_1_214' title='bbox 832 1811 898 1841; x_wconf 90' lang='lat' dir='ltr'>imo</span> <span class='ocrx_word' id='word_1_215' title='bbox 926 1809 999 1850; x_wconf 84' lang='lat' dir='ltr'>ipsa</span> <span class='ocrx_word' id='word_1_216' title='bbox 1022 1818 1125 1850; x_wconf 85' lang='lat' dir='ltr'>regna</span> <span class='ocrx_word' id='word_1_217' title='bbox 1149 1808 1181 1839; x_wconf 87' lang='lat' dir='ltr'>in</span> 
     </span>
     <span class='ocr_line' id='line_1_34' title="bbox 199 1851 830 1895; baseline -0.003 -9"><span class='ocrx_word' id='word_1_218' title='bbox 199 1855 321 1887; x_wconf 88' lang='lat' dir='ltr'>mundo</span> <span class='ocrx_word' id='word_1_219' title='bbox 341 1854 496 1895; x_wconf 79' lang='lat' dir='ltr'>paulatim</span> <span class='ocrx_word' id='word_1_220' title='bbox 516 1853 596 1886; x_wconf 88' lang='lat' dir='ltr'>fiunt</span> <span class='ocrx_word' id='word_1_221' title='bbox 619 1851 830 1895; x_wconf 82' lang='lat' dir='ltr'>squalidiora.</span> 
     </span>
    </p>

    <p class='ocr_par' dir='ltr' id='par_1_10' title="bbox 198 1894 1184 2669">
     <span class='ocr_line' id='line_1_35' title="bbox 285 1894 1182 1938; baseline -0.004 -9"><span class='ocrx_word' id='word_1_222' title='bbox 285 1896 410 1929; x_wconf 84' lang='lat' dir='ltr'>Contra</span> <span class='ocrx_word' id='word_1_223' title='bbox 433 1895 507 1928; x_wconf 83' lang='lat' dir='ltr'>illas</span> <span class='ocrx_word' id='word_1_224' title='bbox 531 1897 704 1938; x_wconf 81' lang='lat' dir='ltr'>opiniones</span> <span class='ocrx_word' id='word_1_225' title='bbox 724 1897 803 1928; x_wconf 88' lang='lat' dir='ltr'>dicit</span> <span class='ocrx_word' id='word_1_226' title='bbox 826 1894 983 1926; x_wconf 73' lang='lat' dir='ltr'>Messinm</span> <span class='ocrx_word' id='word_1_227' title='bbox 1017 1904 1083 1925; x_wconf 90' lang='lat' dir='ltr'>non</span> <span class='ocrx_word' id='word_1_228' title='bbox 1114 1899 1182 1925; x_wconf 87' lang='lat' dir='ltr'>tan-</span> 
     </span>
     <span class='ocr_line' id='line_1_36' title="bbox 199 1937 1182 1978; baseline -0.005 -6"><span class='ocrx_word' id='word_1_229' title='bbox 199 1946 267 1972; x_wconf 84' lang='lat' dir='ltr'>tum</span> <span class='ocrx_word' id='word_1_230' title='bbox 290 1950 366 1971; x_wconf 88' lang='lat' dir='ltr'>esse</span> <span class='ocrx_word' id='word_1_231' title='bbox 389 1939 502 1978; x_wconf 84' lang='lat' dir='ltr'>filiunt,</span> <span class='ocrx_word' id='word_1_232' title='bbox 524 1941 583 1971; x_wconf 83' lang='lat' dir='ltr'>sed</span> <span class='ocrx_word' id='word_1_233' title='bbox 607 1941 704 1971; x_wconf 86' lang='lat' dir='ltr'>etiam</span> <span class='ocrx_word' id='word_1_234' title='bbox 728 1939 904 1971; x_wconf 89' lang='lat' dir='ltr'>Dominum</span> <span class='ocrx_word' id='word_1_235' title='bbox 928 1937 1078 1969; x_wconf 63' lang='lat' dir='ltr'>Daridis.</span> <span class='ocrx_word' id='word_1_236' title='bbox 1120 1937 1182 1968; x_wconf 87' lang='lat' dir='ltr'>Hic</span> 
     </span>
     <span class='ocr_line' id='line_1_37' title="bbox 199 1980 1182 2016; baseline -0.005 -1"><span class='ocrx_word' id='word_1_237' title='bbox 199 1989 251 2016; x_wconf 86' lang='lat' dir='ltr'>est</span> <span class='ocrx_word' id='word_1_238' title='bbox 285 1984 460 2015; x_wconf 87' lang='lat' dir='ltr'>dicendum</span> <span class='ocrx_word' id='word_1_239' title='bbox 493 1983 536 2015; x_wconf 83' lang='lat' dir='ltr'>de</span> <span class='ocrx_word' id='word_1_240' title='bbox 568 1983 739 2015; x_wconf 86' lang='lat' dir='ltr'>beneficiis</span> <span class='ocrx_word' id='word_1_241' title='bbox 773 1981 929 2014; x_wconf 84' lang='lat' dir='ltr'>Messiae.</span> <span class='ocrx_word' id='word_1_242' title='bbox 978 1980 1182 2012; x_wconf 85' lang='lat' dir='ltr'>Beneficium</span> 
     </span>
     <span class='ocr_line' id='line_1_38' title="bbox 198 2024 1182 2067; baseline -0.005 -9"><span class='ocrx_word' id='word_1_243' title='bbox 198 2026 345 2058; x_wconf 87' lang='lat' dir='ltr'>Messiae</span> <span class='ocrx_word' id='word_1_244' title='bbox 367 2036 433 2057; x_wconf 90' lang='lat' dir='ltr'>non</span> <span class='ocrx_word' id='word_1_245' title='bbox 457 2032 507 2058; x_wconf 88' lang='lat' dir='ltr'>est</span> <span class='ocrx_word' id='word_1_246' title='bbox 536 2024 747 2067; x_wconf 82' lang='lat' dir='ltr'>amplificatio</span> <span class='ocrx_word' id='word_1_247' title='bbox 780 2025 875 2067; x_wconf 87' lang='lat' dir='ltr'>regni</span> <span class='ocrx_word' id='word_1_248' title='bbox 908 2025 1086 2062; x_wconf 83' lang='lat' dir='ltr'>mundani,</span> <span class='ocrx_word' id='word_1_249' title='bbox 1115 2034 1182 2054; x_wconf 88' lang='lat' dir='ltr'>non</span> 
     </span>
     <span class='ocr_line' id='line_1_39' title="bbox 199 2066 1181 2111; baseline -0.004 -10"><span class='ocrx_word' id='word_1_250' title='bbox 199 2075 252 2102; x_wconf 81' lang='lat' dir='ltr'>est</span> <span class='ocrx_word' id='word_1_251' title='bbox 275 2069 454 2111; x_wconf 81' lang='lat' dir='ltr'>opulentia,</span> <span class='ocrx_word' id='word_1_252' title='bbox 479 2079 544 2100; x_wconf 91' lang='lat' dir='ltr'>non</span> <span class='ocrx_word' id='word_1_253' title='bbox 569 2076 619 2100; x_wconf 85' lang='lat' dir='ltr'>est</span> <span class='ocrx_word' id='word_1_254' title='bbox 642 2068 698 2100; x_wconf 85' lang='lat' dir='ltr'>illa</span> <span class='ocrx_word' id='word_1_255' title='bbox 721 2068 907 2100; x_wconf 83' lang='lat' dir='ltr'>distributio</span> <span class='ocrx_word' id='word_1_256' title='bbox 921 2091 931 2107; x_wconf 88' lang='lat'>,</span> <span class='ocrx_word' id='word_1_257' title='bbox 960 2066 1015 2099; x_wconf 80' lang='lat' dir='ltr'>vel</span> <span class='ocrx_word' id='word_1_258' title='bbox 1049 2068 1181 2108; x_wconf 87' lang='lat' dir='ltr'>partitio</span> 
     </span>
     <span class='ocr_line' id='line_1_40' title="bbox 198 2109 1182 2155; baseline -0.004 -11"><span class='ocrx_word' id='word_1_259' title='bbox 198 2113 456 2155; x_wconf 82' lang='lat' dir='ltr'>provinciarum,</span> <span class='ocrx_word' id='word_1_260' title='bbox 479 2118 511 2144; x_wconf 83' lang='lat' dir='ltr'>et</span> <span class='ocrx_word' id='word_1_261' title='bbox 535 2122 724 2155; x_wconf 86' lang='lat' dir='ltr'>regnorum.</span> <span class='ocrx_word' id='word_1_262' title='bbox 770 2110 831 2143; x_wconf 87' lang='lat' dir='ltr'>Illa</span> <span class='ocrx_word' id='word_1_263' title='bbox 854 2120 921 2142; x_wconf 85' lang='lat' dir='ltr'>non</span> <span class='ocrx_word' id='word_1_264' title='bbox 951 2116 1029 2142; x_wconf 86' lang='lat' dir='ltr'>sunt</span> <span class='ocrx_word' id='word_1_265' title='bbox 1064 2109 1182 2141; x_wconf 85' lang='lat' dir='ltr'>benefi-</span> 
     </span>
     <span class='ocr_line' id='line_1_41' title="bbox 200 2151 1182 2197; baseline -0.004 -9"><span class='ocrx_word' id='word_1_266' title='bbox 200 2157 252 2188; x_wconf 85' lang='lat' dir='ltr'>cia</span> <span class='ocrx_word' id='word_1_267' title='bbox 263 2156 409 2188; x_wconf 81' lang='lat' dir='ltr'>Messiae</span> <span class='ocrx_word' id='word_1_268' title='bbox 421 2155 567 2197; x_wconf 85' lang='lat' dir='ltr'>propria,</span> <span class='ocrx_word' id='word_1_269' title='bbox 586 2155 646 2186; x_wconf 89' lang='lat' dir='ltr'>sed</span> <span class='ocrx_word' id='word_1_270' title='bbox 659 2155 792 2196; x_wconf 85' lang='lat' dir='ltr'>propria</span> <span class='ocrx_word' id='word_1_271' title='bbox 807 2154 967 2186; x_wconf 83' lang='lat' dir='ltr'>beneficia</span> <span class='ocrx_word' id='word_1_272' title='bbox 980 2160 1056 2184; x_wconf 88' lang='lat' dir='ltr'>sunt</span> <span class='ocrx_word' id='word_1_273' title='bbox 1070 2151 1182 2185; x_wconf 88' lang='lat' dir='ltr'>delere</span> 
     </span>
     <span class='ocr_line' id='line_1_42' title="bbox 199 2197 1182 2242; baseline -0.004 -11"><span class='ocrx_word' id='word_1_274' title='bbox 199 2205 376 2242; x_wconf 88' lang='lat' dir='ltr'>peccatum</span> <span class='ocrx_word' id='word_1_275' title='bbox 387 2205 419 2230; x_wconf 89' lang='lat' dir='ltr'>et</span> <span class='ocrx_word' id='word_1_276' title='bbox 432 2204 582 2237; x_wconf 82' lang='lat' dir='ltr'>mortem,</span> <span class='ocrx_word' id='word_1_277' title='bbox 602 2203 634 2230; x_wconf 85' lang='lat' dir='ltr'>et</span> <span class='ocrx_word' id='word_1_278' title='bbox 650 2200 825 2229; x_wconf 87' lang='lat' dir='ltr'>restituere</span> <span class='ocrx_word' id='word_1_279' title='bbox 844 2197 1011 2231; x_wconf 86' lang='lat' dir='ltr'>iustitiam,</span> <span class='ocrx_word' id='word_1_280' title='bbox 1032 2203 1065 2228; x_wconf 91' lang='lat' dir='ltr'>et</span> <span class='ocrx_word' id='word_1_281' title='bbox 1082 2197 1182 2227; x_wconf 80' lang='lat' dir='ltr'>vitam</span> 
     </span>
     <span class='ocr_line' id='line_1_43' title="bbox 199 2240 1182 2278; baseline -0.004 -4"><span class='ocrx_word' id='word_1_282' title='bbox 199 2248 380 2274; x_wconf 86' lang='lat' dir='ltr'>aeternam.</span> <span class='ocrx_word' id='word_1_283' title='bbox 424 2241 534 2273; x_wconf 72' lang='lat' dir='ltr'>David</span> <span class='ocrx_word' id='word_1_284' title='bbox 558 2247 609 2272; x_wconf 88' lang='lat' dir='ltr'>est</span> <span class='ocrx_word' id='word_1_285' title='bbox 627 2250 746 2272; x_wconf 67' lang='lat' dir='ltr'>servus</span> <span class='ocrx_word' id='word_1_286' title='bbox 769 2240 857 2272; x_wconf 86' lang='lat' dir='ltr'>illius</span> <span class='ocrx_word' id='word_1_287' title='bbox 870 2240 1014 2278; x_wconf 80' lang='lat' dir='ltr'>Domini,</span> <span class='ocrx_word' id='word_1_288' title='bbox 1027 2246 1182 2271; x_wconf 83' lang='lat' dir='ltr'>servatus</span> 
     </span>
     <span class='ocr_line' id='line_1_44' title="bbox 199 2282 1183 2324; baseline -0.003 -7"><span class='ocrx_word' id='word_1_289' title='bbox 199 2287 241 2317; x_wconf 82' lang='lat' dir='ltr'>ab</span> <span class='ocrx_word' id='word_1_290' title='bbox 260 2284 319 2317; x_wconf 87' lang='lat' dir='ltr'>illo</span> <span class='ocrx_word' id='word_1_291' title='bbox 331 2284 487 2317; x_wconf 88' lang='lat' dir='ltr'>Domino.</span> <span class='ocrx_word' id='word_1_292' title='bbox 532 2282 591 2315; x_wconf 80' lang='lat' dir='ltr'>llla</span> <span class='ocrx_word' id='word_1_293' title='bbox 614 2283 776 2315; x_wconf 80' lang='lat' dir='ltr'>beneficia</span> <span class='ocrx_word' id='word_1_294' title='bbox 798 2284 923 2324; x_wconf 86' lang='lat' dir='ltr'>accepit</span> <span class='ocrx_word' id='word_1_295' title='bbox 937 2282 1046 2314; x_wconf 82' lang='lat' dir='ltr'>David</span> <span class='ocrx_word' id='word_1_296' title='bbox 1070 2284 1111 2315; x_wconf 86' lang='lat' dir='ltr'>ab</span> <span class='ocrx_word' id='word_1_297' title='bbox 1131 2292 1183 2314; x_wconf 85' lang='lat' dir='ltr'>eo.</span> 
     </span>
     <span class='ocr_line' id='line_1_45' title="bbox 199 2326 1184 2370; baseline -0.002 -11"><span class='ocrx_word' id='word_1_298' title='bbox 199 2327 276 2370; x_wconf 86' lang='lat' dir='ltr'>Ipse</span> <span class='ocrx_word' id='word_1_299' title='bbox 298 2335 350 2360; x_wconf 89' lang='lat' dir='ltr'>est</span> <span class='ocrx_word' id='word_1_300' title='bbox 375 2332 541 2369; x_wconf 84' lang='lat' dir='ltr'>protector</span> <span class='ocrx_word' id='word_1_301' title='bbox 563 2326 716 2365; x_wconf 80' lang='lat' dir='ltr'>Davidts,</span> <span class='ocrx_word' id='word_1_302' title='bbox 737 2328 809 2368; x_wconf 88' lang='lat' dir='ltr'>ipse</span> <span class='ocrx_word' id='word_1_303' title='bbox 832 2336 892 2358; x_wconf 85' lang='lat' dir='ltr'>sua</span> <span class='ocrx_word' id='word_1_304' title='bbox 915 2332 1022 2358; x_wconf 85' lang='lat' dir='ltr'>morte</span> <span class='ocrx_word' id='word_1_305' title='bbox 1050 2332 1082 2357; x_wconf 90' lang='lat' dir='ltr'>et</span> <span class='ocrx_word' id='word_1_306' title='bbox 1105 2327 1184 2357; x_wconf 87' lang='lat' dir='ltr'>obe·</span> 
     </span>
     <span class='ocr_line' id='line_1_46' title="bbox 201 2370 1183 2410; baseline -0.003 -7"><span class='ocrx_word' id='word_1_307' title='bbox 201 2372 324 2404; x_wconf 89' lang='lat' dir='ltr'>dientia</span> <span class='ocrx_word' id='word_1_308' title='bbox 346 2370 466 2403; x_wconf 83' lang='lat' dir='ltr'>liberat</span> <span class='ocrx_word' id='word_1_309' title='bbox 488 2370 653 2402; x_wconf 83' lang='lat' dir='ltr'>Davidem</span> <span class='ocrx_word' id='word_1_310' title='bbox 681 2380 723 2401; x_wconf 83' lang='lat' dir='ltr'>ex</span> <span class='ocrx_word' id='word_1_311' title='bbox 751 2376 856 2401; x_wconf 88' lang='lat' dir='ltr'>morte</span> <span class='ocrx_word' id='word_1_312' title='bbox 886 2376 1022 2401; x_wconf 83' lang='lat' dir='ltr'>aeterna</span> <span class='ocrx_word' id='word_1_313' title='bbox 1051 2375 1084 2401; x_wconf 87' lang='lat' dir='ltr'>et</span> <span class='ocrx_word' id='word_1_314' title='bbox 1106 2379 1183 2410; x_wconf 86' lang='lat' dir='ltr'>pec-</span> 
     </span>
     <span class='ocr_line' id='line_1_47' title="bbox 201 2411 1183 2454; baseline -0.005 -8"><span class='ocrx_word' id='word_1_315' title='bbox 201 2421 289 2453; x_wconf 86' lang='lat' dir='ltr'>cato,</span> <span class='ocrx_word' id='word_1_316' title='bbox 312 2415 354 2446; x_wconf 85' lang='lat' dir='ltr'>ab</span> <span class='ocrx_word' id='word_1_317' title='bbox 377 2413 436 2446; x_wconf 79' lang='lat' dir='ltr'>illo</span> <span class='ocrx_word' id='word_1_318' title='bbox 459 2414 548 2446; x_wconf 88' lang='lat' dir='ltr'>iusto</span> <span class='ocrx_word' id='word_1_319' title='bbox 578 2411 764 2454; x_wconf 89' lang='lat' dir='ltr'>supplicio,</span> <span class='ocrx_word' id='word_1_320' title='bbox 800 2413 842 2444; x_wconf 80' lang='lat' dir='ltr'>ad</span> <span class='ocrx_word' id='word_1_321' title='bbox 875 2413 964 2453; x_wconf 87' lang='lat' dir='ltr'>quod</span> <span class='ocrx_word' id='word_1_322' title='bbox 1000 2413 1183 2443; x_wconf 75' lang='lat' dir='ltr'>destinatus</span> 
     </span>
     <span class='ocr_line' id='line_1_48' title="bbox 201 2455 1183 2497; baseline -0.003 -8"><span class='ocrx_word' id='word_1_323' title='bbox 201 2465 283 2489; x_wconf 86' lang='lat' dir='ltr'>erat.</span> <span class='ocrx_word' id='word_1_324' title='bbox 328 2457 412 2489; x_wconf 87' lang='lat' dir='ltr'>Tota</span> <span class='ocrx_word' id='word_1_325' title='bbox 435 2463 554 2488; x_wconf 83' lang='lat' dir='ltr'>natura</span> <span class='ocrx_word' id='word_1_326' title='bbox 576 2455 732 2494; x_wconf 82' lang='lat' dir='ltr'>humana,</span> <span class='ocrx_word' id='word_1_327' title='bbox 747 2462 850 2487; x_wconf 88' lang='lat' dir='ltr'>totum</span> <span class='ocrx_word' id='word_1_328' title='bbox 875 2465 981 2497; x_wconf 75' lang='lat' dir='ltr'>genus</span> <span class='ocrx_word' id='word_1_329' title='bbox 1003 2455 1183 2487; x_wconf 86' lang='lat' dir='ltr'>humanum</span> 
     </span>
     <span class='ocr_line' id='line_1_49' title="bbox 202 2499 1182 2539; baseline -0.003 -7"><span class='ocrx_word' id='word_1_330' title='bbox 202 2507 274 2532; x_wconf 84' lang='lat' dir='ltr'>erat</span> <span class='ocrx_word' id='word_1_331' title='bbox 297 2501 482 2532; x_wconf 87' lang='lat' dir='ltr'>subiectum</span> <span class='ocrx_word' id='word_1_332' title='bbox 505 2500 603 2531; x_wconf 87' lang='lat' dir='ltr'>morti</span> <span class='ocrx_word' id='word_1_333' title='bbox 625 2505 804 2537; x_wconf 78' lang='lat' dir='ltr'>aeternae,</span> <span class='ocrx_word' id='word_1_334' title='bbox 837 2504 869 2530; x_wconf 90' lang='lat' dir='ltr'>et</span> <span class='ocrx_word' id='word_1_335' title='bbox 900 2500 1043 2529; x_wconf 81' lang='lat' dir='ltr'>aeternis</span> <span class='ocrx_word' id='word_1_336' title='bbox 1066 2499 1182 2539; x_wconf 84' lang='lat' dir='ltr'>poenis</span> 
     </span>
     <span class='ocr_line' id='line_1_50' title="bbox 201 2540 1184 2585; baseline -0.004 -10"><span class='ocrx_word' id='word_1_337' title='bbox 201 2549 338 2585; x_wconf 88' lang='lat' dir='ltr'>propter</span> <span class='ocrx_word' id='word_1_338' title='bbox 360 2544 480 2575; x_wconf 90' lang='lat' dir='ltr'>iustam</span> <span class='ocrx_word' id='word_1_339' title='bbox 502 2543 584 2574; x_wconf 88' lang='lat' dir='ltr'>iram</span> <span class='ocrx_word' id='word_1_340' title='bbox 607 2541 682 2574; x_wconf 91' lang='lat' dir='ltr'>Dei.</span> <span class='ocrx_word' id='word_1_341' title='bbox 727 2541 807 2573; x_wconf 87' lang='lat' dir='ltr'>Ideo</span> <span class='ocrx_word' id='word_1_342' title='bbox 829 2541 920 2572; x_wconf 83' lang='lat' dir='ltr'>venit</span> <span class='ocrx_word' id='word_1_343' title='bbox 938 2540 995 2572; x_wconf 89' lang='lat' dir='ltr'>ille</span> <span class='ocrx_word' id='word_1_344' title='bbox 1008 2541 1184 2579; x_wconf 85' lang='lat' dir='ltr'>Dominus,</span> 
     </span>
     <span class='ocr_line' id='line_1_51' title="bbox 203 2583 1184 2628; baseline -0.004 -10"><span class='ocrx_word' id='word_1_345' title='bbox 203 2593 236 2618; x_wconf 84' lang='lat' dir='ltr'>et</span> <span class='ocrx_word' id='word_1_346' title='bbox 258 2586 380 2618; x_wconf 83' lang='lat' dir='ltr'>liberat</span> <span class='ocrx_word' id='word_1_347' title='bbox 397 2596 480 2624; x_wconf 88' lang='lat' dir='ltr'>nos,</span> <span class='ocrx_word' id='word_1_348' title='bbox 515 2585 630 2617; x_wconf 71' lang='lat' dir='ltr'>abolet</span> <span class='ocrx_word' id='word_1_349' title='bbox 653 2590 845 2628; x_wconf 86' lang='lat' dir='ltr'>peccatum,</span> <span class='ocrx_word' id='word_1_350' title='bbox 873 2583 984 2625; x_wconf 81' lang='lat' dir='ltr'>placat</span> <span class='ocrx_word' id='word_1_351' title='bbox 1005 2584 1086 2615; x_wconf 84' lang='lat' dir='ltr'>iram</span> <span class='ocrx_word' id='word_1_352' title='bbox 1109 2584 1184 2622; x_wconf 88' lang='lat' dir='ltr'>Dei,</span> 
     </span>
     <span class='ocr_line' id='line_1_52' title="bbox 203 2628 1184 2669; baseline -0.004 -8"><span class='ocrx_word' id='word_1_353' title='bbox 203 2630 344 2662; x_wconf 80' lang='lat' dir='ltr'>restituit</span> <span class='ocrx_word' id='word_1_354' title='bbox 366 2630 464 2661; x_wconf 82' lang='lat' dir='ltr'>nohis</span> <span class='ocrx_word' id='word_1_355' title='bbox 487 2629 642 2661; x_wconf 81' lang='lat' dir='ltr'>iustitiam</span> <span class='ocrx_word' id='word_1_356' title='bbox 666 2633 698 2660; x_wconf 82' lang='lat' dir='ltr'>et</span> <span class='ocrx_word' id='word_1_357' title='bbox 719 2628 819 2660; x_wconf 84' lang='lat' dir='ltr'>vitam</span> <span class='ocrx_word' id='word_1_358' title='bbox 842 2633 1029 2664; x_wconf 80' lang='lat' dir='ltr'>aeternam3</span> <span class='ocrx_word' id='word_1_359' title='bbox 1047 2628 1119 2669; x_wconf 83' lang='lat' dir='ltr'>ipse</span> <span class='ocrx_word' id='word_1_360' title='bbox 1131 2633 1184 2658; x_wconf 87' lang='lat' dir='ltr'>est</span> 
     </span>
    </p>
   </div>
   <div class='ocr_carea' id='block_1_8' title="bbox 866 161 1596 196">
    <p class='ocr_par' dir='ltr' id='par_1_11' title="bbox 866 161 1596 196">
     <span class='ocr_line' id='line_1_53' title="bbox 866 161 1596 196; baseline 0 -2"><span class='ocrx_word' id='word_1_361' title='bbox 866 163 974 196; x_wconf 77' lang='lat' dir='ltr'>PtnL.</span> <span class='ocrx_word' id='word_1_362' title='bbox 1000 162 1102 195; x_wconf 76' lang='lat' dir='ltr'>MEL.</span> <span class='ocrx_word' id='word_1_363' title='bbox 1125 161 1311 195; x_wconf 84' lang='lat' dir='ltr'><strong>SCRIPTA</strong></span> <span class='ocrx_word' id='word_1_364' title='bbox 1333 161 1596 195; x_wconf 85' lang='lat' dir='ltr'>EXEGETICA.</span> 
     </span>
    </p>
   </div>
   <div class='ocr_carea' id='block_1_9' title="bbox 2150 164 2215 197">
    <p class='ocr_par' dir='ltr' id='par_1_12' title="bbox 2150 164 2215 197">
     <span class='ocr_line' id='line_1_54' title="bbox 2150 164 2215 197; baseline 0.015 -1"><span class='ocrx_word' id='word_1_365' title='bbox 2150 164 2215 197; x_wconf 75' lang='lat'>624</span> 
     </span>
    </p>
   </div>
   <div class='ocr_carea' id='block_1_10' title="bbox 1203 257 2215 1800">
    <p class='ocr_par' dir='ltr' id='par_1_13' title="bbox 1233 257 2214 462">
     <span class='ocr_line' id='line_1_55' title="bbox 1234 257 2213 297; baseline 0.003 -10"><span class='ocrx_word' id='word_1_366' title='bbox 1234 263 1405 297; x_wconf 88' lang='lat' dir='ltr'>protector</span> <span class='ocrx_word' id='word_1_367' title='bbox 1428 262 1459 287; x_wconf 87' lang='lat' dir='ltr'>et</span> <span class='ocrx_word' id='word_1_368' title='bbox 1482 262 1645 296; x_wconf 83' lang='lat' dir='ltr'>servator,</span> <span class='ocrx_word' id='word_1_369' title='bbox 1670 258 1725 288; x_wconf 83' lang='lat' dir='ltr'>dat</span> <span class='ocrx_word' id='word_1_370' title='bbox 1747 259 1845 289; x_wconf 84' lang='lat' dir='ltr'>nobis</span> <span class='ocrx_word' id='word_1_371' title='bbox 1875 257 1932 289; x_wconf 85' lang='lat' dir='ltr'>illa</span> <span class='ocrx_word' id='word_1_372' title='bbox 1956 265 2090 289; x_wconf 85' lang='lat' dir='ltr'>aeterna</span> <span class='ocrx_word' id='word_1_373' title='bbox 2114 259 2213 291; x_wconf 88' lang='lat' dir='ltr'>bene-</span> 
     </span>
     <span class='ocr_line' id='line_1_56' title="bbox 1234 298 2214 343; baseline 0.003 -13"><span class='ocrx_word' id='word_1_374' title='bbox 1234 299 1319 331; x_wconf 83' lang='lat' dir='ltr'>ficia.</span> <span class='ocrx_word' id='word_1_375' title='bbox 1366 300 1423 331; x_wconf 85' lang='lat' dir='ltr'>Sic</span> <span class='ocrx_word' id='word_1_376' title='bbox 1446 298 1590 331; x_wconf 71' lang='lat' dir='ltr'>Messias</span> <span class='ocrx_word' id='word_1_377' title='bbox 1614 307 1664 331; x_wconf 88' lang='lat' dir='ltr'>est</span> <span class='ocrx_word' id='word_1_378' title='bbox 1688 301 1839 333; x_wconf 85' lang='lat' dir='ltr'>dominus</span> <span class='ocrx_word' id='word_1_379' title='bbox 1859 301 2018 337; x_wconf 48' lang='lat' dir='ltr'>Davidtffi</span> <span class='ocrx_word' id='word_1_380' title='bbox 2043 302 2117 343; x_wconf 88' lang='lat' dir='ltr'>quia</span> <span class='ocrx_word' id='word_1_381' title='bbox 2141 311 2214 333; x_wconf 84' lang='lat' dir='ltr'>eum</span> 
     </span>
     <span class='ocr_line' id='line_1_57' title="bbox 1234 342 2213 386; baseline 0.005 -14"><span class='ocrx_word' id='word_1_382' title='bbox 1234 348 1364 379; x_wconf 76' lang='lat' dir='ltr'>servat3</span> <span class='ocrx_word' id='word_1_383' title='bbox 1388 349 1438 373; x_wconf 88' lang='lat' dir='ltr'>est</span> <span class='ocrx_word' id='word_1_384' title='bbox 1463 344 1494 373; x_wconf 93' lang='lat' dir='ltr'>in</span> <span class='ocrx_word' id='word_1_385' title='bbox 1518 342 1583 374; x_wconf 82' lang='lat' dir='ltr'>alio</span> <span class='ocrx_word' id='word_1_386' title='bbox 1607 354 1724 385; x_wconf 83' lang='lat' dir='ltr'>regno,</span> <span class='ocrx_word' id='word_1_387' title='bbox 1747 355 1812 375; x_wconf 90' lang='lat' dir='ltr'>non</span> <span class='ocrx_word' id='word_1_388' title='bbox 1837 350 1887 376; x_wconf 76' lang='lat' dir='ltr'>est</span> <span class='ocrx_word' id='word_1_389' title='bbox 1910 345 1942 375; x_wconf 91' lang='lat' dir='ltr'>in</span> <span class='ocrx_word' id='word_1_390' title='bbox 1967 355 2069 385; x_wconf 84' lang='lat' dir='ltr'>regno</span> <span class='ocrx_word' id='word_1_391' title='bbox 2097 354 2213 386; x_wconf 91' lang='lat' dir='ltr'>corpo-</span> 
     </span>
     <span class='ocr_line' id='line_1_58' title="bbox 1233 384 2213 429; baseline 0.002 -13"><span class='ocrx_word' id='word_1_392' title='bbox 1233 384 1304 417; x_wconf 89' lang='lat' dir='ltr'>rali.</span> <span class='ocrx_word' id='word_1_393' title='bbox 1351 386 1418 417; x_wconf 89' lang='lat' dir='ltr'>lmo</span> <span class='ocrx_word' id='word_1_394' title='bbox 1432 385 1540 416; x_wconf 76' lang='lat' dir='ltr'>David</span> <span class='ocrx_word' id='word_1_395' title='bbox 1563 388 1698 418; x_wconf 87' lang='lat' dir='ltr'>moritur</span> <span class='ocrx_word' id='word_1_396' title='bbox 1721 389 1815 418; x_wconf 88' lang='lat' dir='ltr'>annis</span> <span class='ocrx_word' id='word_1_397' title='bbox 1840 386 1940 425; x_wconf 88' lang='grc'><strong>1111110,</strong></span> <span class='ocrx_word' id='word_1_398' title='bbox 1964 394 2140 429; x_wconf 75' lang='lat' dir='ltr'>antequam</span> <span class='ocrx_word' id='word_1_399' title='bbox 2157 397 2213 419; x_wconf 88' lang='lat' dir='ltr'>ve-</span> 
     </span>
     <span class='ocr_line' id='line_1_59' title="bbox 1233 428 1562 462; baseline 0.009 -3"><span class='ocrx_word' id='word_1_400' title='bbox 1233 429 1279 459; x_wconf 91' lang='lat' dir='ltr'>nit</span> <span class='ocrx_word' id='word_1_401' title='bbox 1302 429 1366 460; x_wconf 84' lang='lat' dir='ltr'>iste</span> <span class='ocrx_word' id='word_1_402' title='bbox 1390 428 1562 462; x_wconf 80' lang='lat' dir='ltr'>Dominus.</span> 
     </span>
    </p>

    <p class='ocr_par' dir='ltr' id='par_1_14' title="bbox 1203 471 2215 1800">
     <span class='ocr_line' id='line_1_60' title="bbox 1319 471 2212 514; baseline 0.003 -12"><span class='ocrx_word' id='word_1_403' title='bbox 1319 471 1448 502; x_wconf 84' lang='lat' dir='ltr'>Deinde</span> <span class='ocrx_word' id='word_1_404' title='bbox 1482 474 1577 502; x_wconf 83' lang='lat' dir='ltr'>etiam</span> <span class='ocrx_word' id='word_1_405' title='bbox 1612 471 1677 503; x_wconf 91' lang='lat' dir='ltr'>hoc</span> <span class='ocrx_word' id='word_1_406' title='bbox 1705 473 1981 504; x_wconf 82' lang='lat' dir='ltr'>considerandum</span> <span class='ocrx_word' id='word_1_407' title='bbox 2017 481 2089 511; x_wconf 89' lang='lat' dir='ltr'>est,</span> <span class='ocrx_word' id='word_1_408' title='bbox 2124 474 2212 514; x_wconf 85' lang='lat' dir='ltr'>quod</span> 
     </span>
     <span class='ocr_line' id='line_1_61' title="bbox 1231 515 2210 557; baseline 0.002 -12"><span class='ocrx_word' id='word_1_409' title='bbox 1231 524 1299 545; x_wconf 88' lang='grc'><strong>11011</strong></span> <span class='ocrx_word' id='word_1_410' title='bbox 1323 522 1375 546; x_wconf 79' lang='lat' dir='ltr'>cst</span> <span class='ocrx_word' id='word_1_411' title='bbox 1398 521 1536 546; x_wconf 78' lang='lat' dir='ltr'>naturae</span> <span class='ocrx_word' id='word_1_412' title='bbox 1560 516 1707 546; x_wconf 85' lang='lat' dir='ltr'>eiusdem</span> <span class='ocrx_word' id='word_1_413' title='bbox 1728 522 1759 546; x_wconf 88' lang='lat' dir='ltr'>et</span> <span class='ocrx_word' id='word_1_414' title='bbox 1783 515 1950 557; x_wconf 83' lang='lat' dir='ltr'>aequalis,</span> <span class='ocrx_word' id='word_1_415' title='bbox 1982 517 2041 547; x_wconf 89' lang='lat' dir='ltr'>sed</span> <span class='ocrx_word' id='word_1_416' title='bbox 2071 517 2103 547; x_wconf 92' lang='lat' dir='ltr'>in</span> <span class='ocrx_word' id='word_1_417' title='bbox 2129 516 2210 547; x_wconf 84' lang='lat' dir='ltr'>Filio</span> 
     </span>
     <span class='ocr_line' id='line_1_62' title="bbox 1232 556 2212 595; baseline 0.003 -7"><span class='ocrx_word' id='word_1_418' title='bbox 1232 556 1294 589; x_wconf 88' lang='lat' dir='ltr'>Dei</span> <span class='ocrx_word' id='word_1_419' title='bbox 1320 564 1397 588; x_wconf 86' lang='lat' dir='ltr'>nato</span> <span class='ocrx_word' id='word_1_420' title='bbox 1417 568 1457 589; x_wconf 86' lang='lat' dir='ltr'>ex</span> <span class='ocrx_word' id='word_1_421' title='bbox 1481 558 1596 595; x_wconf 71' lang='lat' dir='ltr'>Maria,</span> <span class='ocrx_word' id='word_1_422' title='bbox 1621 557 1719 588; x_wconf 71' lang='lat' dir='ltr'>simul</span> <span class='ocrx_word' id='word_1_423' title='bbox 1743 565 1793 589; x_wconf 84' lang='lat' dir='ltr'>est</span> <span class='ocrx_word' id='word_1_424' title='bbox 1819 565 1935 590; x_wconf 86' lang='lat' dir='ltr'>natura</span> <span class='ocrx_word' id='word_1_425' title='bbox 1961 560 2070 590; x_wconf 81' lang='lat' dir='ltr'>divina</span> <span class='ocrx_word' id='word_1_426' title='bbox 2101 568 2128 590; x_wconf 89' lang='lat' dir='ltr'>et</span> <span class='ocrx_word' id='word_1_427' title='bbox 2157 560 2212 591; x_wconf 86' lang='lat' dir='ltr'>hu-</span> 
     </span>
     <span class='ocr_line' id='line_1_63' title="bbox 1232 599 2212 642; baseline -0.001 -11"><span class='ocrx_word' id='word_1_428' title='bbox 1232 610 1347 637; x_wconf 68' lang='lat' dir='ltr'>mana,</span> <span class='ocrx_word' id='word_1_429' title='bbox 1370 601 1446 642; x_wconf 84' lang='lat' dir='ltr'>quia</span> <span class='ocrx_word' id='word_1_430' title='bbox 1469 599 1558 632; x_wconf 84' lang='lat' dir='ltr'>clare</span> <span class='ocrx_word' id='word_1_431' title='bbox 1577 602 1708 632; x_wconf 81' lang='lat' dir='ltr'>dicitur:</span> <span class='ocrx_word' id='word_1_432' title='bbox 1743 602 1781 630; x_wconf 83' lang='lat' dir='ltr'>In</span> <span class='ocrx_word' id='word_1_433' title='bbox 1802 603 1963 640; x_wconf 76' lang='lat' dir='ltr'>prim-ipio</span> <span class='ocrx_word' id='word_1_434' title='bbox 1987 606 2054 632; x_wconf 77' lang='lat' dir='ltr'>erat</span> <span class='ocrx_word' id='word_1_435' title='bbox 2078 603 2212 632; x_wconf 77' lang='lat' dir='ltr'>verbum:</span> 
     </span>
     <span class='ocr_line' id='line_1_64' title="bbox 1231 643 2212 685; baseline 0.002 -13"><span class='ocrx_word' id='word_1_436' title='bbox 1231 643 1350 673; x_wconf 77' lang='lat' dir='ltr'>verbnm</span> <span class='ocrx_word' id='word_1_437' title='bbox 1373 654 1448 672; x_wconf 75' lang='lat' dir='ltr'>earo</span> <span class='ocrx_word' id='word_1_438' title='bbox 1468 645 1587 681; x_wconf 71' lang='lat' dir='ltr'>fita-lum</span> <span class='ocrx_word' id='word_1_439' title='bbox 1611 648 1664 674; x_wconf 83' lang='lat' dir='ltr'>est.</span> <span class='ocrx_word' id='word_1_440' title='bbox 1712 643 1810 682; x_wconf 87' lang='lat' dir='ltr'>Item,</span> <span class='ocrx_word' id='word_1_441' title='bbox 1840 645 1989 682; x_wconf 69' lang='lat' dir='ltr'>(ilar-isira</span> <span class='ocrx_word' id='word_1_442' title='bbox 2020 654 2064 674; x_wconf 82' lang='lat' dir='ltr'>me</span> <span class='ocrx_word' id='word_1_443' title='bbox 2096 646 2212 685; x_wconf 69' lang='lat' dir='ltr'>ylotv‘u,</span> 
     </span>
     <span class='ocr_line' id='line_1_65' title="bbox 1231 686 2209 726; baseline 0.003 -11"><span class='ocrx_word' id='word_1_444' title='bbox 1231 697 1321 726; x_wconf 82' lang='lat' dir='ltr'>qtmm</span> <span class='ocrx_word' id='word_1_445' title='bbox 1343 686 1437 716; x_wconf 70' lang='lat' dir='ltr'>habui</span> <span class='ocrx_word' id='word_1_446' title='bbox 1461 687 1547 726; x_wconf 74' lang='lat' dir='ltr'>apud</span> <span class='ocrx_word' id='word_1_447' title='bbox 1572 694 1601 716; x_wconf 77' lang='lat' dir='ltr'>le</span> <span class='ocrx_word' id='word_1_448' title='bbox 1624 691 1695 716; x_wconf 70' lang='lat' dir='ltr'>(tute</span> <span class='ocrx_word' id='word_1_449' title='bbox 1708 689 1956 717; x_wconf 74' lang='lat' dir='ltr'>constitutionem</span> <span class='ocrx_word' id='word_1_450' title='bbox 1979 688 2095 717; x_wconf 73' lang='lat' dir='ltr'>numdi.</span> <span class='ocrx_word' id='word_1_451' title='bbox 2122 689 2209 719; x_wconf 63' lang='lat' dir='ltr'>ite-n.</span> 
     </span>
     <span class='ocr_line' id='line_1_66' title="bbox 1203 729 2212 779; baseline 0.004 -21"><span class='ocrx_word' id='word_1_452' title='bbox 1203 750 1209 779; x_wconf 43' lang='grc' dir='ltr'>ι</span> <span class='ocrx_word' id='word_1_453' title='bbox 1231 730 1406 769; x_wconf 78' lang='lat' dir='ltr'>Antequam</span> <span class='ocrx_word' id='word_1_454' title='bbox 1429 730 1585 759; x_wconf 79' lang='lat' dir='ltr'>Abraham</span> <span class='ocrx_word' id='word_1_455' title='bbox 1605 732 1689 769; x_wconf 78' lang='lat' dir='ltr'>fuit,</span> <span class='ocrx_word' id='word_1_456' title='bbox 1725 741 1783 769; x_wconf 75' lang='lat' dir='ltr'>eyo</span> <span class='ocrx_word' id='word_1_457' title='bbox 1818 742 1892 761; x_wconf 83' lang='lat' dir='ltr'>snm.</span> <span class='ocrx_word' id='word_1_458' title='bbox 1945 729 2004 762; x_wconf 82' lang='lat' dir='ltr'>llla</span> <span class='ocrx_word' id='word_1_459' title='bbox 2026 732 2212 762; x_wconf 73' lang='lat' dir='ltr'>testimonia</span> 
     </span>
     <span class='ocr_line' id='line_1_67' title="bbox 1233 773 2210 816; baseline 0.002 -13"><span class='ocrx_word' id='word_1_460' title='bbox 1233 773 1357 810; x_wconf 88' lang='lat' dir='ltr'>dicunt,</span> <span class='ocrx_word' id='word_1_461' title='bbox 1376 774 1463 814; x_wconf 87' lang='lat' dir='ltr'>quod</span> <span class='ocrx_word' id='word_1_462' title='bbox 1489 774 1520 803; x_wconf 90' lang='lat' dir='ltr'>in</span> <span class='ocrx_word' id='word_1_463' title='bbox 1543 773 1668 805; x_wconf 74' lang='lat' dir='ltr'>Messta</span> <span class='ocrx_word' id='word_1_464' title='bbox 1691 774 1732 804; x_wconf 82' lang='lat' dir='ltr'>sit</span> <span class='ocrx_word' id='word_1_465' title='bbox 1756 781 1873 805; x_wconf 84' lang='lat' dir='ltr'>natura</span> <span class='ocrx_word' id='word_1_466' title='bbox 1904 774 2033 813; x_wconf 74' lang='lat' dir='ltr'>divina,</span> <span class='ocrx_word' id='word_1_467' title='bbox 2063 780 2096 805; x_wconf 90' lang='lat' dir='ltr'>et</span> <span class='ocrx_word' id='word_1_468' title='bbox 2124 775 2210 816; x_wconf 81' lang='lat' dir='ltr'>quod</span> 
     </span>
     <span class='ocr_line' id='line_1_68' title="bbox 1232 815 2212 857; baseline 0.002 -11"><span class='ocrx_word' id='word_1_469' title='bbox 1232 816 1317 846; x_wconf 86' lang='lat' dir='ltr'>duae</span> <span class='ocrx_word' id='word_1_470' title='bbox 1340 815 1417 846; x_wconf 83' lang='lat' dir='ltr'>illae</span> <span class='ocrx_word' id='word_1_471' title='bbox 1440 822 1578 847; x_wconf 84' lang='lat' dir='ltr'>naturae</span> <span class='ocrx_word' id='word_1_472' title='bbox 1602 818 1666 847; x_wconf 85' lang='lat' dir='ltr'>sint</span> <span class='ocrx_word' id='word_1_473' title='bbox 1690 816 1878 857; x_wconf 73' lang='lat' dir='ltr'>copulatae,</span> <span class='ocrx_word' id='word_1_474' title='bbox 1893 818 2001 848; x_wconf 80' lang='lat' dir='ltr'>divina</span> <span class='ocrx_word' id='word_1_475' title='bbox 2015 822 2045 847; x_wconf 86' lang='lat' dir='ltr'>et</span> <span class='ocrx_word' id='word_1_476' title='bbox 2058 816 2212 854; x_wconf 79' lang='lat' dir='ltr'>humana,</span> 
     </span>
     <span class='ocr_line' id='line_1_69' title="bbox 1232 859 2211 891; baseline -0.001 -2"><span class='ocrx_word' id='word_1_477' title='bbox 1232 864 1268 889; x_wconf 88' lang='lat' dir='ltr'>ut</span> <span class='ocrx_word' id='word_1_478' title='bbox 1291 868 1376 890; x_wconf 90' lang='lat' dir='ltr'>unus</span> <span class='ocrx_word' id='word_1_479' title='bbox 1401 866 1510 890; x_wconf 86' lang='lat' dir='ltr'>tamen</span> <span class='ocrx_word' id='word_1_480' title='bbox 1540 865 1572 890; x_wconf 91' lang='lat' dir='ltr'>et</span> <span class='ocrx_word' id='word_1_481' title='bbox 1602 860 1686 891; x_wconf 85' lang='lat' dir='ltr'>idem</span> <span class='ocrx_word' id='word_1_482' title='bbox 1715 861 1757 890; x_wconf 83' lang='lat' dir='ltr'>sit</span> <span class='ocrx_word' id='word_1_483' title='bbox 1787 859 1873 890; x_wconf 77' lang='lat' dir='ltr'>iilius</span> <span class='ocrx_word' id='word_1_484' title='bbox 1899 860 2039 891; x_wconf 79' lang='lat' dir='ltr'>Davidis</span> <span class='ocrx_word' id='word_1_485' title='bbox 2070 866 2104 891; x_wconf 88' lang='lat' dir='ltr'>et</span> <span class='ocrx_word' id='word_1_486' title='bbox 2127 859 2211 891; x_wconf 69' lang='lat' dir='ltr'>tilius</span> 
     </span>
     <span class='ocr_line' id='line_1_70' title="bbox 1203 901 2213 962; baseline 0.002 -30"><span class='ocrx_word' id='word_1_487' title='bbox 1203 913 1208 962; x_wconf 51' lang='grc' dir='ltr'>ἰ</span> <span class='ocrx_word' id='word_1_488' title='bbox 1231 901 1310 933; x_wconf 90' lang='lat' dir='ltr'>Dei:</span> <span class='ocrx_word' id='word_1_489' title='bbox 1335 902 1419 932; x_wconf 83' lang='lat' dir='ltr'>sicut</span> <span class='ocrx_word' id='word_1_490' title='bbox 1443 902 1553 933; x_wconf 81' lang='lat' dir='ltr'>anima</span> <span class='ocrx_word' id='word_1_491' title='bbox 1576 908 1607 933; x_wconf 88' lang='lat' dir='ltr'>et</span> <span class='ocrx_word' id='word_1_492' title='bbox 1633 912 1754 943; x_wconf 90' lang='lat' dir='ltr'>corpus</span> <span class='ocrx_word' id='word_1_493' title='bbox 1789 909 1865 933; x_wconf 80' lang='lat' dir='ltr'>sunt</span> <span class='ocrx_word' id='word_1_494' title='bbox 1899 913 1985 934; x_wconf 81' lang='lat' dir='ltr'>unus</span> <span class='ocrx_word' id='word_1_495' title='bbox 2021 903 2134 934; x_wconf 91' lang='lat' dir='ltr'>homo:</span> <span class='ocrx_word' id='word_1_496' title='bbox 2164 904 2213 934; x_wconf 87' lang='lat' dir='ltr'>sic</span> 
     </span>
     <span class='ocr_line' id='line_1_71' title="bbox 1203 944 2212 1000; baseline 0.002 -25"><span class='ocrx_word' id='word_1_497' title='bbox 1203 965 1208 1000; x_wconf 56' lang='grc' dir='ltr'>Ι</span> <span class='ocrx_word' id='word_1_498' title='bbox 1231 951 1350 976; x_wconf 85' lang='lat' dir='ltr'>natura</span> <span class='ocrx_word' id='word_1_499' title='bbox 1373 945 1485 975; x_wconf 85' lang='lat' dir='ltr'>divina</span> <span class='ocrx_word' id='word_1_500' title='bbox 1508 951 1541 975; x_wconf 89' lang='lat' dir='ltr'>et</span> <span class='ocrx_word' id='word_1_501' title='bbox 1562 944 1708 976; x_wconf 85' lang='lat' dir='ltr'>humana</span> <span class='ocrx_word' id='word_1_502' title='bbox 1731 953 1807 976; x_wconf 86' lang='lat' dir='ltr'>sunt</span> <span class='ocrx_word' id='word_1_503' title='bbox 1836 946 1867 976; x_wconf 90' lang='lat' dir='ltr'>in</span> <span class='ocrx_word' id='word_1_504' title='bbox 1888 946 2020 976; x_wconf 82' lang='lat' dir='ltr'>Christo</span> <span class='ocrx_word' id='word_1_505' title='bbox 2048 956 2114 978; x_wconf 90' lang='lat' dir='ltr'>una</span> <span class='ocrx_word' id='word_1_506' title='bbox 2139 956 2212 988; x_wconf 88' lang='lat' dir='ltr'>per-</span> 
     </span>
     <span class='ocr_line' id='line_1_72' title="bbox 1231 986 2211 1031; baseline 0.002 -13"><span class='ocrx_word' id='word_1_507' title='bbox 1231 997 1325 1018; x_wconf 78' lang='lat' dir='ltr'>sona.</span> <span class='ocrx_word' id='word_1_508' title='bbox 1371 986 1431 1018; x_wconf 85' lang='lat' dir='ltr'>llla</span> <span class='ocrx_word' id='word_1_509' title='bbox 1454 987 1621 1029; x_wconf 82' lang='lat' dir='ltr'>copulatio</span> <span class='ocrx_word' id='word_1_510' title='bbox 1644 989 1772 1019; x_wconf 84' lang='lat' dir='ltr'>animae</span> <span class='ocrx_word' id='word_1_511' title='bbox 1796 995 1827 1019; x_wconf 88' lang='lat' dir='ltr'>et</span> <span class='ocrx_word' id='word_1_512' title='bbox 1851 991 2019 1030; x_wconf 80' lang='lat' dir='ltr'>corporis,</span> <span class='ocrx_word' id='word_1_513' title='bbox 2047 995 2079 1020; x_wconf 91' lang='lat' dir='ltr'>et</span> <span class='ocrx_word' id='word_1_514' title='bbox 2103 989 2211 1031; x_wconf 81' lang='lat' dir='ltr'>imago</span> 
     </span>
     <span class='ocr_line' id='line_1_73' title="bbox 1203 1030 2211 1075; baseline 0.001 -13"><span class='ocrx_word' id='word_1_515' title='bbox 1203 1042 1208 1075; x_wconf 71' lang='lat' dir='ltr'>t</span> <span class='ocrx_word' id='word_1_516' title='bbox 1232 1037 1264 1062; x_wconf 88' lang='lat' dir='ltr'>et</span> <span class='ocrx_word' id='word_1_517' title='bbox 1286 1030 1520 1062; x_wconf 83' lang='lat' dir='ltr'>simulachrum</span> <span class='ocrx_word' id='word_1_518' title='bbox 1544 1030 1632 1062; x_wconf 76' lang='lat' dir='ltr'>illius</span> <span class='ocrx_word' id='word_1_519' title='bbox 1655 1032 1825 1063; x_wconf 88' lang='lat' dir='ltr'>mirandae</span> <span class='ocrx_word' id='word_1_520' title='bbox 1839 1032 2057 1073; x_wconf 80' lang='lat' dir='ltr'>copulationis</span> <span class='ocrx_word' id='word_1_521' title='bbox 2075 1033 2211 1063; x_wconf 85' lang='lat' dir='ltr'>duarum</span> 
     </span>
     <span class='ocr_line' id='line_1_74' title="bbox 1203 1073 1643 1117; baseline 0 -12"><span class='ocrx_word' id='word_1_522' title='bbox 1203 1077 1207 1117; x_wconf 67' lang='lat' dir='ltr'>i</span> <span class='ocrx_word' id='word_1_523' title='bbox 1231 1080 1422 1105; x_wconf 85' lang='lat' dir='ltr'>naturarum</span> <span class='ocrx_word' id='word_1_524' title='bbox 1446 1074 1478 1104; x_wconf 91' lang='lat' dir='ltr'>in</span> <span class='ocrx_word' id='word_1_525' title='bbox 1499 1073 1643 1105; x_wconf 74' lang='lat' dir='ltr'>Christo.</span> 
     </span>
     <span class='ocr_line' id='line_1_75' title="bbox 1204 1116 2076 1159; baseline -0.001 -12"><span class='ocrx_word' id='word_1_526' title='bbox 1204 1122 1207 1159; x_wconf 67' lang='lat' dir='ltr'>t</span> <span class='ocrx_word' id='word_1_527' title='bbox 1319 1117 1394 1147; x_wconf 78' lang='lat' dir='ltr'>Non</span> <span class='ocrx_word' id='word_1_528' title='bbox 1429 1127 1565 1157; x_wconf 75' lang='lat' dir='ltr'>possum</span> <span class='ocrx_word' id='word_1_529' title='bbox 1600 1117 1664 1148; x_wconf 88' lang='grc'><strong>1130</strong></span> <span class='ocrx_word' id='word_1_530' title='bbox 1698 1118 1738 1148; x_wconf 92' lang='lat' dir='ltr'>de</span> <span class='ocrx_word' id='word_1_531' title='bbox 1772 1127 1809 1148; x_wconf 91' lang='lat' dir='ltr'>re</span> <span class='ocrx_word' id='word_1_532' title='bbox 1836 1116 1931 1158; x_wconf 87' lang='lat' dir='ltr'>plura</span> <span class='ocrx_word' id='word_1_533' title='bbox 1957 1118 2076 1148; x_wconf 89' lang='lat' dir='ltr'>dicere.</span> 
     </span>
     <span class='ocr_line' id='line_1_76' title="bbox 1204 1159 2214 1201; baseline 0.001 -11"><span class='ocrx_word' id='word_1_534' title='bbox 1204 1161 1208 1175; x_wconf 79' lang='lat'><strong><em>⁴</em></strong></span> <span class='ocrx_word' id='word_1_535' title='bbox 1232 1166 1309 1191; x_wconf 87' lang='lat' dir='ltr'>sunt</span> <span class='ocrx_word' id='word_1_536' title='bbox 1332 1160 1422 1191; x_wconf 83' lang='lat' dir='ltr'>initia</span> <span class='ocrx_word' id='word_1_537' title='bbox 1441 1159 1529 1191; x_wconf 83' lang='lat' dir='ltr'>illius</span> <span class='ocrx_word' id='word_1_538' title='bbox 1553 1161 1735 1201; x_wconf 76' lang='lat' dir='ltr'>sapientiae</span> <span class='ocrx_word' id='word_1_539' title='bbox 1755 1167 1788 1191; x_wconf 89' lang='lat' dir='ltr'>et</span> <span class='ocrx_word' id='word_1_540' title='bbox 1814 1160 2104 1197; x_wconf 72' lang='lat' dir='ltr'>considerationis,</span> <span class='ocrx_word' id='word_1_541' title='bbox 2127 1169 2214 1201; x_wconf 86' lang='lat' dir='ltr'>quae</span> 
     </span>
     <span class='ocr_line' id='line_1_77' title="bbox 1232 1202 2214 1241; baseline 0 -7"><span class='ocrx_word' id='word_1_542' title='bbox 1232 1204 1264 1234; x_wconf 89' lang='lat' dir='ltr'>in</span> <span class='ocrx_word' id='word_1_543' title='bbox 1289 1202 1352 1233; x_wconf 90' lang='lat' dir='ltr'>hac</span> <span class='ocrx_word' id='word_1_544' title='bbox 1375 1204 1441 1234; x_wconf 77' lang='lat' dir='ltr'>vita</span> <span class='ocrx_word' id='word_1_545' title='bbox 1466 1202 1655 1234; x_wconf 87' lang='lat' dir='ltr'>inchoanda</span> <span class='ocrx_word' id='word_1_546' title='bbox 1674 1210 1748 1241; x_wconf 80' lang='lat' dir='ltr'>est,</span> <span class='ocrx_word' id='word_1_547' title='bbox 1782 1209 1815 1234; x_wconf 91' lang='lat' dir='ltr'>et</span> <span class='ocrx_word' id='word_1_548' title='bbox 1848 1203 1880 1234; x_wconf 92' lang='lat' dir='ltr'>in</span> <span class='ocrx_word' id='word_1_549' title='bbox 1909 1204 1996 1234; x_wconf 90' lang='lat' dir='ltr'>omni</span> <span class='ocrx_word' id='word_1_550' title='bbox 2020 1205 2214 1234; x_wconf 84' lang='lat' dir='ltr'>aeternitate</span> 
     </span>
     <span class='ocr_line' id='line_1_78' title="bbox 1233 1246 2215 1287; baseline 0.001 -11"><span class='ocrx_word' id='word_1_551' title='bbox 1233 1247 1403 1284; x_wconf 84' lang='lat' dir='ltr'>discenda,</span> <span class='ocrx_word' id='word_1_552' title='bbox 1426 1253 1456 1277; x_wconf 88' lang='lat' dir='ltr'>et</span> <span class='ocrx_word' id='word_1_553' title='bbox 1480 1257 1617 1287; x_wconf 77' lang='lat' dir='ltr'>agamus</span> <span class='ocrx_word' id='word_1_554' title='bbox 1637 1246 1711 1277; x_wconf 90' lang='lat' dir='ltr'>Deo</span> <span class='ocrx_word' id='word_1_555' title='bbox 1736 1247 1873 1287; x_wconf 73' lang='lat' dir='ltr'>gratias,</span> <span class='ocrx_word' id='word_1_556' title='bbox 1897 1247 1985 1287; x_wconf 88' lang='lat' dir='ltr'>quod</span> <span class='ocrx_word' id='word_1_557' title='bbox 2009 1256 2047 1277; x_wconf 75' lang='lat' dir='ltr'>se</span> <span class='ocrx_word' id='word_1_558' title='bbox 2071 1247 2215 1277; x_wconf 80' lang='lat' dir='ltr'>ostendit</span> 
     </span>
     <span class='ocr_line' id='line_1_79' title="bbox 1233 1288 2214 1331; baseline 0 -11"><span class='ocrx_word' id='word_1_559' title='bbox 1233 1290 1263 1320; x_wconf 93' lang='lat' dir='ltr'>in</span> <span class='ocrx_word' id='word_1_560' title='bbox 1278 1288 1371 1327; x_wconf 82' lang='lat' dir='ltr'>Filio,</span> <span class='ocrx_word' id='word_1_561' title='bbox 1397 1296 1428 1320; x_wconf 82' lang='lat' dir='ltr'>et</span> <span class='ocrx_word' id='word_1_562' title='bbox 1450 1290 1623 1330; x_wconf 81' lang='lat' dir='ltr'>proposuit</span> <span class='ocrx_word' id='word_1_563' title='bbox 1648 1290 1742 1321; x_wconf 84' lang='lat' dir='ltr'>nobis</span> <span class='ocrx_word' id='word_1_564' title='bbox 1765 1288 1887 1331; x_wconf 82' lang='lat' dir='ltr'>aliquid</span> <span class='ocrx_word' id='word_1_565' title='bbox 1910 1288 2049 1326; x_wconf 67' lang='lat' dir='ltr'>visibile,</span> <span class='ocrx_word' id='word_1_566' title='bbox 2063 1290 2105 1320; x_wconf 88' lang='lat' dir='ltr'>ad</span> <span class='ocrx_word' id='word_1_567' title='bbox 2124 1289 2214 1331; x_wconf 89' lang='lat' dir='ltr'>quod</span> 
     </span>
     <span class='ocr_line' id='line_1_80' title="bbox 1232 1332 2214 1374; baseline 0 -11"><span class='ocrx_word' id='word_1_568' title='bbox 1232 1332 1381 1373; x_wconf 75' lang='lat' dir='ltr'>alligavit</span> <span class='ocrx_word' id='word_1_569' title='bbox 1405 1342 1457 1363; x_wconf 84' lang='lat' dir='ltr'>se:</span> <span class='ocrx_word' id='word_1_570' title='bbox 1482 1333 1558 1373; x_wconf 89' lang='lat' dir='ltr'>quia</span> <span class='ocrx_word' id='word_1_571' title='bbox 1578 1340 1705 1363; x_wconf 87' lang='lat' dir='ltr'>mentes</span> <span class='ocrx_word' id='word_1_572' title='bbox 1729 1332 1893 1364; x_wconf 83' lang='lat' dir='ltr'>humanae</span> <span class='ocrx_word' id='word_1_573' title='bbox 1916 1338 2082 1374; x_wconf 79' lang='lat' dir='ltr'>vagantur</span> <span class='ocrx_word' id='word_1_574' title='bbox 2111 1332 2214 1363; x_wconf 90' lang='lat' dir='ltr'>horri-</span> 
     </span>
     <span class='ocr_line' id='line_1_81' title="bbox 1234 1374 2214 1417; baseline 0.001 -11"><span class='ocrx_word' id='word_1_575' title='bbox 1234 1375 1351 1407; x_wconf 84' lang='lat' dir='ltr'>biliter.</span> <span class='ocrx_word' id='word_1_576' title='bbox 1398 1375 1568 1416; x_wconf 82' lang='lat' dir='ltr'>Cogitant:</span> <span class='ocrx_word' id='word_1_577' title='bbox 1593 1377 1668 1416; x_wconf 87' lang='lat' dir='ltr'>qnid</span> <span class='ocrx_word' id='word_1_578' title='bbox 1692 1377 1843 1413; x_wconf 75' lang='lat' dir='ltr'>invocas,</span> <span class='ocrx_word' id='word_1_579' title='bbox 1856 1374 1953 1417; x_wconf 80' lang='lat' dir='ltr'>quale</span> <span class='ocrx_word' id='word_1_580' title='bbox 1971 1376 2043 1407; x_wconf 71' lang='lat' dir='ltr'>est?</span> <span class='ocrx_word' id='word_1_581' title='bbox 2067 1376 2121 1406; x_wconf 85' lang='lat' dir='ltr'>ubi</span> <span class='ocrx_word' id='word_1_582' title='bbox 2140 1375 2214 1407; x_wconf 70' lang='lat' dir='ltr'>est?</span> 
     </span>
     <span class='ocr_line' id='line_1_82' title="bbox 1233 1418 2213 1459; baseline 0 -10"><span class='ocrx_word' id='word_1_583' title='bbox 1233 1420 1278 1449; x_wconf 85' lang='lat' dir='ltr'>lbi</span> <span class='ocrx_word' id='word_1_584' title='bbox 1303 1419 1392 1449; x_wconf 67' lang='lat' dir='ltr'>iubet</span> <span class='ocrx_word' id='word_1_585' title='bbox 1415 1429 1475 1448; x_wconf 73' lang='lat' dir='ltr'>nos</span> <span class='ocrx_word' id='word_1_586' title='bbox 1492 1418 1651 1449; x_wconf 80' lang='lat' dir='ltr'>Dominus</span> <span class='ocrx_word' id='word_1_587' title='bbox 1676 1418 1822 1458; x_wconf 66' lang='lat' dir='ltr'>defigere</span> <span class='ocrx_word' id='word_1_588' title='bbox 1846 1418 1962 1449; x_wconf 86' lang='lat' dir='ltr'>oculos</span> <span class='ocrx_word' id='word_1_589' title='bbox 1987 1420 2018 1449; x_wconf 91' lang='lat' dir='ltr'>in</span> <span class='ocrx_word' id='word_1_590' title='bbox 2038 1430 2075 1449; x_wconf 84' lang='lat' dir='ltr'>se</span> <span class='ocrx_word' id='word_1_591' title='bbox 2095 1419 2213 1459; x_wconf 76' lang='lat' dir='ltr'>ipsum.</span> 
     </span>
     <span class='ocr_line' id='line_1_83' title="bbox 1233 1460 2213 1502; baseline -0.002 -9"><span class='ocrx_word' id='word_1_592' title='bbox 1233 1462 1316 1494; x_wconf 89' lang='lat' dir='ltr'>Ctnn</span> <span class='ocrx_word' id='word_1_593' title='bbox 1339 1460 1512 1502; x_wconf 80' lang='lat' dir='ltr'>Philippus</span> <span class='ocrx_word' id='word_1_594' title='bbox 1537 1462 1678 1492; x_wconf 85' lang='lat' dir='ltr'>diceret:</span> <span class='ocrx_word' id='word_1_595' title='bbox 1704 1462 1840 1490; x_wconf 65' lang='lat' dir='ltr'>Osremlp</span> <span class='ocrx_word' id='word_1_596' title='bbox 1864 1462 1952 1491; x_wconf 75' lang='lat' dir='ltr'>nobis</span> <span class='ocrx_word' id='word_1_597' title='bbox 1972 1465 2112 1500; x_wconf 73' lang='lat' dir='ltr'>pult-cm,</span> <span class='ocrx_word' id='word_1_598' title='bbox 2142 1460 2213 1502; x_wconf 86' lang='lat' dir='ltr'>pul-</span> 
     </span>
     <span class='ocr_line' id='line_1_84' title="bbox 1204 1492 2211 1800; baseline -0.003 -263"><span class='ocrx_word' id='word_1_599' title='bbox 1204 1492 1210 1800; x_wconf 74' lang='grc' dir='ltr'>Ι</span> <span class='ocrx_word' id='word_1_600' title='bbox 1234 1516 1290 1537; x_wconf 86' lang='lat' dir='ltr'>cre</span> <span class='ocrx_word' id='word_1_601' title='bbox 1314 1511 1345 1535; x_wconf 87' lang='lat' dir='ltr'>et</span> <span class='ocrx_word' id='word_1_602' title='bbox 1375 1505 1544 1545; x_wconf 80' lang='lat' dir='ltr'>sapienter</span> <span class='ocrx_word' id='word_1_603' title='bbox 1575 1506 1772 1545; x_wconf 79' lang='lat' dir='ltr'>quaerebat:</span> <span class='ocrx_word' id='word_1_604' title='bbox 1802 1504 1861 1536; x_wconf 84' lang='lat' dir='ltr'>fuit</span> <span class='ocrx_word' id='word_1_605' title='bbox 1891 1515 2011 1545; x_wconf 77' lang='lat' dir='ltr'>magna</span> <span class='ocrx_word' id='word_1_606' title='bbox 2043 1505 2211 1546; x_wconf 72' lang='lat' dir='ltr'>quaestio:</span> 
     </span>
    </p>
   </div>
   <div class='ocr_carea' id='block_1_11' title="bbox 1203 784 1209 902">
    <p class='ocr_par' dir='ltr' id='par_1_15' title="bbox 1203 784 1209 902">
     <span class='ocr_line' id='line_1_85' title="bbox 1203 784 1209 902; baseline 0 2068"><span class='ocrx_word' id='word_1_607' title='bbox 1203 784 1209 902; x_wconf 95' lang='lat' dir='ltr'> </span> 
     </span>
    </p>
   </div>
   <div class='ocr_carea' id='block_1_12' title="bbox 2122 1117 2212 1148">
    <p class='ocr_par' dir='ltr' id='par_1_16' title="bbox 2122 1117 2212 1148">
     <span class='ocr_line' id='line_1_86' title="bbox 2122 1117 2212 1148; baseline 0.011 -1"><span class='ocrx_word' id='word_1_608' title='bbox 2122 1117 2212 1148; x_wconf 80' lang='lat' dir='ltr'>naec</span> 
     </span>
    </p>
   </div>
   <div class='ocr_carea' id='block_1_13' title="bbox 1204 1178 1208 1289">
    <p class='ocr_par' dir='ltr' id='par_1_17' title="bbox 1204 1178 1208 1289">
     <span class='ocr_line' id='line_1_87' title="bbox 1204 1178 1208 1289; baseline 0 0"><span class='ocrx_word' id='word_1_609' title='bbox 1204 1178 1208 1289; x_wconf 95' lang='lat' dir='ltr'> </span> 
     </span>
    </p>
   </div>
   <div class='ocr_carea' id='block_1_14' title="bbox 1230 1546 2215 2666">
    <p class='ocr_par' dir='ltr' id='par_1_18' title="bbox 1230 1546 2215 2666">
     <span class='ocr_line' id='line_1_88' title="bbox 1233 1546 2212 1589; baseline -0.004 -9"><span class='ocrx_word' id='word_1_610' title='bbox 1233 1549 1418 1589; x_wconf 72' lang='lat' dir='ltr'>vagabatur</span> <span class='ocrx_word' id='word_1_611' title='bbox 1442 1549 1513 1578; x_wconf 88' lang='lat' dir='ltr'>eius</span> <span class='ocrx_word' id='word_1_612' title='bbox 1547 1549 1699 1585; x_wconf 74' lang='lat' dir='ltr'>animus,</span> <span class='ocrx_word' id='word_1_613' title='bbox 1734 1549 1826 1578; x_wconf 66' lang='lat' dir='ltr'>varia</span> <span class='ocrx_word' id='word_1_614' title='bbox 1860 1548 2027 1589; x_wconf 74' lang='lat' dir='ltr'>cogitabat</span> <span class='ocrx_word' id='word_1_615' title='bbox 2062 1548 2103 1577; x_wconf 88' lang='lat' dir='ltr'>de</span> <span class='ocrx_word' id='word_1_616' title='bbox 2129 1546 2212 1578; x_wconf 88' lang='lat' dir='ltr'>Deo.</span> 
     </span>
     <span class='ocr_line' id='line_1_89' title="bbox 1233 1590 2213 1631; baseline -0.003 -9"><span class='ocrx_word' id='word_1_617' title='bbox 1233 1592 1279 1622; x_wconf 83' lang='lat' dir='ltr'>lbi</span> <span class='ocrx_word' id='word_1_618' title='bbox 1301 1591 1462 1621; x_wconf 84' lang='lat' dir='ltr'>Dominus</span> <span class='ocrx_word' id='word_1_619' title='bbox 1487 1590 1621 1621; x_wconf 80' lang='lat' dir='ltr'>retrahit</span> <span class='ocrx_word' id='word_1_620' title='bbox 1646 1601 1730 1628; x_wconf 83' lang='lat' dir='ltr'>eum,</span> <span class='ocrx_word' id='word_1_621' title='bbox 1752 1597 1784 1621; x_wconf 86' lang='lat' dir='ltr'>et</span> <span class='ocrx_word' id='word_1_622' title='bbox 1807 1591 1979 1631; x_wconf 72' lang='lat' dir='ltr'>obiurgat:</span> <span class='ocrx_word' id='word_1_623' title='bbox 2023 1590 2120 1619; x_wconf 76' lang='lat' dir='ltr'>Tanto</span> <span class='ocrx_word' id='word_1_624' title='bbox 2144 1594 2213 1619; x_wconf 66' lang='lat' dir='ltr'>tem</span> 
     </span>
     <span class='ocr_line' id='line_1_90' title="bbox 1230 1630 2215 1674; baseline -0.003 -9"><span class='ocrx_word' id='word_1_625' title='bbox 1230 1645 1310 1674; x_wconf 76' lang='lat' dir='ltr'>pore</span> <span class='ocrx_word' id='word_1_626' title='bbox 1334 1634 1485 1663; x_wconf 72' lang='lat' dir='ltr'>vobiscum</span> <span class='ocrx_word' id='word_1_627' title='bbox 1509 1644 1586 1668; x_wconf 79' lang='lat' dir='ltr'>sum,</span> <span class='ocrx_word' id='word_1_628' title='bbox 1618 1637 1647 1663; x_wconf 69' lang='lat' dir='ltr'>et</span> <span class='ocrx_word' id='word_1_629' title='bbox 1671 1645 1731 1663; x_wconf 70' lang='grc' dir='ltr'>ηομ</span> <span class='ocrx_word' id='word_1_630' title='bbox 1752 1630 1944 1672; x_wconf 66' lang='lat' dir='ltr'>eoffltovislz&#39;s</span> <span class='ocrx_word' id='word_1_631' title='bbox 1966 1643 2030 1668; x_wconf 75' lang='lat' dir='ltr'>me5</span> <span class='ocrx_word' id='word_1_632' title='bbox 2053 1634 2107 1672; x_wconf 76' lang='lat' dir='ltr'>qui</span> <span class='ocrx_word' id='word_1_633' title='bbox 2128 1633 2215 1662; x_wconf 80' lang='lat' dir='ltr'>videt</span> 
     </span>
     <span class='ocr_line' id='line_1_91' title="bbox 1232 1676 2215 1717; baseline 0 -10"><span class='ocrx_word' id='word_1_634' title='bbox 1232 1689 1289 1717; x_wconf 68' lang='lat' dir='ltr'>me,</span> <span class='ocrx_word' id='word_1_635' title='bbox 1307 1678 1390 1707; x_wconf 83' lang='lat' dir='ltr'>videl</span> <span class='ocrx_word' id='word_1_636' title='bbox 1409 1680 1542 1716; x_wconf 74' lang='lat' dir='ltr'>patrem.</span> <span class='ocrx_word' id='word_1_637' title='bbox 1590 1676 1738 1707; x_wconf 80' lang='lat' dir='ltr'>Reti-altit</span> <span class='ocrx_word' id='word_1_638' title='bbox 1761 1687 1823 1708; x_wconf 82' lang='lat' dir='ltr'>nos</span> <span class='ocrx_word' id='word_1_639' title='bbox 1847 1678 1888 1708; x_wconf 88' lang='lat' dir='ltr'>ad</span> <span class='ocrx_word' id='word_1_640' title='bbox 1914 1686 1952 1707; x_wconf 84' lang='lat' dir='ltr'>se</span> <span class='ocrx_word' id='word_1_641' title='bbox 1970 1676 2163 1707; x_wconf 79' lang='lat' dir='ltr'>crucifixum</span> <span class='ocrx_word' id='word_1_642' title='bbox 2181 1680 2215 1707; x_wconf 90' lang='lat' dir='ltr'>et</span> 
     </span>
     <span class='ocr_line' id='line_1_92' title="bbox 1232 1719 2214 1761; baseline -0.003 -9"><span class='ocrx_word' id='word_1_643' title='bbox 1232 1721 1474 1758; x_wconf 73' lang='lat' dir='ltr'>resuscitatum,</span> <span class='ocrx_word' id='word_1_644' title='bbox 1498 1726 1533 1751; x_wconf 90' lang='lat' dir='ltr'>ut</span> <span class='ocrx_word' id='word_1_645' title='bbox 1556 1721 1662 1761; x_wconf 70' lang='lat' dir='ltr'>ipsum</span> <span class='ocrx_word' id='word_1_646' title='bbox 1686 1721 1869 1759; x_wconf 75' lang='lat' dir='ltr'>audianus,</span> <span class='ocrx_word' id='word_1_647' title='bbox 1882 1727 1913 1751; x_wconf 87' lang='lat' dir='ltr'>et</span> <span class='ocrx_word' id='word_1_648' title='bbox 1937 1721 1981 1750; x_wconf 90' lang='lat' dir='ltr'>ita</span> <span class='ocrx_word' id='word_1_649' title='bbox 1994 1719 2090 1751; x_wconf 88' lang='lat' dir='ltr'>Deun</span> <span class='ocrx_word' id='word_1_650' title='bbox 2114 1728 2214 1761; x_wconf 87' lang='lat' dir='ltr'>quae-</span> 
     </span>
     <span class='ocr_line' id='line_1_93' title="bbox 1233 1762 2214 1805; baseline -0.004 -9"><span class='ocrx_word' id='word_1_651' title='bbox 1233 1774 1355 1796; x_wconf 86' lang='lat' dir='ltr'>ramus.</span> <span class='ocrx_word' id='word_1_652' title='bbox 1402 1764 1471 1793; x_wconf 65' lang='lat' dir='ltr'>Nos</span> <span class='ocrx_word' id='word_1_653' title='bbox 1502 1764 1703 1805; x_wconf 73' lang='lat' dir='ltr'>cogitamus:</span> <span class='ocrx_word' id='word_1_654' title='bbox 1738 1764 1793 1794; x_wconf 90' lang='lat' dir='ltr'>ubi</span> <span class='ocrx_word' id='word_1_655' title='bbox 1822 1770 1874 1795; x_wconf 82' lang='lat' dir='ltr'>est</span> <span class='ocrx_word' id='word_1_656' title='bbox 1897 1763 2011 1800; x_wconf 86' lang='lat' dir='ltr'>Deus,</span> <span class='ocrx_word' id='word_1_657' title='bbox 2047 1762 2214 1804; x_wconf 86' lang='lat' dir='ltr'>quomodo</span> 
     </span>
     <span class='ocr_line' id='line_1_94' title="bbox 1233 1806 2213 1849; baseline -0.004 -10"><span class='ocrx_word' id='word_1_658' title='bbox 1233 1819 1306 1839; x_wconf 90' lang='lat' dir='ltr'>eum</span> <span class='ocrx_word' id='word_1_659' title='bbox 1331 1808 1533 1849; x_wconf 70' lang='lat' dir='ltr'>agnoscant?</span> <span class='ocrx_word' id='word_1_660' title='bbox 1557 1807 1722 1848; x_wconf 84' lang='lat' dir='ltr'>quomodo</span> <span class='ocrx_word' id='word_1_661' title='bbox 1747 1807 1918 1848; x_wconf 78' lang='lat' dir='ltr'>seiungam</span> <span class='ocrx_word' id='word_1_662' title='bbox 1943 1816 2047 1837; x_wconf 75' lang='lat' dir='ltr'>nicam</span> <span class='ocrx_word' id='word_1_663' title='bbox 2081 1806 2213 1836; x_wconf 83' lang='lat' dir='ltr'>invoca-</span> 
     </span>
     <span class='ocr_line' id='line_1_95' title="bbox 1234 1848 2212 1890; baseline -0.004 -8"><span class='ocrx_word' id='word_1_664' title='bbox 1234 1852 1353 1882; x_wconf 82' lang='lat' dir='ltr'>tionem</span> <span class='ocrx_word' id='word_1_665' title='bbox 1378 1849 1592 1880; x_wconf 75' lang='lat' dir='ltr'>ahEthnica&#39;!</span> <span class='ocrx_word' id='word_1_666' title='bbox 1612 1849 1828 1890; x_wconf 67' lang='lat' dir='ltr'>Respondeoz</span> <span class='ocrx_word' id='word_1_667' title='bbox 1852 1852 1940 1880; x_wconf 90' lang='lat' dir='ltr'>hunc</span> <span class='ocrx_word' id='word_1_668' title='bbox 1953 1848 2058 1879; x_wconf 87' lang='lat' dir='ltr'>Deum</span> <span class='ocrx_word' id='word_1_669' title='bbox 2081 1849 2212 1886; x_wconf 83' lang='lat' dir='ltr'>invoca,</span> 
     </span>
     <span class='ocr_line' id='line_1_96' title="bbox 1234 1891 2211 1936; baseline -0.004 -11"><span class='ocrx_word' id='word_1_670' title='bbox 1234 1895 1287 1936; x_wconf 91' lang='lat' dir='ltr'>qui</span> <span class='ocrx_word' id='word_1_671' title='bbox 1312 1904 1349 1924; x_wconf 90' lang='lat' dir='ltr'>se</span> <span class='ocrx_word' id='word_1_672' title='bbox 1373 1891 1526 1934; x_wconf 68' lang='lat' dir='ltr'>patefecit</span> <span class='ocrx_word' id='word_1_673' title='bbox 1552 1893 1653 1923; x_wconf 70' lang='lat' dir='ltr'>misso</span> <span class='ocrx_word' id='word_1_674' title='bbox 1677 1893 1772 1929; x_wconf 75' lang='lat' dir='ltr'>Filio,</span> <span class='ocrx_word' id='word_1_675' title='bbox 1796 1894 1883 1923; x_wconf 89' lang='lat' dir='ltr'>hunc</span> <span class='ocrx_word' id='word_1_676' title='bbox 1906 1898 2026 1927; x_wconf 87' lang='lat' dir='ltr'>statue,</span> <span class='ocrx_word' id='word_1_677' title='bbox 2049 1900 2211 1932; x_wconf 81' lang='lat' dir='ltr'>agnosce,</span> 
     </span>
     <span class='ocr_line' id='line_1_97' title="bbox 1233 1934 2213 1976; baseline -0.006 -8"><span class='ocrx_word' id='word_1_678' title='bbox 1233 1944 1264 1969; x_wconf 89' lang='lat' dir='ltr'>et</span> <span class='ocrx_word' id='word_1_679' title='bbox 1289 1936 1395 1968; x_wconf 81' lang='lat' dir='ltr'>fatere</span> <span class='ocrx_word' id='word_1_680' title='bbox 1418 1946 1495 1967; x_wconf 72' lang='lat' dir='ltr'>esse</span> <span class='ocrx_word' id='word_1_681' title='bbox 1519 1935 1640 1973; x_wconf 86' lang='lat' dir='ltr'>Deum,</span> <span class='ocrx_word' id='word_1_682' title='bbox 1665 1937 1718 1976; x_wconf 86' lang='lat' dir='ltr'>qui</span> <span class='ocrx_word' id='word_1_683' title='bbox 1744 1937 1836 1967; x_wconf 78' lang='lat' dir='ltr'>dixit:</span> <span class='ocrx_word' id='word_1_684' title='bbox 1859 1936 1922 1964; x_wconf 78' lang='lat' dir='ltr'>Hic</span> <span class='ocrx_word' id='word_1_685' title='bbox 1945 1937 1989 1963; x_wconf 76' lang='lat' dir='ltr'>est</span> <span class='ocrx_word' id='word_1_686' title='bbox 2008 1934 2109 1963; x_wconf 67' lang='lat' dir='ltr'>filius</span> <span class='ocrx_word' id='word_1_687' title='bbox 2131 1943 2213 1962; x_wconf 77' lang='lat' dir='ltr'>mens</span> 
     </span>
     <span class='ocr_line' id='line_1_98' title="bbox 1233 1974 2213 2019; baseline -0.006 -6"><span class='ocrx_word' id='word_1_688' title='bbox 1233 1980 1377 2013; x_wconf 74' lang='lat' dir='ltr'>dilectus,</span> <span class='ocrx_word' id='word_1_689' title='bbox 1401 1979 1480 2007; x_wconf 76' lang='lat' dir='ltr'>hum·</span> <span class='ocrx_word' id='word_1_690' title='bbox 1503 1979 1620 2015; x_wconf 63' lang='lat' dir='ltr'>audite„</span> <span class='ocrx_word' id='word_1_691' title='bbox 1653 1980 1706 2019; x_wconf 87' lang='lat' dir='ltr'>qui</span> <span class='ocrx_word' id='word_1_692' title='bbox 1739 1979 1869 2009; x_wconf 78' lang='lat' dir='ltr'>tradidit</span> <span class='ocrx_word' id='word_1_693' title='bbox 1899 1988 2014 2009; x_wconf 85' lang='lat' dir='ltr'>vocem</span> <span class='ocrx_word' id='word_1_694' title='bbox 2038 1974 2213 2019; x_wconf 79' lang='lat' dir='ltr'>Evangelii</span> 
     </span>
     <span class='ocr_line' id='line_1_99' title="bbox 1233 2020 1866 2065; baseline -0.006 -10"><span class='ocrx_word' id='word_1_695' title='bbox 1233 2034 1294 2065; x_wconf 88' lang='lat' dir='ltr'>per</span> <span class='ocrx_word' id='word_1_696' title='bbox 1317 2023 1431 2054; x_wconf 73' lang='lat' dir='ltr'>filium</span> <span class='ocrx_word' id='word_1_697' title='bbox 1453 2020 1636 2052; x_wconf 78' lang='lat' dir='ltr'>illustribus</span> <span class='ocrx_word' id='word_1_698' title='bbox 1661 2022 1866 2052; x_wconf 69' lang='lat' dir='ltr'>testimoniis.</span> 
     </span>
     <span class='ocr_line' id='line_1_100' title="bbox 1320 2061 2213 2106; baseline -0.004 -10"><span class='ocrx_word' id='word_1_699' title='bbox 1320 2065 1367 2097; x_wconf 89' lang='lat' dir='ltr'>lta</span> <span class='ocrx_word' id='word_1_700' title='bbox 1396 2066 1554 2095; x_wconf 85' lang='lat' dir='ltr'>debemus</span> <span class='ocrx_word' id='word_1_701' title='bbox 1584 2064 1689 2104; x_wconf 89' lang='lat' dir='ltr'>primo</span> <span class='ocrx_word' id='word_1_702' title='bbox 1719 2075 1819 2106; x_wconf 80' lang='lat' dir='ltr'>agere</span> <span class='ocrx_word' id='word_1_703' title='bbox 1847 2065 1971 2105; x_wconf 80' lang='lat' dir='ltr'>gratias</span> <span class='ocrx_word' id='word_1_704' title='bbox 1995 2062 2089 2101; x_wconf 89' lang='lat' dir='ltr'>Deo,</span> <span class='ocrx_word' id='word_1_705' title='bbox 2123 2061 2213 2103; x_wconf 80' lang='lat' dir='ltr'>quod</span> 
     </span>
     <span class='ocr_line' id='line_1_101' title="bbox 1233 2104 2212 2150; baseline -0.006 -9"><span class='ocrx_word' id='word_1_706' title='bbox 1233 2119 1271 2141; x_wconf 87' lang='lat' dir='ltr'>se</span> <span class='ocrx_word' id='word_1_707' title='bbox 1294 2107 1451 2150; x_wconf 79' lang='lat' dir='ltr'>patefecit</span> <span class='ocrx_word' id='word_1_708' title='bbox 1480 2108 1511 2137; x_wconf 88' lang='lat' dir='ltr'>in</span> <span class='ocrx_word' id='word_1_709' title='bbox 1539 2107 1638 2145; x_wconf 72' lang='lat' dir='ltr'>filio,</span> <span class='ocrx_word' id='word_1_710' title='bbox 1673 2114 1703 2138; x_wconf 89' lang='lat' dir='ltr'>et</span> <span class='ocrx_word' id='word_1_711' title='bbox 1739 2109 1910 2148; x_wconf 71' lang='lat' dir='ltr'>proposuit</span> <span class='ocrx_word' id='word_1_712' title='bbox 1947 2106 2064 2141; x_wconf 82' lang='grc' dir='ltr'><strong>11Ιί11111,</strong></span> <span class='ocrx_word' id='word_1_713' title='bbox 2099 2112 2132 2136; x_wconf 83' lang='grc'>111</span> <span class='ocrx_word' id='word_1_714' title='bbox 2157 2104 2212 2136; x_wconf 84' lang='grc'><strong>1110</strong></span> 
     </span>
     <span class='ocr_line' id='line_1_102' title="bbox 1233 2149 2212 2193; baseline -0.006 -9"><span class='ocrx_word' id='word_1_715' title='bbox 1233 2158 1446 2193; x_wconf 79' lang='lat' dir='ltr'>agnoscatur.</span> <span class='ocrx_word' id='word_1_716' title='bbox 1494 2150 1668 2187; x_wconf 80' lang='lat' dir='ltr'>Secundo,</span> <span class='ocrx_word' id='word_1_717' title='bbox 1703 2152 1827 2191; x_wconf 82' lang='lat' dir='ltr'>gratias</span> <span class='ocrx_word' id='word_1_718' title='bbox 1859 2160 1998 2191; x_wconf 75' lang='lat' dir='ltr'>agamus</span> <span class='ocrx_word' id='word_1_719' title='bbox 2028 2158 2087 2189; x_wconf 88' lang='lat' dir='ltr'>pro</span> <span class='ocrx_word' id='word_1_720' title='bbox 2112 2149 2212 2178; x_wconf 84' lang='lat' dir='ltr'>bene·</span> 
     </span>
     <span class='ocr_line' id='line_1_103' title="bbox 1234 2189 2212 2236; baseline -0.005 -10"><span class='ocrx_word' id='word_1_721' title='bbox 1234 2196 1337 2233; x_wconf 81' lang='lat' dir='ltr'>ficiis,</span> <span class='ocrx_word' id='word_1_722' title='bbox 1375 2205 1458 2236; x_wconf 83' lang='lat' dir='ltr'>quae</span> <span class='ocrx_word' id='word_1_723' title='bbox 1483 2194 1578 2224; x_wconf 79' lang='lat' dir='ltr'>nobis</span> <span class='ocrx_word' id='word_1_724' title='bbox 1609 2194 1709 2224; x_wconf 86' lang='lat' dir='ltr'>donat</span> <span class='ocrx_word' id='word_1_725' title='bbox 1740 2204 1798 2233; x_wconf 89' lang='lat' dir='ltr'>per</span> <span class='ocrx_word' id='word_1_726' title='bbox 1823 2193 1936 2230; x_wconf 80' lang='lat' dir='ltr'>tilium,</span> <span class='ocrx_word' id='word_1_727' title='bbox 1972 2192 2060 2234; x_wconf 87' lang='lat' dir='ltr'>quod</span> <span class='ocrx_word' id='word_1_728' title='bbox 2094 2189 2212 2221; x_wconf 73' lang='lat' dir='ltr'>liberat</span> 
     </span>
     <span class='ocr_line' id='line_1_104' title="bbox 1233 2234 2211 2279; baseline -0.006 -9"><span class='ocrx_word' id='word_1_729' title='bbox 1233 2249 1298 2270; x_wconf 90' lang='lat' dir='ltr'>nos</span> <span class='ocrx_word' id='word_1_730' title='bbox 1321 2249 1341 2269; x_wconf 87' lang='lat' dir='ltr'>a</span> <span class='ocrx_word' id='word_1_731' title='bbox 1359 2243 1498 2279; x_wconf 85' lang='lat' dir='ltr'>peccato</span> <span class='ocrx_word' id='word_1_732' title='bbox 1521 2242 1552 2267; x_wconf 84' lang='lat' dir='ltr'>et</span> <span class='ocrx_word' id='word_1_733' title='bbox 1575 2242 1697 2274; x_wconf 87' lang='lat' dir='ltr'>morte,</span> <span class='ocrx_word' id='word_1_734' title='bbox 1726 2237 1802 2278; x_wconf 83' lang='lat' dir='ltr'>quia</span> <span class='ocrx_word' id='word_1_735' title='bbox 1836 2236 1949 2267; x_wconf 81' lang='lat' dir='ltr'>nullus</span> <span class='ocrx_word' id='word_1_736' title='bbox 1980 2235 2077 2265; x_wconf 90' lang='lat' dir='ltr'>homo</span> <span class='ocrx_word' id='word_1_737' title='bbox 2106 2234 2211 2275; x_wconf 81' lang='lat' dir='ltr'>potuit</span> 
     </span>
     <span class='ocr_line' id='line_1_105' title="bbox 1234 2275 2210 2323; baseline -0.007 -10"><span class='ocrx_word' id='word_1_738' title='bbox 1234 2281 1368 2323; x_wconf 84' lang='lat' dir='ltr'>placare</span> <span class='ocrx_word' id='word_1_739' title='bbox 1393 2282 1472 2311; x_wconf 72' lang='lat' dir='ltr'>itam</span> <span class='ocrx_word' id='word_1_740' title='bbox 1489 2279 1562 2317; x_wconf 88' lang='lat' dir='ltr'>Dei,</span> <span class='ocrx_word' id='word_1_741' title='bbox 1586 2286 1718 2320; x_wconf 79' lang='lat' dir='ltr'>praeter</span> <span class='ocrx_word' id='word_1_742' title='bbox 1739 2279 1831 2310; x_wconf 89' lang='lat' dir='ltr'>illum</span> <span class='ocrx_word' id='word_1_743' title='bbox 1855 2281 1987 2311; x_wconf 87' lang='lat' dir='ltr'>unicum</span> <span class='ocrx_word' id='word_1_744' title='bbox 2006 2277 2116 2308; x_wconf 84' lang='lat' dir='ltr'>tilium.</span> <span class='ocrx_word' id='word_1_745' title='bbox 2154 2275 2210 2307; x_wconf 81' lang='grc'><strong>1110</strong></span> 
     </span>
     <span class='ocr_line' id='line_1_106' title="bbox 1235 2318 2211 2365; baseline -0.006 -10"><span class='ocrx_word' id='word_1_746' title='bbox 1235 2331 1287 2356; x_wconf 82' lang='lat' dir='ltr'>est</span> <span class='ocrx_word' id='word_1_747' title='bbox 1309 2323 1477 2365; x_wconf 86' lang='lat' dir='ltr'>placator,</span> <span class='ocrx_word' id='word_1_748' title='bbox 1512 2321 1566 2353; x_wconf 86' lang='lat' dir='ltr'>illc</span> <span class='ocrx_word' id='word_1_749' title='bbox 1590 2324 1731 2353; x_wconf 84' lang='lat' dir='ltr'>sustinet</span> <span class='ocrx_word' id='word_1_750' title='bbox 1764 2333 1917 2364; x_wconf 83' lang='lat' dir='ltr'>poenam,</span> <span class='ocrx_word' id='word_1_751' title='bbox 1953 2327 2090 2361; x_wconf 84' lang='lat' dir='ltr'>propter</span> <span class='ocrx_word' id='word_1_752' title='bbox 2124 2318 2211 2350; x_wconf 90' lang='grc'><strong>11111111</strong></span> 
     </span>
     <span class='ocr_line' id='line_1_107' title="bbox 1235 2363 2210 2406; baseline -0.008 -7"><span class='ocrx_word' id='word_1_753' title='bbox 1235 2369 1399 2399; x_wconf 86' lang='lat' dir='ltr'>donantur</span> <span class='ocrx_word' id='word_1_754' title='bbox 1423 2366 1603 2403; x_wconf 67' lang='lat' dir='ltr'>beneficia,</span> <span class='ocrx_word' id='word_1_755' title='bbox 1636 2376 1701 2396; x_wconf 90' lang='lat' dir='ltr'>non</span> <span class='ocrx_word' id='word_1_756' title='bbox 1738 2373 1874 2406; x_wconf 88' lang='lat' dir='ltr'>propter</span> <span class='ocrx_word' id='word_1_757' title='bbox 1901 2372 2048 2395; x_wconf 83' lang='lat' dir='ltr'>nostram</span> <span class='ocrx_word' id='word_1_758' title='bbox 2077 2363 2210 2403; x_wconf 73' lang='lat' dir='ltr'>dignita-</span> 
     </span>
     <span class='ocr_line' id='line_1_108' title="bbox 1235 2403 2210 2450; baseline -0.008 -8"><span class='ocrx_word' id='word_1_759' title='bbox 1235 2418 1313 2442; x_wconf 88' lang='lat' dir='ltr'>tem.</span> <span class='ocrx_word' id='word_1_760' title='bbox 1349 2412 1485 2450; x_wconf 68' lang='lat' dir='ltr'>Oportet</span> <span class='ocrx_word' id='word_1_761' title='bbox 1511 2415 1619 2439; x_wconf 71' lang='lat' dir='ltr'>autem</span> <span class='ocrx_word' id='word_1_762' title='bbox 1644 2420 1720 2439; x_wconf 74' lang='lat' dir='ltr'>esse</span> <span class='ocrx_word' id='word_1_763' title='bbox 1743 2408 1877 2449; x_wconf 81' lang='lat' dir='ltr'>aliquid,</span> <span class='ocrx_word' id='word_1_764' title='bbox 1900 2418 1965 2448; x_wconf 91' lang='lat' dir='ltr'>quo</span> <span class='ocrx_word' id='word_1_765' title='bbox 1989 2407 2087 2437; x_wconf 89' lang='lat' dir='ltr'>nobis</span> <span class='ocrx_word' id='word_1_766' title='bbox 2110 2403 2210 2446; x_wconf 87' lang='lat' dir='ltr'>appli-</span> 
     </span>
     <span class='ocr_line' id='line_1_109' title="bbox 1236 2451 2210 2492; baseline -0.008 -7"><span class='ocrx_word' id='word_1_767' title='bbox 1236 2463 1348 2485; x_wconf 86' lang='lat' dir='ltr'>cemus</span> <span class='ocrx_word' id='word_1_768' title='bbox 1371 2451 1427 2483; x_wconf 84' lang='lat' dir='ltr'>illa</span> <span class='ocrx_word' id='word_1_769' title='bbox 1452 2452 1621 2482; x_wconf 77' lang='lat' dir='ltr'>beneficia.</span> <span class='ocrx_word' id='word_1_770' title='bbox 1672 2451 1841 2482; x_wconf 70' lang='lat' dir='ltr'>Debemus</span> <span class='ocrx_word' id='word_1_771' title='bbox 1872 2452 1969 2492; x_wconf 81' lang='lat' dir='ltr'>igitur</span> <span class='ocrx_word' id='word_1_772' title='bbox 1998 2459 2061 2480; x_wconf 88' lang='lat' dir='ltr'>nos</span> <span class='ocrx_word' id='word_1_773' title='bbox 2084 2455 2210 2478; x_wconf 78' lang='lat' dir='ltr'>susten-</span> 
     </span>
     <span class='ocr_line' id='line_1_110' title="bbox 1235 2490 2146 2537; baseline -0.009 -8"><span class='ocrx_word' id='word_1_774' title='bbox 1235 2503 1307 2529; x_wconf 85' lang='lat' dir='ltr'>tare</span> <span class='ocrx_word' id='word_1_775' title='bbox 1329 2505 1416 2527; x_wconf 87' lang='lat' dir='ltr'>voce</span> <span class='ocrx_word' id='word_1_776' title='bbox 1438 2494 1506 2532; x_wconf 86' lang='lat' dir='ltr'>ilia,</span> <span class='ocrx_word' id='word_1_777' title='bbox 1529 2501 1561 2525; x_wconf 87' lang='lat' dir='ltr'>et</span> <span class='ocrx_word' id='word_1_778' title='bbox 1584 2505 1772 2537; x_wconf 80' lang='lat' dir='ltr'>agnoscere</span> <span class='ocrx_word' id='word_1_779' title='bbox 1796 2495 1901 2535; x_wconf 84' lang='lat' dir='ltr'>ipsum</span> <span class='ocrx_word' id='word_1_780' title='bbox 1925 2494 2056 2524; x_wconf 81' lang='lat' dir='ltr'>dantem</span> <span class='ocrx_word' id='word_1_781' title='bbox 2078 2490 2146 2523; x_wconf 84' lang='lat' dir='ltr'>illa.</span> 
     </span>
     <span class='ocr_line' id='line_1_111' title="bbox 1320 2534 2213 2578; baseline -0.008 -8"><span class='ocrx_word' id='word_1_782' title='bbox 1320 2537 1482 2571; x_wconf 86' lang='lat' dir='ltr'>Dominus</span> <span class='ocrx_word' id='word_1_783' title='bbox 1513 2538 1554 2568; x_wconf 91' lang='lat' dir='ltr'>de</span> <span class='ocrx_word' id='word_1_784' title='bbox 1594 2537 1657 2569; x_wconf 84' lang='lat' dir='ltr'>hac</span> <span class='ocrx_word' id='word_1_785' title='bbox 1695 2538 1827 2568; x_wconf 80' lang='lat' dir='ltr'>inscitia</span> <span class='ocrx_word' id='word_1_786' title='bbox 1857 2536 1964 2578; x_wconf 79' lang='lat' dir='ltr'>arguit</span> <span class='ocrx_word' id='word_1_787' title='bbox 2000 2534 2213 2571; x_wconf 84' lang='lat' dir='ltr'>Pharisaeos,</span> 
     </span>
     <span class='ocr_line' id='line_1_112' title="bbox 1235 2577 2211 2624; baseline -0.008 -10"><span class='ocrx_word' id='word_1_788' title='bbox 1235 2583 1323 2624; x_wconf 80' lang='lat' dir='ltr'>quod</span> <span class='ocrx_word' id='word_1_789' title='bbox 1357 2592 1423 2612; x_wconf 91' lang='lat' dir='ltr'>non</span> <span class='ocrx_word' id='word_1_790' title='bbox 1461 2581 1626 2612; x_wconf 84' lang='lat' dir='ltr'>docebant</span> <span class='ocrx_word' id='word_1_791' title='bbox 1659 2580 1818 2622; x_wconf 86' lang='lat' dir='ltr'>populum</span> <span class='ocrx_word' id='word_1_792' title='bbox 1853 2580 1893 2610; x_wconf 91' lang='lat' dir='ltr'>de</span> <span class='ocrx_word' id='word_1_793' title='bbox 1927 2588 2007 2610; x_wconf 86' lang='lat' dir='ltr'>vera</span> <span class='ocrx_word' id='word_1_794' title='bbox 2043 2577 2211 2618; x_wconf 76' lang='lat' dir='ltr'>agnitione</span> 
     </span>
     <span class='ocr_line' id='line_1_113' title="bbox 1233 2619 2211 2666; baseline -0.009 -8"><span class='ocrx_word' id='word_1_795' title='bbox 1233 2625 1310 2665; x_wconf 89' lang='lat' dir='ltr'>Dei,</span> <span class='ocrx_word' id='word_1_796' title='bbox 1333 2631 1366 2657; x_wconf 84' lang='lat' dir='ltr'>et</span> <span class='ocrx_word' id='word_1_797' title='bbox 1389 2624 1477 2666; x_wconf 89' lang='lat' dir='ltr'>quod</span> <span class='ocrx_word' id='word_1_798' title='bbox 1500 2630 1593 2655; x_wconf 85' lang='lat' dir='ltr'>erant</span> <span class='ocrx_word' id='word_1_799' title='bbox 1623 2623 1777 2656; x_wconf 79' lang='lat' dir='ltr'>fascinati</span> <span class='ocrx_word' id='word_1_800' title='bbox 1808 2622 2017 2664; x_wconf 83' lang='lat' dir='ltr'>opinionibus</span> <span class='ocrx_word' id='word_1_801' title='bbox 2051 2619 2145 2651; x_wconf 81' lang='lat' dir='ltr'>salsis</span> <span class='ocrx_word' id='word_1_802' title='bbox 2170 2619 2211 2650; x_wconf 86' lang='lat' dir='ltr'>de</span> 
     </span>
    </p>
   </div>
  </div>
 </body>
</html>
