2374 2985
113 193 156 225 73

188 289 346 340 Quibus
376 287 592 328 virtutibus
622 285 837 341 opponitur
867 293 1024 328 a'oum'oe‘?

199 433 282 464 Sunt
315 436 454 472 quatuor
488 430 627 460 virtutes
661 429 804 459 vicinaet
848 427 1090 469 Temperantia,

114 475 325 511 continentia,
345 473 558 514 parsimonia,
582 477 613 502 et
636 470 822 512 frugalitas,
846 471 966 512 quibus
990 481 1091 511 oppo-

113 520 175 550 sita
198 523 249 549 est
270 516 398 548 ἀσωτία.
433 514 664 556 Temperantia
683 514 815 555 respicit
837 514 969 545 modum
992 515 1025 545 in
1049 515 1090 545 ci-

113 563 155 593 bo
180 567 211 592 et
233 566 324 601 potu,
359 559 610 590 convenientem
645 557 775 598 corpori
805 562 933 587 nostro.
979 555 1091 588 Conti-

112 605 221 635 nentia
245 609 295 634 est
318 602 468 638 castitas,
491 611 576 642 quae
599 601 681 631 vitat
704 600 951 630 commixtiones
975 610 1092 641 corpo-

112 658 184 679 rum
229 645 430 687 prohibitas:
477 643 681 675 Parsimonia
726 647 838 673 servat
883 643 1016 674 medum
1060 644 1092 673 in

114 690 315 730 sumptibus:
361 698 427 718 non
462 687 599 727 respicit
633 695 775 726 corpus*‚
819 686 878 715 sed
914 691 1091 726 sumptum.

114 732 231 763 Potest
264 741 341 762 esse
376 729 493 771 aliquis
527 730 765 769 intemperans.
791 734 843 758 -et
876 734 985 759 tamen
1020 739 1091 768 par-

115 785 192 807 cus:
217 775 303 805 sicut
326 774 367 804 de
390 771 479 803 Italis
510 772 646 808 dicitur,
680 772 768 812 quod
798 771 924 802 invitati
949 772 990 801 ad
1015 781 1092 802 con-

113 819 212 855 vivia,
235 819 279 848 ita
302 827 339 847 se
363 821 501 847 onerent
524 815 597 846 cibo
621 820 653 844 et
675 819 767 854 potu,
791 820 824 844 ut
836 813 961 855 aliquot
975 815 1092 845 diebus

112 871 179 892 non
213 860 355 891 sentiant
389 858 516 888 tamem.
562 856 691 887 lnterim
721 862 829 887 tamen
852 857 883 887 in
907 858 1092 898 sumptibus

115 905 156 935 de
188 914 249 934 suo
285 902 444 932 faciendis
473 906 549 931 sunt
570 900 674 940 parci.
719 898 907 941 Frugalitas
931 899 1005 941 plus
1029 906 1093 938 est,

116 956 212 987 quam
230 944 450 979 Parsimonia3
475 943 550 984 quia
572 941 736 984 frugalem
761 952 850 979 esse,
874 950 923 973 est
948 953 1015 974 non
1039 953 1094 973 so-

114 987 180 1019 lum
214 997 316 1029 parce
350 987 395 1017 uti
430 986 542 1022 rebus
571 986 629 1016 sed
654 986 752 1016 etiam
772 991 842 1016 arte
866 987 1027 1027 quadam,
1061 992 1094 1016 et

112 1038 204 1062 certo
227 1031 343 1061 ordine
366 1035 457 1060 recte
482 1027 660 1060 collocare.

198 1073 235 1104 ln
257 1071 388 1114 apicula
411 1077 551 1113 possunt
575 1071 781 1102 considerari
794 1070 1093 1112 exemplaistarum

113 1117 278 1147 virtutum.
306 1114 384 1145 'Est
405 1115 489 1146 enim
512 1114 585 1155 apis
609 1120 816 1154 temperans,
851 1124 916 1144 non
941 1113 1015 1155 plus
1035 1125 1093 1144 vo-

113 1167 175 1196 rat,
208 1169 307 1200 quam
330 1167 472 1188 necesse
495 1163 557 1187 est.
602 1156 662 1187 Est
687 1158 874 1187 continens.
898 1167 965 1187 non
991 1158 1094 1198 gignit

113 1212 152 1233 ex
177 1201 428 1235 commixtione3
472 1205 644 1239 praeterea
669 1205 720 1229 est
743 1210 856 1240 parca,
882 1210 1014 1240 semper
1036 1199 1093 1231 ali-

117 1245 192 1286 quid
217 1244 397 1283 comptu-cit
420 1244 450 1273 in
474 1242 631 1278 hiemem;
657 1242 797 1283 (lenique
821 1248 871 1273 est
889 1241 1040 1284 frugali&
1062 1249 1093 1273 et

113 1292 184 1317 arte
209 1285 350 1327 colligit,
385 1296 426 1316 ac
460 1291 549 1316 recte
583 1284 725 1315 collocat
750 1296 886 1316 succum
910 1292 1092 1317 extractum

113 1339 154 1360 ex
178 1329 327 1360 tlorihus.
374 1328 409 1358 ln
444 1337 522 1357 vere
556 1328 676 1358 invehit
713 1329 743 1358 in
775 1327 938 1366 alvearia,
973 1329 1092 1369 quibus

113 1382 197 1412 opus
221 1377 282 1408 est,
306 1377 423 1411 postea
446 1369 614 1403 mellificat
637 1371 723 1401 iusto
748 1375 905 1411 tempore.

199 1413 289 1444 Haec
313 1414 443 1443 nomina
467 1419 556 1443 recte
579 1419 656 1443 sunt
671 1414 901 1449 discet-nomia,
926 1420 960 1444 ut
979 1414 1093 1444 obser-

112 1463 230 1488 ventur
252 1456 472 1497 proprietates
496 1454 747 1493 vocabulorum,
773 1462 805 1486 et
827 1461 869 1488 ut,
884 1457 926 1486 sit
951 1467 1093 1487 commo-

112 1499 270 1537 nesactiO,
293 1510 334 1530 ne
352 1499 490 1539 turpiter
503 1499 651 1529 vivamus
665 1504 830 1539 tamquam
843 1498 969 1529 ἀσοῖτοι.
996 1499 1092 1530 Multi

112 1553 175 1574 nec
207 1540 392 1582 intelligunt
425 1539 665 1582 appellationes
694 1542 870 1579 virtutum,
906 1552 966 1573 nec
989 1543 1092 1573 vitant

112 1585 192 1617 vitia
215 1596 287 1616 cum
311 1583 373 1615 illis
397 1585 587 1625 pugnantia.
623 1582 716 1615 Alias
739 1585 855 1615 vivunt
874 1585 905 1615 in
924 1585 1093 1623 sordibus,

111 1626 195 1660 alias
218 1628 251 1659 in
273 1626 476 1668 profusione.

117 1799 225 1850 Quid
257 1800 483 1853 significant
527 1799 718 1852 Siliquae,
758 1801 903 1854 quibus
945 1802 1092 1841 dicitur

113 1885 216 1925 filius
247 1885 439 1939 prodigus
470 1885 656 1925 redactus
672 1886 725 1924 ad
747 1892 972 1926 extremam
995 1902 1091 1940 ege-

115 1976 273 2020 statem,
306 1970 502 2024 cupivisse
537 1970 698 2025 explere
731 1976 915 2010 ventrem
947 1972 1091 2011 suum?

200 2077 235 2108 In
261 2077 373 2119 lingua
395 2077 513 2109 Latina
536 2078 669 2118 St‘lz‘qua,
693 2077 891 2120 generaliter
914 2078 1089 2120 significat,

114 2122 168 2153 die
189 2122 313 2159 hiilsen,
335 2122 412 2152 oder
434 2123 563 2153 sclzalen
587 2132 630 2152 un
653 2123 716 2153 (len
738 2123 866 2154 schoten
885 2124 951 2153 und
966 2124 1092 2153 andern

114 2162 351 2206 leguminibuS,
386 2164 417 2194 id
453 2170 521 2202 est,
552 2163 733 2195 folliculum
763 2165 958 2196 ambientem
983 2163 1090 2204 sabaS,

116 2213 173 2239 aut
204 2206 403 2238 munientem
437 2208 526 2247 pisa,
561 2207 690 2238 Graece
715 2207 811 2247 λόβος.
858 2208 923 2238 Sed
947 2207 1000 2238 hic
1024 2218 1090 2239 non

116 2250 234 2280 dicitur
267 2250 308 2280 de
343 2250 502 2280 eiusmodi
536 2249 663 2292 siliquis
686 2251 718 2281 in
743 2250 872 2281 Graeco
897 2256 1001 2288 textu,
1036 2251 1091 2282 ubi

116 2299 168 2325 est
191 2301 309 2323 nomen
333 2288 477 2333 κεράτιον.
522 2292 695 2334 Significat
722 2299 831 2324 autem
858 2293 993 2335 κεράτιον
1016 2304 1090 2334 pro-

116 2336 196 2377 prie,
221 2335 307 2375 quod
326 2345 387 2366 nos
411 2335 547 2366 dicimus
559 2338 806 2372 lolumnesbrot;
829 2335 928 2367 habet
950 2336 1090 2378 figuram

118 2387 235 2409 cornu:
258 2378 332 2409 ideo
357 2383 389 2408 et
411 2379 609 2420 quandoque
633 2380 750 2410 dicitur
772 2382 979 2410 corniculata.
1024 2379 1090 2420 Ap-

142 2426 210 2450 aret
242 2420 305 2450 isto
340 2419 450 2452 fructu
484 2421 515 2452 in
545 2421 611 2452 illis
641 2421 726 2453 locis
751 2421 912 2453 fertilibus
936 2423 1090 2453 usitatum

117 2431 221 2495 fuisse
242 2472 364 2502 porcos
386 2473 539 2504 pascere:
563 2465 647 2496 sicut
670 2465 778 2496 adhuc
797 2466 827 2496 in
840 2465 997 2506 Hispania
1010 2464 1090 2496 mul-

117 2512 183 2537 tum
208 2511 257 2536 est
280 2506 462 2537 istiusmodi
480 2505 617 2545 sructuS,
641 2509 723 2539 adeo
744 2515 778 2539 ut
798 2515 932 2549 propter
951 2509 1089 2549 copiam,

118 2549 215 2581 etiam
249 2548 341 2589 cquis
376 2554 408 2579 et
441 2550 548 2590 porcis
583 2551 771 2582 vescendus
800 2552 1009 2592 praebeatur.
1055 2550 1090 2581 In

118 2591 294 2623 Germania
316 2591 354 2621 iis
378 2592 410 2622 in
432 2591 532 2631 locis,
556 2594 610 2625 ubi
633 2593 767 2625 multum
790 2599 842 2625 est
864 2593 1034 2625 hortorum
1059 2599 1091 2624 et

116 2644 302 2677 pomorum,
320 2635 473 2666 usitatum
495 2641 556 2675 est,
580 2637 676 2668 etiam
699 2638 844 2678 pecudes
868 2637 961 2678 pasci
973 2636 1090 2678 pomis.

794 188 1012 221 POSTILLA
1035 187 1433 221 MELANTHONIANA.

2084 189 2127 221 74

1143 282 1302 314 Homines
1324 282 1422 323 igitur
1445 281 1614 315 tenuiores
1637 286 1786 323 tempore
1806 281 1916 322 famis,
1940 283 2126 315 vesceban-

1143 331 1196 357 tur
1216 330 1372 366 κερατίοις.

1229 367 1339 410 Aliqui
1368 368 1538 399 nominant
1568 365 1707 408 siliquas
1731 367 1865 407 dulces,
1896 369 1971 410 quia
2001 367 2127 400 habent

1142 411 1263 452 κεράτια
1288 420 1387 452 (quae
1417 421 1437 442 a
1461 410 1603 441 Graecis
1628 411 1870 442 recentioribus
1894 412 1991 442 etiam
2010 413 2126 449 ξυλοκέ-

1143 466 1216 495 ρατα
1240 455 1405 489 dicuntur)
1440 451 1682 484 similitudinem
1705 452 1847 495 aliquam
1873 465 1947 485 cum
1970 453 2126 485 folliculis

1143 496 1360 538 leguminum,
1395 506 1480 538 quae
1502 497 1635 537 proprie
1659 502 1736 527 sunt
1758 495 1910 538 siliquae,
1933 498 2127 537 praesertim

1143 550 1217 570 cum
1247 540 1334 571 intus
1368 539 1513 570 habeant
1546 548 1628 569 suos
1662 540 1759 570 ctiam
1791 540 1953 580 quosdam
1976 538 2125 571 nucleos.

1143 581 1204 612 Est
1228 583 1322 613 cibus
1347 580 1491 613 difficilis
1515 581 1694 619 coctionis,
1730 588 1866 622 propter
1899 581 2127 619 dulcedinem3

1144 626 1231 656 sicut
1255 626 1364 655 onmia
1387 623 1496 656 dulcia
1519 630 1596 655 sunt
1619 623 1761 656 ‹lifficssis
1782 625 1961 661 coctionis3
1986 632 2015 656 et
2030 623 2127 657 facile

1145 668 1232 698 cient
1265 677 1433 700 nauseam.
1478 666 1579 708 Apud
1613 678 1674 698 nos
1705 666 1796 699 multi
1820 666 1947 699 fructus
1971 668 2002 698 in
2026 668 2127 699 admi·

1144 711 1272 741 ratione
1296 717 1384 747 sunt,
1409 711 1465 752 qui
1487 710 1521 740 in
1541 708 1606 740 illis
1632 710 1716 740 locis
1740 710 1872 741 fuerunt.
1896 709 2056 742 vilissimi.

1231 752 1332 784 Aliud
1355 760 1407 784 est.
1429 752 1629 784 vocabulum
1653 753 1761 794 ἄχυρα,
1786 754 1875 794 quod
1892 753 2058 795 significat
2071 764 2127 794 pa-

1144 793 1215 827 leas
1239 806 1358 836 sprewa:
1383 797 1460 827 item
1483 799 1634 836 στέμφυλα
1656 798 1812 834 (Iros-ster,
1842 796 2030 837 significant
2054 795 2127 827 reli-

1145 839 1252 879 quias,
1275 848 1336 869 seu
1359 839 1501 870 cortices
1526 849 1674 877 uvarum,
1708 839 1784 870 item
1809 839 1937 877 faeces,
1969 850 2053 881 quae
2078 849 2128 870 re-

1144 880 1335 922 linquuntur
1367 887 1443 923 post
1477 882 1661 912 coctionem
1697 882 1896 919 cerevisiae,
1933 893 1973 913 ex
2000 882 2128 913 hordeo

1145 923 1324 955 torrefacto
1359 930 1391 955 et
1426 930 1533 955 cocto.
1578 924 1613 955 ld
1638 924 1792 955 Germani
1828 931 1950 956 vocant
1979 927 2128 965 drebern,

1145 969 1224 999 oder
1246 977 1312 1006 Sey,
1347 977 1412 1008 quo
1436 966 1601 998 vocabulo
1625 977 1707 998 usus
1734 972 1785 998 est
1807 966 1973 999 Lutherus
1997 969 2030 998 in
2054 978 2126 999 ver-

1145 1010 1239 1041 sione
1263 1010 1461 1042 Germanica
1490 1011 1585 1041 huius
1617 1009 1694 1041 loci.
1742 1010 1864 1041 Postea
1888 1017 2072 1052 sequuntur
2094 1011 2127 1042 in

1146 1058 1235 1084 textu
1258 1051 1354 1093 plura
1376 1051 1552 1090 vocabula,
1577 1063 1662 1094 quae
1686 1053 1830 1094 indigent
1856 1053 2090 1085 declaratione.

1232 1096 1331 1126 Pater
1364 1095 1458 1126 istius
1480 1096 1609 1137 prodigi
1639 1096 1755 1127 dicitur
1777 1095 1894 1136 procul
1918 1097 2058 1131 vidisse,
2094 1102 2127 1128 et

1146 1139 1328 1180 agnovisse
1352 1137 1465 1176 filium,
1489 1139 1640 1179 quamvis
1660 1137 1877 1169 deformatum
1900 1140 2030 1180 pannis,
2057 1150 2128 1170 sor-

1148 1182 1257 1219 dibus,
1281 1187 1314 1212 et
1337 1182 1452 1212 macie.
1483 1181 1575 1212 Haec
1599 1186 1650 1212 est
1673 1183 1800 1222 pictura
1823 1188 1980 1221 paternae
1994 1183 2126 1223 στοργῆς.

1146 1223 1198 1255 De
1222 1234 1286 1265 qua
1310 1224 1406 1254 etiam
1431 1223 1496 1254 hoc
1519 1224 1660 1261 additur,
1680 1225 1767 1265 quod
1794 1225 2021 1255 misericordia
2045 1235 2127 1266 erga

1146 1276 1220 1297 eum
1234 1272 1417 1297 commotus
1431 1265 1537 1297 fuerit.
1568 1266 1602 1296 In
1617 1266 1747 1297 Gracco
1761 1273 1811 1297 est
1824 1268 1961 1298 verbum
1980 1270 1992 1298 ἑ
2013 1270 2126 1306 σπλαγ-

1145 1312 1269 1348 χνίσθη.
1315 1309 1376 1340 Est
1399 1316 1507 1340 autem
1530 1310 1660 1350 insigne
1679 1310 1744 1340 hoc
1767 1310 1904 1341 verbum
1928 1312 2126 1350 σπλαγχνίζο-

1144 1364 1209 1390 μαι.
1266 1351 1439 1393 Significat
1473 1353 1638 1393 ingentem
1679 1353 2012 1387 commiserationem,
2043 1364 2127 1394 quae

1145 1395 1286 1425 sentitur
1320 1396 1352 1425 in
1375 1395 1497 1425 intimis
1522 1395 1716 1426 visceribus.
1763 1395 1847 1426 Nam
1871 1396 2026 1435 σπλάγχνα
2050 1402 2128 1428 sunt

1145 1438 1301 1468 interiora
1324 1438 1488 1475 membra,
1521 1438 1717 1478 praesertim
1748 1448 1888 1477 carnea,
1921 1438 2028 1480 qualia
2052 1444 2128 1470 sunt

1145 1490 1214 1519 cor,
1235 1483 1357 1520 pulmo,
1387 1491 1476 1521 epar.
1522 1481 1683 1511 Parentes
1707 1481 1852 1512 sentiunt
1875 1483 1962 1513 intus
1991 1492 2126 1513 sensum

1146 1523 1310 1564 quendam
1333 1524 1580 1554 misericordiae
1604 1525 1636 1554 in
1660 1524 1774 1562 corde,
1797 1525 1992 1564 praesertim
2016 1526 2047 1556 in
2073 1535 2126 1556 ca·

1145 1565 1290 1597 lamitate
1315 1572 1476 1598 natorum.
1523 1566 1594 1597 Nec
1617 1567 1750 1597 dubium
1775 1572 1826 1597 est
1849 1566 1937 1598 illam
1962 1569 2125 1609 magnitu-

1146 1609 1253 1640 dinem
1277 1608 1416 1640 affectus
1436 1620 1517 1651 erga
1540 1616 1650 1647 natos,
1676 1610 1706 1640 in
1731 1611 1922 1650 parentibus
1947 1620 2024 1641 esse
2047 1611 2125 1641 ima-

1146 1653 1254 1693 ginem
1278 1653 1400 1683 amoris
1423 1651 1487 1683 Dei
1506 1662 1586 1693 erga
1610 1651 1739 1690 Filium,
1763 1658 1795 1683 et
1818 1663 1899 1694 erga
1923 1664 1996 1683 nos.

1231 1694 1346 1735 Στοργὴ
1377 1705 1438 1725 suo
1473 1705 1596 1737 genere
1619 1706 1683 1726 nou
1719 1702 1769 1726 est
1804 1695 1940 1726 affectus
1972 1696 2125 1733 vitiosuS‚

1145 1738 1205 1768 sed
1229 1742 1280 1768 est
1304 1748 1387 1777 opus
1412 1738 1473 1768 Dei
1498 1739 1529 1769 in
1553 1737 1698 1768 homine:
1744 1744 1776 1768 et
1799 1741 1919 1779 στοργαὶ
1949 1739 2022 1769 ideo
2047 1745 2126 1769 sunt

1145 1780 1297 1811 conditae
1331 1781 1485 1811 divinitus
1520 1781 1551 1810 in
1583 1781 1694 1818 nobis,
1733 1787 1764 1811 ut
1796 1788 1951 1812 moneant
1987 1792 2050 1812 nos
2083 1782 2125 1813 de

1145 1833 1258 1853 amore
1292 1823 1413 1853 (livino.
1460 1822 1555 1857 Quod
1584 1833 1684 1863 saepe
1709 1824 1856 1865 cogitare
1878 1823 1971 1855 soleo
1995 1825 2027 1855 in
2051 1835 2125 1864 pre-

1144 1866 1284 1895 catione.
1330 1864 1411 1896 Vult
1433 1864 1525 1897 Deus
1549 1866 1691 1907 flagrare
1710 1876 1854 1897 amorem
1878 1867 1908 1897 in
1932 1868 2124 1908 parentibus

1144 1918 1224 1948 erga
1257 1913 1373 1945 natea,
1408 1914 1443 1939 ut
1475 1914 1678 1947 statuamus,
1713 1910 1802 1950 quod
1824 1911 1896 1950 ipse
1919 1910 2016 1940 etiam
2038 1916 2125 1941 amet

1144 1961 1216 1981 nos,
1263 1950 1339 1981 ldeo
1362 1951 1458 1982 etiam
1481 1952 1646 1992 scriptura
1668 1953 1769 1983 utitur
1791 1952 1962 1983 vocabulis
1985 1954 2124 1994 sumptis

1144 2004 1184 2024 ex
1219 1999 1336 2024 natura
1369 1993 1546 2025 hominum.
1592 1993 1628 2024 ln
1652 1994 1791 2026 Cantico
1816 1995 1999 2026 Zachariae
2022 1996 2124 2027 nomi-

1143 2042 1262 2067 nantur
1296 2040 1420 2068 εἰει-ενα
1441 2037 1684 2069 miserirordiae?
1706 2040 1786 2070 Dei:
1827 2043 1858 2069 et
1889 2040 1977 2079 apud
2000 2039 2123 2070 Oseam

1144 2080 1280 2110 dicitur:
1305 2080 1498 2111 Conversum
1521 2085 1571 2112 est
1591 2083 1678 2111 intra
1700 2091 1751 2112 me
1773 2091 1951 2121 cormeum,
1973 2087 2005 2113 ec
2025 2092 2123 2113 ezar-

1143 2126 1187 2154 sit
1202 2123 1446 2154 commiseratio.
1499 2123 1535 2154 Si
1558 2122 1635 2154 mihi
1658 2122 1755 2155 locus
1778 2123 1834 2155 ille
1860 2125 2047 2156 reddendus
2071 2134 2123 2156 es-

1143 2170 1206 2203 set,
1230 2171 1339 2196 uterer
1360 2165 1424 2196 hac
1446 2167 1624 2197 verborum
1647 2165 1773 2198 forma:
1797 2173 1879 2198 mota
1901 2173 1977 2199 sum
1998 2171 2122 2199 viscera

1143 2218 1218 2239 mea.
1263 2208 1316 2239 Ad
1341 2207 1481 2249 Philipp.
1516 2210 1616 2240 utitur
1638 2208 1763 2241 Paulus
1797 2210 1909 2240 eadem
1944 2209 2057 2251 phrasi
2081 2211 2122 2241 de

1144 2250 1288 2282 sanctis:
1312 2250 1352 2283 Se·
1371 2262 1433 2291 qua
1455 2257 1530 2284 sunt
1552 2256 1675 2284 viscera
1687 2255 1942 2290 misericordiae,
1966 2254 1997 2283 id
2011 2258 2075 2290 est,
2094 2254 2122 2284 si

1143 2304 1209 2324 non
1223 2300 1272 2324 est
1284 2294 1459 2326 simulatus
1473 2302 1593 2333 motuS,
1611 2306 1647 2327 so
1666 2306 1701 2326 es
1719 2299 1819 2327 ec'nem
1833 2307 1868 2327 :u
1880 2296 2009 2327 herl-zen
2018 2296 2121 2336 yelzet.
2160 2296 2164 2298 ’

1228 2337 1351 2368 Postea
1374 2338 1507 2376 dicitur,
1543 2340 1626 2378 quod
1649 2343 1747 2378 pater
1769 2342 1947 2370 occurrerit
1965 2340 2041 2378 filio.
2086 2339 2121 2370 ln

1143 2389 1224 2410 sene
1257 2386 1308 2411 est
1338 2381 1498 2421 quaedam
1522 2379 1713 2412 deformitas
1737 2392 1881 2412 currere.
1927 2382 1995 2413 Sed
2019 2382 2122 2424 pingit

1143 2421 1317 2461 Dominus,
1340 2425 1529 2455 immensam
1543 2424 1798 2455 misericordiam
1811 2424 1887 2462 Dei,
1911 2425 2122 2465 cupidissime

1145 2466 1332 2507 recipientis
1356 2477 1418 2497 nos
1442 2467 1630 2497 redeuntes,
1666 2467 1707 2497 Et
1730 2466 1875 2498 Basilius
1900 2478 1939 2498 ex
1964 2468 2027 2498 hoc
2051 2474 2119 2498 tex-

1145 2513 1179 2539 tu
1201 2510 1338 2550 sumpsit
1361 2509 1585 2541 dulcissimum
1609 2509 1688 2541 illud
1712 2511 1851 2541 dictum:
1878 2512 2012 2541 Tantum
2035 2513 2120 2549 celis,

1143 2556 1177 2583 et
1196 2553 1282 2583 Deus
1299 2558 1540 2593 praeoccurret.
1565 2551 1725 2584 'l'aulerus
1757 2563 1889 2594 quoque
1911 2552 2050 2594 pulchre
2074 2554 2120 2584 di-

1142 2595 1201 2632 xit,
1213 2594 1320 2626 Deum
1343 2595 1389 2626 ita
1412 2601 1567 2637 expetere
1590 2601 1736 2627 nostram
1760 2594 1912 2634 salutem,
1931 2603 1966 2627 ut
1989 2596 2118 2627 animus

1142 2636 1284 2669 hominis
1318 2649 1484 2680 nunquam
1518 2639 1561 2670 sit
1588 2644 1653 2670 tam
1676 2639 1792 2670 avidus
1815 2639 1857 2670 ad
1879 2639 2119 2680 accipiendum,
