2343 2970
92 180 157 212 233

439 270 506 301 ista
531 271 676 301 narratio
700 269 828 300 videtur
851 278 928 299 esse
952 270 1072 306 tenuis,

95 319 157 350 sed
181 316 339 348 maximas
364 324 419 345 res
443 314 601 344 continct-
652 311 806 343 Monachi
832 321 904 342 eam
928 317 1072 342 transtu-

95 360 205 392 lerunt
228 359 269 390 ad
294 368 374 389 suas
405 356 557 398 ineptias.
610 355 681 386 Nos
709 356 848 396 primum
877 354 1073 392 videbimus,

96 405 258 444 ad‘quem
281 400 404 438 locum,
423 401 465 431 ad
489 409 573 441 quae
595 404 774 440 praecepta
798 398 931 438 proprie
954 398 994 427 sit
1021 408 1074 428 ac·
1100 393 1102 435 ζ

97 445 346 478 commodanda.
404 443 465 474 Est
498 449 606 474 autem
642 447 739 483 caput
774 446 805 472 et
836 450 980 478 summa,
1014 450 1074 471 seu
1101 445 1103 478 ξ

97 494 205 521 status
228 488 324 519 huius
348 485 520 524 lectionis,
550 484 715 516 Doctrina
738 484 891 524 opposita
916 482 1075 525 Polypra-
1102 506 1103 511 ,

97 541 291 574 gmosynae.
337 529 501 570 Praecipit.
525 529 609 560 enim
633 527 764 565 facere,
798 527 945 564 discere,
975 536 1076 567 agere

97 574 302 611 necessaria,
324 573 415 604 iuxta
435 573 655 609 vocationem,
678 577 710 602 et
731 569 848 611 fugere
871 580 936 600 non
961 580 1076 600 neces-

97 617 196 648 saria.
241 616 332 647 Haec
356 616 505 647 doctrina
528 620 619 646 recte
642 613 895 655 cognoscenda,
920 618 951 643 et
975 622 1076 653 saepe
1101 593 1104 658 J

98 659 275 701 cogitanda
300 665 368 696 est;
391 659 467 700 quia
491 658 598 699 magni
621 656 773 688 momenti
797 662 858 687 est.
1101 660 1104 710 1

1102 714 1104 729 Ι

1102 744 1104 757 Ι

90 276 176 314 sraw
198 274 392 303 doceorinne.

111 841 226 891 Quae
260 849 319 881 est
345 842 469 880 virtus
493 840 677 894 opposita
711 839 1064 894 πολυπραγμοσύνῃῖ

1102 885 1104 898 t

782 174 819 204 P(
828 175 905 206 ›s'rl
912 175 996 205 LLA
1022 174 1140 205 MELA
1147 171 1422 205 NTHOMANA.

2042 170 2103 200 2234

1126 276 1228 299 trema
1252 267 1414 308 pernicies
1438 266 1497 297 toti
1517 266 1690 296 Graeciae.
1726 266 1782 297 sio
1804 267 1845 296 ab
1871 265 2106 307 inquietissima

1125 311 1227 348 iuria,
1259 311 1292 341 id
1322 316 1392 347 est,
1428 319 1447 339 a
1478 309 1637 339 Pontiiice
1667 308 1813 340 Romano
1838 314 1945 339 ortum
1969 316 2014 339 cst
2042 310 2107 339 hoc

1126 355 1246 395 ingens
1288 351 1410 383 bellum
1445 352 1529 382 inter
1565 351 1689 393 Regem
1725 351 1853 382 (ialliae
1887 359 1916 382 et
1955 351 2106 393 Aug-liae,

1128 398 1216 438 quod
1247 394 1394 428 involvet
1424 395 1521 426 etium
1551 393 1634 426 alias
1666 395 1785 426 multas
1817 402 1953 436 gentes,
1988 396 2106 436 quibus

1128 441 1190 471 erit
1212 439 1435 481 perniciosum
1458 436 1565 469 valde.

1215 483 1304 524 Ergo
1328 481 1411 512 haec
1433 481 1551 511 conch>
1576 481 1787 521 reprehendit.
1809 482 2052 521 curiositatenu
2075 489 2107 512 et

1129 533 1256 564 monet,
1281 532 1315 556 ut
1343 524 1505 555 faciamus
1536 525 1738 556 necessaria.
1793 524 1885 555 Haec
1916 530 1965 555 est
1990 525 2107 566 princi-

1128 568 1214 611 palis
1239 578 1375 599 summa.
1419 566 1552 598 Martha
1576 567 1749 605 discurrit,
1782 574 1812 599 et
1837 567 1906 598 vult
1930 565 2033 599 multa
2056 578 2108 609 ap-

1130 623 1247 654 parare
1270 612 1447 652 exquisite,
1470 611 1529 640 sed
1554 608 1707 641 Christus
1733 611 1833 642 reiicit
1858 610 1947 642 illum
1971 621 2108 652 appara-

1129 663 1195 687 tum
1220 655 1442 695 singularem3
1472 655 1559 684 sicut
1580 652 1732 685 homines
1755 655 1826 685 sani
1853 666 1917 685 non
1943 654 2108 685 delectan-

1130 705 1182 731 tur
1201 699 1364 740 exquisito
1388 703 1561 737 apparatu:
1591 704 1665 727 sunt
1698 699 1844 728 contenti
1867 699 2028 728 communi
2053 708 2109 739 ap·

1130 748 1255 783 paratu.
1291 739 1351 771 llla
1373 749 1457 781 gens
1474 739 1587 770 habuit
1606 738 1727 782 alioqu?
1752 751 1806 771 res
1831 742 1982 782 optimas,
2008 739 2110 772 multa

1130 795 1253 827 genera
1277 793 1459 825 pomorum,
1483 781 1703 814 electissimos
1729 785 1849 824 pisces,
1870 790 1901 815 ut
1924 794 1988 815 non
2013 785 2110 816 fuerit

1130 839 1213 869 opus
1238 827 1452 868 exquisitiore
1481 832 1652 866 apparatu.
1704 826 1771 857 Sed
1796 828 1928 869 quando
1955 826 2109 858 mulieres

1131 870 1245 902 volunt
1269 870 1444 901 ostendere
1469 878 1562 899 suam
1586 868 1807 908 sedulitatem,
1823 872 1958 901 turbant
1981 871 2110 902 domum

1103 914 1104 917 ¹
1131 921 1249 952 totam,
1282 915 1335 942 ‚ste
1370 912 1481 950 luusj'en
1513 911 1578 940 med
1611 912 1748 942 sela-vien
1783 913 1847 942 und
1875 913 2028 952 klempcrn
2056 915 2111 943 mit

185 948 395 989 Respondeo.
441 946 619 979 Sedulitas.
672 948 725 978 Ad
750 949 839 989 quod
862 954 1075 989 praeceptum

97 991 260 1033 pertinet?
305 990 449 1022 Pertinet
472 991 513 1022 ad
536 997 766 1032 praeceptum:
789 991 921 1020 Honora
942 994 1075 1030 patrem,

97 1039 154 1064 ecc.
191 1034 274 1065 Nam
298 1044 337 1065 eo
362 1034 502 1075 pertinet
527 1035 679 1065 doctrina
703 1035 744 1064 de
767 1035 941 1065 vocatione
964 1035 1077 1065 unius-

97 1078 274 1118 cuiusque:
298 1077 351 1109 cui
376 1078 530 1118 opposita
553 1083 630 1108 sunt
654 1077 786 1118 ignavia
811 1084 843 1108 et
864 1080 1076 1118 πολυπραγμο-

96 1120 176 1161 σύνῃ.
233 1120 401 1152 sedulitas
432 1126 482 1151 est
511 1120 614 1151 virtus
645 1118 771 1151 faciens
797 1121 1008 1157 necessaria,
1045 1126 1077 1150 et

95 1160 225 1205 fugiens
250 1164 426 1195 contra-ria.

1103 956 1104 975 i

1103 978 1104 997 i

1103 1000 1105 1014 ι

209 1346 286 1388 Ubi
319 1355 380 1388 est
411 1347 580 1387 fundata
611 1348 713 1387 haec
745 1346 954 1387 definitio?

179 1448 215 1479 ln
238 1449 328 1481 dicto
351 1446 461 1479 Pauli:
485 1447 523 1476 In
545 1446 605 1477 lzoc
627 1448 698 1476 silis
722 1446 890 1484 ambitiosi,
913 1450 947 1476 ut
970 1448 1076 1485 ayatis

90 1493 237 1532 propria.
283 1489 408 1522 Paulus
433 1491 567 1532 opponit
593 1488 641 1521 illi
664 1489 787 1521 stultae
818 1490 987 1532 cupiditati
1016 1489 1075 1521 hu-

93 1545 229 1573 manae,
259 1544 345 1576 quae
374 1540 514 1566 vocatur
544 1533 708 1571 Ambitio,
736 1532 833 1565 aliam
864 1533 1076 1564 ambitionem

95 1588 233 1620 prorsus
264 1577 476 1614 contrariam3
509 1583 542 1608 et
564 1577 647 1608 adeo
671 1578 837 1618 sapienter
858 1575 1018 1618 loquitur,
1039 1581 1076 1608 ut

96 1621 126 1652 si
149 1620 322 1663 Augustus
344 1619 485 1662 legisset
506 1620 594 1652 hauc
617 1621 828 1658 sententiam,
851 1620 1001 1658 dixisset,
1023 1628 1076 1651 sa-

97 1664 300 1705 pientissime
323 1665 503 1704 cogitatam
525 1672 611 1694 esse.
914 1666 918 1669 *

222 1837 344 1877 Estne
378 1836 519 1877 Cicero
552 1837 959 1891 polypragmonicus'?

187 1944 294 1976 Valde
316 1944 470 1982 multum,
501 1946 585 1975 sicut
610 1944 810 1986 regulariter
832 1955 947 1976 omnes
972 1951 1077 1975 orato-

98 1999 171 2027 res,
204 1987 468 2024 Demosthenes,
503 1986 670 2025 Pericles,
705 1994 737 2019 et
771 1987 845 2024 alii3
880 1998 1077 2029 quamquam

99 2033 241 2063 omniu¹n
270 2030 437 2062 hominum
469 2031 601 2073 ingenia
629 2037 706 2061 sunt
730 2032 890 2072 inquieta,
921 2041 986 2061 non
1009 2037 1076 2062 tan-

99 2080 168 2106 tum
193 2081 370 2105 oratorum.
416 2073 556 2109 Quando
580 2072 674 2104 Deus
699 2085 765 2104 non
790 2072 1004 2115 singulariter
1026 2083 1077 2104 re—

99 2117 179 2147 tinet
203 2115 342 2157 aliquem
365 2117 397 2147 in
420 2128 480 2147 suo
505 2115 629 2154 officio,
652 2116 774 2158 singuli
798 2123 924 2147 tentant
946 2127 986 2147 ac
1010 2127 1077 2146 mo-

100 2159 223 2190 liuntur
252 2157 369 2196 multa,
398 2166 432 2190 ut
462 2160 619 2191 describit
648 2159 893 2201 Aristophanes
918 2158 1075 2190 Cleonem

100 2202 276 2233 habentem
310 2201 449 2232 alterum
482 2203 598 2242 pedem
633 2203 663 2233 in
695 2204 835 2240 castris,
870 2201 1007 2233 alterum
1044 2203 1075 2232 in

101 2245 202 2276 curia.
260 2244 357 2275 Nunc
386 2243 478 2276 multi
513 2246 766 2277 concionatores
797 2256 929 2287 quoque
961 2244 1074 2276 volunt

100 2287 201 2318 multa
224 2297 356 2328 regere,
379 2298 463 2329 quae
486 2289 527 2319 ad
549 2289 641 2329 ipsos
665 2300 731 2320 non
755 2289 930 2330 pertinent.
975 2287 1075 2319 Tales

102 2330 308 2361 nominantur
341 2331 428 2371 apud
461 2330 620 2369 Latinos,
654 2333 839 2364 ardeliones.
897 2332 948 2362 Ac
981 2334 1073 2361 πολυ-

102 2372 277 2413 πραγμσῦνη
311 2383 412 2414 saepe
448 2384 565 2414 magna
604 2380 635 2405 et
674 2375 817 2407 exitialia
853 2374 939 2405 bella
980 2375 1072 2415 parit.

101 2414 342 2454 Atistophanes
355 2417 478 2448 diserte
496 2416 612 2448 Pericli
636 2419 748 2449 obiicit
770 2419 1004 2450 curiositatem.
1039 2417 1075 2448 Si

102 2458 291 2499 quievisset,
315 2464 370 2489 aut
391 2460 488 2490 etiam
511 2462 689 2492 remisisset
708 2460 841 2503 paulum
866 2462 907 2492 de
925 2462 976 2499 iis,
991 2471 1076 2502 quae

101 2510 167 2531 non
199 2507 292 2531 erant
319 2504 526 2541 necessaria,
559 2514 625 2535 non
653 2513 776 2536 motum
805 2504 923 2536 suisset
952 2504 1075 2535 bellum
1099 2521 1101 2530 ι

101 2541 440 2584 Peloponnesiacum,
480 2556 544 2587 quo
582 2557 702 2578 eversa
742 2554 793 2578 est
826 2546 972 2579 funditus
1005 2553 1075 2579 tota

102 2585 262 2617 Graecia:
291 2585 371 2618 illud
401 2586 592 2628 pulchrum,
619 2596 654 2622 ut
676 2591 867 2628 videbatur,
898 2590 1074 2622 consilium

100 2627 281 2660 Pericleum
316 2630 357 2661 de
392 2629 641 2673 Megarensibus
670 2633 906 2671 excludendis,
935 2632 996 2665 fuit
1019 2643 1073 2664 ex-

1129 959 1189 987 den
1223 956 1384 986 sclzlnscln.
1448 955 1497 985 ita
1530 954 1663 985 Martha
1695 956 1747 988 liic
1785 957 1895 988 studet
1925 958 2111 998 apparatui,

1130 1007 1293 1032 convocat
1329 1008 1445 1029 omues
1480 996 1636 1035 ancillas,
1672 1001 1783 1030 turbat
1812 1006 1914 1031 totam
1944 999 2111 1032 familiam.

1130 1044 1190 1075 Est
1226 1045 1257 1074 in
1293 1043 1425 1073 Graeco
1454 1051 1571 1079 versu,
1604 1044 1719 1080 χειμὶον
1748 1042 1836 1085 ἀνδρὶ
1865 1047 1894 1073 ἐν
1925 1044 1997 1085 οἴκῳ
2027 1043 2113 1083 γυνήι

1135 1087 1312 1126 Tempestas
1335 1088 1380 1114 est
1405 1085 1470 1112 viro
1488 1083 1596 1112 mulier
1617 1086 1649 1113 ἱη
1674 1084 1775 1115 domo.

1217 1128 1530 1170 Polypragmosyne
1559 1134 1609 1157 est,
1640 1129 1822 1170 vituperata
1854 1141 1918 1160 non
1949 1130 2056 1161 solum
2081 1132 2113 1162 in

1132 1173 1314 1214 Scriptura,
1337 1171 1396 1201 sed
1420 1171 1517 1200 etiam
1540 1171 1571 1200 in
1592 1171 1775 1211 sapientum
1795 1174 1993 1214 praeceptis.
2028 1173 2113 1205 Tha-

1130 1215 1205 1247 letis
1230 1216 1351 1246 dictum
1375 1220 1444 1244 est:
1476 1212 1590 1242 Πάρι-ὼ·
1614 1214 1716 1243 altena
1747 1218 1868 1245 curiose.
1897 1221 2049 1255 ayentem:
2080 1218 2111 1249 id

1131 1265 1200 1296 est,
1223 1259 1414 1289 miscentem
1445 1266 1482 1287 se
1510 1257 1654 1298 negotiis
1678 1259 1749 1289 sinc
1774 1260 1966 1298 vocatione,
2002 1267 2033 1291 et
2058 1271 2112 1292 ne-

1131 1301 1311 1344 gligentem
1343 1310 1415 1330 sua.
1472 1298 1611 1333 Quando
1648 1300 1746 1333 homo
1776 1303 1914 1343 erumpit
1945 1313 1984 1334 ex
2014 1314 2113 1335 voca-

1130 1346 1236 1383 tione,
1261 1350 1340 1375 tunc
1363 1352 1429 1373 non
1452 1348 1564 1383 potest
1587 1353 1653 1374 non
1677 1343 1765 1383 fieri,
1789 1346 1866 1388 quin
1891 1347 1934 1377 sit
1958 1347 2111 1379 odiosus:

1129 1389 1207 1430 quia
1224 1397 1292 1419 non
1315 1392 1424 1417 tuetur
1446 1385 1603 1416 iustitiam
1622 1386 1873 1420 distributivam.
1919 1389 2044 1421 lustitia
2067 1390 2112 1421 ‹li-

1128 1431 1302 1463 stributiva
1320 1435 1383 1467 est,
1403 1435 1435 1460 et
1458 1429 1607 1460 attribuit
1630 1432 1784 1471 personis
1807 1433 1934 1464 idoneis
1958 1443 2012 1464 res
2037 1443 2112 1465 con-

1128 1475 1316 1506 venientes:
1340 1471 1442 1514 aliqui
1466 1470 1623 1504 volebant
1644 1472 1757 1505 facere
1777 1475 1971 1508 Ciceronem
1995 1477 2112 1508 ducem

1129 1524 1245 1549 contra
1276 1516 1409 1549 lulium:
1439 1514 1559 1547 fuisset
1587 1515 1833 1557 phantasticus,
1863 1520 1892 1550 si
1920 1519 1985 1551 hoc
2013 1521 2046 1551 in
2074 1529 2112 1551 se

1128 1561 1324 1602 recepisset,
1347 1565 1378 1591 et
1404 1560 1535 1590 risisset
1557 1570 1632 1590 eum
1654 1559 1767 1593 Iulius.
1813 1563 1880 1594 Sed
1905 1561 2022 1594 Cicero
2046 1569 2112 1594 tam

1128 1604 1188 1636 tuit
1211 1606 1357 1645 sapiens,
1382 1609 1417 1633 ut
1441 1603 1543 1634 sciret
1566 1613 1604 1634 se
1627 1614 1694 1635 non
1716 1616 1819 1646 posse
1841 1616 2002 1647 praeesse
2020 1616 2112 1638 exer-

1129 1648 1220 1680 citui:
1244 1648 1319 1679 ideo
1343 1645 1517 1684 abhorret,
1540 1652 1573 1676 et
1594 1656 1662 1677 non
1686 1647 1756 1679 vult
1780 1650 1942 1690 recipere,
1968 1651 2064 1681 etiam
2083 1650 2111 1680 si

1130 1691 1267 1722 caedem
1291 1691 1319 1722 ei
1342 1690 1521 1721 minaretur
1543 1687 1682 1720 Catonis
1705 1690 1802 1723 filius.
1856 1692 1997 1728 Quando
2027 1702 2111 1734 opus

1130 1741 1181 1765 est
1206 1734 1311 1771 duce,
1345 1731 1517 1773 eligendus
1540 1738 1592 1762 est
1621 1734 1747 1772 peritus
1778 1734 1868 1766 belli.
1924 1735 1960 1767 ln
1991 1735 2110 1767 schola

1131 1784 1181 1807 est
1204 1777 1385 1808 sumendus
1409 1775 1549 1806 idoneus
1572 1774 1757 1815 professor.
1810 1778 1839 1809 P*
1866 1789 1915 1809 Ἳο
1940 1789 2024 1810 unus
2047 1779 2111 1809 scit

1131 1821 1258 1851 omnia:
1282 1819 1395 1860 Eques
1411 1818 1475 1848 scit
1494 1818 1657 1858 equitare3
1682 1828 1800 1852 cantor
1821 1828 1972 1853 cantare:
1996 1823 2026 1853 id
2047 1828 2110 1860 est,

1130 1862 1358 1905 unusquisque
1382 1862 1477 1892 debet
1501 1871 1540 1891 ea
1563 1860 1691 1895 facere,
1725 1874 1810 1904 quae
1833 1871 1911 1895 sunt
1934 1866 1986 1897 sui
2010 1864 2110 1896 officii

1131 1912 1162 1936 et
1185 1906 1279 1936 artis:
1310 1904 1404 1936 Deus
1428 1902 1498 1935 vult
1521 1903 1672 1935 homines
1692 1916 1768 1938 esse
1792 1908 1964 1939 devinctos
1990 1909 2109 1939 mutuis

1130 1947 1261 1980 officiis.
1319 1948 1394 1979 ldco
1432 1946 1500 1978 vult
1529 1945 1641 1978 officia
1672 1959 1748 1980 esse
1780 1951 1952 1989 distincta,
1986 1958 2020 1983 ut
2045 1952 2109 1982 sint

1130 1992 1224 2032 quasi
1249 1991 1381 2023 vincula
1404 1991 1657 2021 necessitudinis
1682 1993 1765 2023 inter
1784 1994 1943 2025 ‘nomines
1990 1993 2110 2025 Mulier

1130 2044 1196 2065 non
1219 2040 1270 2065 est
1294 2035 1360 2071 vir,
1385 2044 1493 2075 neque
1518 2035 1567 2064 vir
1591 2040 1641 2065 est
1666 2035 1793 2068 mulier.

1216 2077 1288 2108 Vos
1322 2075 1517 2108 scholastici
1553 2078 1648 2108 etiam
1684 2089 1749 2109 non
1779 2082 1918 2111 manetis
1949 2082 1978 2110 in
2012 2092 2108 2112 voca-

1130 2121 1235 2156 ti01m3
1258 2121 1408 2152 inceditis
1428 2121 1572 2157 cristati,
1593 2119 1748 2153 laceratis
1774 2125 1939 2159 vestibus,
1964 2135 2029 2154 non
2054 2134 2108 2155 ac-

1129 2165 1345 2195 commodatis
1373 2174 1432 2194 vos
1458 2163 1795 2203 vestrae'vocationi,
1820 2168 1900 2197 estis
1925 2167 2108 2205 stratiotae,

1127 2206 1328 2242 schuarelzer,
1352 2206 1426 2236 wolt
1448 2218 1505 2236 ιιιιι·
1523 2206 1629 2236 Ιιιιωωι
1653 2208 1716 2237 nm]
1739 2210 1869 2239 scophen.
1907 2210 2027 2240 Graeci
2051 2209 2107 2240 ha·

1129 2251 1205 2280 bent
1232 2260 1351 2281 nomen
1381 2250 1567 2291 σιραῑηλάξ,
1602 2251 1661 2279 dus
1689 2251 1767 2281 lzez'st
1794 2255 1880 2282 einen
1911 2253 2105 2282 st-lmarelter.

1126 2292 1267 2324 Nomina
1290 2295 1321 2324 in
1345 2294 1414 2331 Ax,
1437 2301 1511 2325 sunt
1536 2304 1660 2334 parvae
1684 2295 1886 2333 imitationis,
1910 2303 1943 2326 ut
1968 2297 1998 2327 in
2024 2306 2107 2329 voce

1129 2335 1234 2365 Colore
1267 2336 1475 2379 significatur
1511 2348 1613 2378 prava
1646 2338 1799 2376 imitatio,
1834 2338 1961 2370 faciens
1998 2340 2106 2370 onmia

1127 2389 1211 2420 quae
1234 2380 1405 2418 iubentur,
1429 2391 1447 2411 a
1471 2383 1611 2420 κέλομαι,
1636 2382 1666 2411 id
1693 2388 1758 2419 est,
1783 2383 1890 2420 iubeo,
1912 2382 1974 2411 Ee'n
1997 2382 2106 2414 hench-

1127 2422 1184 2450 Ier:
1210 2429 1260 2453 est
1280 2430 1404 2455 tantum
1428 2424 1572 2454 intentus
1596 2425 1627 2454 in
1658 2423 1738 2461 hoc,
1768 2431 1801 2456 ut
1830 2427 1953 2456 serviat
1982 2425 2106 2456 affecti-

1127 2466 1189 2496 bus
1213 2476 1342 2502 eorum,
1366 2467 1484 2507 quibus
1508 2472 1708 2498 assentatur.
1758 2468 1798 2498 Et
1829 2474 1936 2499 tamen
1967 2469 2009 2499 ita
2038 2476 2104 2499 sto-

1126 2507 1182 2539 lidi
1208 2519 1283 2540 sum
1309 2510 1419 2552 magni
1446 2509 1596 2548 Domini,
1629 2517 1659 2540 ut
1691 2512 1827 2541 credant
1850 2522 1888 2542 56
1907 2510 1993 2543 tales
2017 2522 2104 2549 esse,

1126 2550 1240 2592 quales
1263 2553 1455 2593 praedicant
1479 2563 1537 2584 eos
1561 2563 1637 2584 6556
1659 2560 1897 2585 assentatores.
1946 2553 2031 2586 Nihil
2055 2561 2105 2586 est

1127 2594 1286 2634 ineptius,
1316 2607 1412 2637 qnam
1441 2597 1528 2637 quod
1555 2597 1756 2627 somniamus
1783 2607 1844 2627 nos
1874 2608 1950 2629 esse
1980 2598 2103 2628 similes

1128 2648 1318 2679 magnorum
1344 2640 1474 2670 ducum.
1526 2639 1591 2670 imo
1615 2640 1742 2670 insania
1767 2647 1835 2676 est,
1861 2641 1990 2681 quando
2012 2641 2102 2681 fingi-
