2343 2970
210 158 275 190 239

298 253 344 284 lbi
370 263 450 294 ergo
473 251 577 284 voluit,
596 251 689 283 Deus
714 261 846 293 quoque
870 251 931 281 sibi
957 249 1117 292 colligere
1131 249 1191 281 Ec-

211 297 357 328 clesiam.
403 296 486 327 Nam
510 297 575 327 cito
598 296 631 326 in
656 293 764 325 Gallia
789 300 819 325 et
842 293 1020 324 Germania
1051 291 1194 324 collecta

211 346 264 372 est
286 339 449 371 Ecclesia.
485 338 606 370 Lucius
631 337 823 380 Cyrenaeus
849 337 938 367 venit
960 335 1193 377 Ratisponam:

211 382 383 415 Maternus
418 380 601 423 discipulus
625 381 731 418 Petri,
766 380 853 411 venit
877 378 1048 410 Coloniam
1073 379 1193 420 Agrip-

211 428 332 468 pinam,
357 425 412 457 ubi
435 424 543 456 adhuc
567 430 618 455 est.
641 429 738 454 vetus
754 422 951 460 aedificium,
976 423 1064 464 quod
1084 421 1193 453 aMa-

211 475 304 502 terno
326 470 522 500 nominatur.
569 466 716 503 Marcus,
752 464 843 497 Pauli
867 475 990 503 comeS,
1026 465 1138 496 docuit
1161 466 1192 496 in

213 512 401 545 confluente
426 511 510 542 Onni
535 517 567 541 et
591 509 746 547 Danubii,
770 509 824 540 ubi
851 519 938 539 nunc
962 515 1014 539 est
1037 508 1192 550 oppidum

211 557 365 588 passaw.
411 554 579 585 Crescens
602 553 715 584 docuit
737 552 937 594 Moguntiae.
982 551 1136 583 lrenaeus
1161 557 1194 582 et

211 598 417 640 Epiphanius
445 599 545 628 citant
580 596 766 627 testimonia
795 593 1023 626 Ecclesiarum
1048 593 1193 626 Gallica·

212 654 283 674 rum
317 648 350 673 et
384 641 655 672 Germanicarum
688 639 720 670 in
750 639 900 669 doctrina
925 639 967 669 de
1000 636 1085 668 Filio
1120 637 1193 669 Dei.

212 685 303 716 Haec
338 685 525 715 observate.
571 682 642 714 Nec
676 687 789 723 putate
824 691 900 712 esse
923 680 1105 723 gloriosum
1128 681 1193 712 ista

213 737 446 765 contemnere,
478 733 511 757 ut
535 724 626 757 multi
650 723 796 755 furenter
827 724 968 762 faciunt,
1000 725 1056 766 qui
1080 733 1192 766 asper-

212 777 332 802 nantur
366 770 553 801 testimonia
587 768 708 799 veteris
736 767 912 799 Ecclesiae
934 768 976 798 de
1000 773 1193 799 controver-

212 815 282 851 siis,
306 814 399 856 quasi
423 814 484 854 ipsi
507 811 570 842 soli
592 812 731 852 sapiant.
767 811 860 842 Deus
884 811 997 851 puniet
1019 809 1108 842 hanc
1131 809 1193 852 Cy-

213 856 374 898 clopicam
397 857 579 888 audaciam.

434 1023 530 1062 &Vas
564 1022 668 1061 heist.
701 1018 980 1075 Magdalena‘ss

298 1121 502 1160 Castellana,
525 1122 574 1152 ein
591 1119 778 1162 Buryfhaw.
813 1119 1003 1162 Magdalum
1028 1120 1194 1162 significat

212 1173 357 1198 castrum
381 1165 434 1197 vel
457 1165 682 1197 munitionem:
711 1164 787 1195 inde
805 1163 1018 1206 Magdalena,
1042 1170 1192 1194 matrona

212 1209 344 1241 nobilis.
389 1209 461 1240 Fuit
486 1208 613 1239 medica
637 1206 818 1241 excellens,
853 1213 931 1238 nota
954 1208 1049 1238 etiam
1075 1206 1194 1237 Roma-

212 1254 278 1285 nis:
303 1252 412 1283 Potuit
435 1251 516 1285 fieri,
540 1257 576 1283 ut
597 1252 738 1291 primum
762 1251 878 1282 vixerit
902 1250 1095 1286 inhoneste,
1119 1249 1194 1291 quia

212 1297 274 1328 sub
298 1297 459 1327 servitute
482 1293 550 1326 suit.
589 1292 695 1326 Multa
714 1299 877 1336 coguntur
898 1294 962 1334 pati
987 1294 1087 1330 servi,
1110 1302 1195 1334 quae

212 1339 306 1371 liberi
331 1349 398 1370 non
420 1337 578 1369 facerent.

297 1381 425 1414 Mariae
452 1391 572 1412 nomen
603 1380 702 1422 aliqui
727 1379 870 1418 faciunt,
904 1381 946 1411 ab
970 1380 1117 1411 amaritie
1142 1377 1196 1410 vel

213 1426 359 1457 tristitia:
382 1426 415 1457 id
439 1430 501 1463 est,
524 1435 543 1455 a
567 1425 668 1461 Mar,-
697 1425 757 1455 sed
781 1434 844 1465 ego
868 1424 970 1455 credo
994 1433 1072 1455 esse
1096 1421 1193 1454 aliam

213 1468 466 1512 Etymologiam.
502 1468 600 1499 More
623 1468 789 1510 significat
808 1467 989 1498 doctorem.
1035 1467 1087 1498 dz‘s
1114 1470 1195 1497 wort

213 1514 314 1545 stellet
352 1513 386 1543 in
418 1510 476 1542 illa
511 1510 702 1543 dulcissima
742 1509 971 1541 consolatione
1005 1510 1084 1549 [les.
1114 1509 1194 1548 30.]:

214 1557 317 1588 Dabit
334 1565 452 1597 aquam
469 1559 500 1586 et
515 1565 629 1596 panem
648 1565 716 1586 cum
740 1554 958 1591 tribulatione,
983 1558 1013 1584 et
1033 1563 1096 1584 non
1113 1554 1195 1584 sinet

215 1601 350 1631 avolare
383 1599 555 1630 doctorem.
602 1598 797 1639 Ubicunque
831 1604 883 1628 est
914 1607 995 1628 vera
1028 1595 1195 1634 Ecclesia,

213 1643 257 1674 ibi
282 1648 333 1674 est
354 1653 436 1674 vera
458 1643 627 1679 doctrina,
651 1649 683 1672 et
706 1646 854 1672 econtra·
902 1640 973 1671 Hoc
997 1640 1095 1671 debet
1119 1650 1195 1671 esse

215 1696 354 1727 magnae
388 1683 617 1716 consolationi.
676 1683 813 1715 Debetis
855 1683 979 1714 habere
1016 1684 1193 1723 hospitium

214 1730 314 1760 invito
340 1734 371 1759 et
395 1728 554 1759 fremente
577 1728 709 1758 mundo.
738 1726 790 1758 De
813 1737 864 1757 me
888 1727 1019 1768 quidam
1033 1727 1195 1763 dixerunt,

215 1782 251 1802 se
275 1770 361 1803 velle
385 1769 532 1808 efficere,
555 1778 587 1801 ut
612 1781 678 1801 non
703 1772 745 1801 sit
770 1771 946 1811 vestigium
971 1770 1046 1800 mihi
1067 1768 1194 1800 inGer-

215 1816 332 1852 mania,
366 1815 397 1844 in
429 1824 493 1855 quo
529 1814 653 1854 possim
681 1815 796 1853 pedem
821 1823 950 1853 ponere.
999 1813 1073 1843 Non
1099 1811 1195 1843 valde

214 1859 394 1895 irascerer,
439 1858 466 1887 si
513 1867 563 1887 me
604 1855 808 1897 expellerent
839 1866 878 1887 ex
905 1856 1099 1894 Germania,
1134 1857 1194 1886 sed

213 1903 273 1941 ipsi
298 1911 362 1931 non
388 1907 462 1930 sunt
481 1899 613 1930 Domini
626 1899 834 1930 Germaniae.
867 1899 998 1930 Domini
1020 1904 1067 1931 est
1090 1904 1194 1936 terra,

215 1949 243 1974 et
262 1945 426 1983 plenitudo
450 1944 527 1974 vius.

300 1985 508 2023 Mai-anatha,
539 1987 578 2016 ist
603 1986 683 2016 atich
707 1986 810 2017 dolwr
833 1986 863 2016 in
889 1984 1079 2016 Corinthiis-
1126 1985 1194 2016 Ma-

215 2029 369 2067 ranatha,
403 2030 433 2059 id
470 2036 537 2065 est,
575 2029 728 2059 Dominus
761 2030 863 2065 renz‘t,
899 2029 1038 2070 Syriaca
1071 2028 1193 2070 lingua.

215 2074 335 2104 Adhuc
371 2072 556 2113 ilieronymi
599 2079 746 2113 tempore
780 2071 837 2102 suit
872 2072 995 2103 idolum
1029 2073 1061 2103 in
1096 2072 1194 2113 Syria

217 2117 351 2147 Maron.
398 2115 476 2145 lnde
511 2114 596 2145 facio
631 2126 748 2145 nomen
775 2115 905 2146 fitorio:
940 2122 973 2146 ut
997 2115 1040 2145 sit
1063 2115 1192 2146 doctrix

214 2157 334 2200 populi,
394 2158 440 2188 lta
475 2158 529 2188 alii
564 2159 604 2188 ab
634 2159 850 2189 amaritudine
874 2159 1053 2188 deducunt:
1088 2169 1151 2200 ego
1175 2168 1194 2188 a

217 2203 379 2233 docendo.
412 2201 467 2231 Sic
490 2201 620 2232 Martha
645 2208 695 2231 est
720 2202 862 2238 doctrix,
882 2200 972 2240 srow
994 2202 1194 2233 doctor-mne.

216 2244 394 2276 Pulchrum
418 2255 535 2275 nomen
560 2251 611 2275 est
635 2245 783 2275 doctoris
806 2253 897 2275 rec’e
921 2245 1081 2275 docentis.

300 2288 453 2318 Narratio
487 2288 518 2317 in
555 2294 645 2317 textu
669 2288 806 2328 primum
832 2294 880 2318 est
904 2288 1012 2329 imago
1036 2287 1194 2319 sollicitu-

216 2332 300 2361 dinis
324 2330 441 2361 nimiae
455 2332 714 2371 guhernatoruir.
732 2329 910 2366 Ecclesiae,
934 2331 973 2360 de
992 2330 1193 2371 detensione,

217 2375 256 2404 de
279 2375 369 2405 victu
393 2380 423 2404 et
449 2375 489 2404 de
511 2373 586 2404 aliis
611 2373 792 2404 commodis
817 2374 917 2404 vitae:
948 2372 1034 2404 ittam
1062 2375 1194 2405 nimiam

218 2416 472 2448 sollicitudinem
502 2417 712 2457 reprehendit.
742 2415 905 2446 Dominus
936 2417 967 2447 iu
998 2417 1063 2447 hoc
1086 2417 1194 2448 Evan—

217 2459 312 2501 gelio.
359 2459 502 2491 Deducit
535 2470 598 2491 nos
632 2460 674 2490 ad
708 2460 899 2501 quaerenda
922 2470 976 2497 ea,
1011 2471 1095 2500 quae
1118 2467 1193 2491 sunt

217 2504 427 2541 necessaria,
464 2509 495 2534 et
531 2503 681 2544 coitgruit
718 2513 791 2533 cum
826 2509 1021 2543 praecepto:
1055 2505 1195 2535 Primum

216 2547 362 2587 quaerite
383 2556 513 2587 reynmn
540 2546 613 2583 Dei,
637 2550 665 2577 et
688 2547 842 2577 iustitiam
865 2547 939 2576 eius.

303 2589 419 2619 Dicam
443 2591 538 2620 vohis
563 2588 747 2630 exemplum
762 2589 843 2619 civis*
858 2588 1113 2630 Argentinensis
1136 2589 1193 2619 ho-
1219 2611 1223 2627 ,

217 2633 300 2663 nesti
324 2633 403 2670 viri,
439 2633 492 2673 qui
521 2631 581 2664 suit
603 2643 707 2674 gener
729 2632 907 2663 Sebastani
930 2632 1074 2669 Brandt,
1108 2630 1194 2662 illius
1220 2631 1222 2638 '

851 155 962 188 ean..
987 155 1087 188 MEL.
1111 139 1298 188 ’scateret
1322 152 1587 187 EXEGETlCA.

2163 157 2228 189 240

1247 248 1432 289 scriptoris,
1456 249 1530 278 boni
1556 250 1627 286 viri,
1657 250 1750 280 cuius
1775 248 1875 280 multa
1905 256 2045 281 exstant.
2109 250 2139 281 ls
2172 250 2229 282 ha-

1219 295 1223 334 }
1247 291 1346 322 bebat
1370 291 1661 329 consuetudinem,
1685 297 1721 323 ut
1743 302 1840 323 mane
1863 293 1987 323 diceret
2010 302 2090 328 suas
2113 303 2228 334 preca-

1219 335 1222 370 ί
1246 334 1370 365 tiones:
1400 343 1543 376 surgens
1567 333 1704 376 legebat
1726 333 1849 376 aliquid
1873 335 1904 365 in
1924 333 2053 373 Bibhis,
2077 346 2228 377 praeser-

1219 371 1222 414 ξ
1246 377 1303 408 tim
1325 378 1356 408 in
1382 377 1534 408 Psalmis.
1566 377 1707 412 Quando
1731 388 1862 409 eramus
1886 379 1917 409 in
1943 385 2110 410 conventu
2124 377 2228 410 smal-

1218 419 1411 468 jealdensi,
1442 430 1537 451 mene
1571 421 1644 451 veni
1675 420 1717 451 ad
1752 431 1825 451 eum
1855 421 1886 451 in
1914 420 2110 462 hospitium,
2144 421 2225 453 dixi:

1219 480 1222 500 ᾗ
1245 462 1387 494 Domine
1410 462 1527 500 Beate,
1552 464 1629 504 quid
1653 469 1718 494 tam
1742 464 1859 495 mane?
1889 463 1949 495 Hic
1973 464 2089 502 sedeo,
2112 465 2228 506 inquit,

1218 505 1222 537 i
1245 512 1277 536 et.
1299 505 1375 547 lego
1402 504 1564 537 psalmos.
1609 505 1700 537 Esne
1724 516 1926 538 ascensurus
1950 507 1982 538 in
2006 506 2149 546 Curiam,
2172 508 2228 539 ubi

1219 545 1222 587 ἓ
1246 548 1377 581 Domini
1397 560 1485 580 nunc
1508 549 1728 581 conveniunt?
1759 549 1845 584 Quid
1869 551 1910 581 ibi
1934 548 2076 581 faciam?
2108 550 2227 592 inquit:

1218 596 1223 636 ¹.
1245 591 1376 624 Domini
1400 603 1521 634 magno
1545 591 1661 624 labore
1685 600 1862 634 quaerunt,
1897 593 2063 634 quomodo
2098 594 2229 634 possint

1218 637 1220 642 '
1246 645 1323 666 esse
1358 636 1435 666 boni
1470 635 1666 673 Christiani,
1700 642 1731 666 et
1763 635 1843 666 nihil
1867 637 1953 677 pati3
1987 637 2050 666 ista
2073 647 2137 677 ego
2161 646 2228 668 non

1246 689 1381 720 possum
1417 679 1564 710 invenire
1586 679 1618 709 in
1642 688 1715 709 meo
1739 677 1915 710 psalterio:
1949 678 2004 710 δίε
2031 678 2146 709 suchen
2174 680 2232 711 mie

1244 731 1380 763 yrosser
1403 722 1523 759 arbeit,
1559 723 1615 752 ‘wie
1637 722 1684 752 sie
1703 726 1779 762 yute
1803 721 1954 753 Clzristen
1972 731 2049 763 seyn
2072 721 2228 759 mockten,

1245 765 1311 795 und
1331 769 1407 806 yutc
1431 769 1504 805 toye
1526 765 1649 806 dorbey
1671 764 1785 801 haben,
1807 766 1869 796 das
1892 765 1956 796 han
1978 764 2028 796 ich
2044 764 2125 796 noclz
2142 764 2229 796 nicht

1244 808 1351 850 finden
1373 809 1406 839 in
1428 809 1558 839 meinent
1581 807 1722 839 Psatter.

1218 868 1223 898 ξ
1333 885 1389 916 8ἰο
1413 892 1490 917 sunt
1513 885 1664 916 homines
1689 884 1816 922 affecti,
1851 885 1923 916 heht
1953 895 1995 915 (m
2020 894 2063 915 απ
2086 885 2148 915 den
2171 885 2229 915 ‹lo-

1218 904 1405 975 lctoribuS.
1456 927 1618 969 Theologi
1653 928 1777 958 habent
1812 929 1993 968 practicas,
2029 927 2230 966 molitiones,

1247 971 1526 1009 machinationes,
1561 972 1726 1013 quomodo
1762 969 1863 1001 velint
1894 971 2020 1002 munire
2043 982 2141 1002 suum
2163 976 2231 1002 sta-

1245 1020 1330 1045 tum:
1363 1015 1415 1045 die
1437 1014 1515 1045 herti
1539 1014 1630 1045 st‘i‘nd
1652 1013 1740 1044 schir
1760 1014 1935 1055 yetot'tzz'yet
1959 1014 2098 1045 worden.
2145 1013 2231 1045 Sunt

1246 1058 1501 1095 moderatiores,
1537 1067 1633 1098 quam
1663 1055 1827 1098 Theologi
1862 1058 1935 1099 ipsi.
1981 1057 2079 1088 Nunc
2107 1055 2231 1088 habent

1245 1105 1371 1131 tantum
1395 1099 1534 1131 consilia
1562 1101 1602 1130 de
1626 1097 1831 1130 defensione.
1876 1100 1943 1132 Sed
1968 1098 2231 1131 consultationes

1245 1142 1491 1184 Theologorum
1523 1149 1600 1173 sunt
1633 1143 1824 1173 seditiosae.
1870 1143 1927 1175 Sic
1950 1143 2145 1174 incaeteris
2180 1153 2231 1174 or-

1218 1189 1223 1218 t
1246 1186 1376 1217 (linibus
1401 1186 1488 1217 vitae
1513 1185 1643 1216 Martha
1675 1186 1806 1216 nimium
1830 1185 1975 1217 sollicita
1999 1192 2061 1216 est.
2106 1185 2232 1218 Contra

1218 1219 1223 1279 ξ
1246 1229 1333 1260 hanc
1358 1228 1614 1260 imbecillitatem
1639 1227 1834 1260 consolatur
1849 1240 1910 1260 nos
1923 1227 2086 1260 Dominus
2109 1229 2142 1259 in
2165 1228 2232 1261 hoo

1220 1283 1223 1286 ⁴
1247 1273 1352 1304 dicto:
1381 1273 1531 1310 Quaerite
1554 1273 1691 1313 primum
1714 1282 1845 1313 regnum
1869 1272 1940 1303 Dei.

1333 1315 1504 1350 Quaerere
1528 1326 1666 1357 regnum
1690 1314 1771 1354 Dei,
1806 1322 1857 1346 est
1881 1316 2011 1346 discere
2035 1315 2229 1354 doctrinam,

1248 1365 1280 1390 et
1304 1359 1440 1390 obedire
1455 1358 1542 1397 Deo,
1565 1359 1628 1390 das
1649 1359 1693 1390 ist
1707 1359 1780 1396 das,
1803 1358 1914 1390 Unum
1926 1364 1978 1390 est
1991 1359 2230 1390 necessarium.

1247 1401 1284 1432 In
1318 1411 1442 1443 genere
1475 1408 1584 1433 autem
1618 1401 1684 1433 huc
1713 1402 1854 1442 pertinet
1877 1402 2028 1433 doctrina
2051 1401 2092 1432 de
2116 1401 2231 1433 discri-

1247 1445 1333 1476 mine
1366 1446 1652 1482 necessariorum,
1687 1450 1720 1476 et
1742 1455 1808 1476 non
1831 1445 2116 1482 necessariorum,
2139 1446 2232 1485 ἔργων

1248 1494 1280 1519 et
1302 1487 1480 1530 παρέργων,
1515 1489 1558 1520 de
1581 1488 1772 1520 curiositate
1797 1494 1829 1520 et
1853 1486 2037 1520 sedulitate.
2084 1487 2122 1519 In
2143 1488 2232 1520 diese

1247 1531 1343 1563 locos
1366 1542 1558 1564 coir-munes
1578 1532 1718 1573 yelzorts.

1384 1714 1500 1765 Quae
1534 1721 1596 1754 est
1627 1714 1754 1768 prima
1787 1714 1927 1768 regula
1958 1713 2094 1755 vitae?

1219 1571 1225 1597 Ι

1218 1600 1226 1823 l
1335 1814 1545 1856 Respondeo.
1591 1814 1654 1845 Hic
1676 1818 1723 1845 est
1747 1813 1849 1845 Filius
1871 1823 1956 1845 mens
1979 1813 2125 1852 dilectus,
2148 1813 2231 1845 hunc

1247 1859 1367 1889 audite.
1412 1859 1443 1888 ⁶2.
1479 1857 1513 1887 [11
1539 1858 1727 1898 praeceptis
1758 1858 1837 1888 meis
1855 1857 2020 1888 ambulate.
2066 1856 2159 1887 Haec
2177 1863 2230 1888 est

1247 1900 1363 1943 regula
1394 1901 1533 1932 actionis
1569 1899 1706 1942 legalis,
1735 1901 1826 1941 prior
1860 1905 1909 1930 est
1938 1898 2152 1941 Evangelica.
2197 1899 2228 1931 3.

1247 1944 1442 1976 Commendo
1471 1944 1543 1974 Deo
1570 1944 1657 1974 viam
1686 1947 1781 1974 tuam.
1825 1943 1854 1972 4.
1878 1943 1970 1971 lat-ta
2000 1943 2032 1970 in
2063 1942 2230 1972 Dominum

1249 1998 1353 2017 curam
1385 1991 1479 2016 tuam.
1529 1986 1560 2017 5.
1586 1986 1708 2016 Leones
1742 1986 1900 2017 esurient:
1948 1985 2086 2015 'sinumti
2122 1989 2230 2018 autem

1246 2031 1434 2067 Dominum,
1473 2039 1537 2060 non
1560 2029 1663 2059 deerit
1693 2038 1782 2059 omne
1811 2029 1934 2059 bonum.
1978 2028 2010 2058 6.
2040 2028 2153 2060 Milita
2176 2028 2229 2060 bo-

1246 2083 1319 2105 nam
1348 2074 1504 2109 tnilz'tc'inn,
1526 2075 1666 2103 retinens
1687 2071 1782 2113 fidem
1806 2076 1835 2102 et
1859 2072 1971 2102 bonam
1993 2072 2229 2103 conscientiam.

1333 2116 1423 2147 llaec
1447 2115 1632 2147 communia
1657 2115 1744 2145 dicta
1773 2124 1905 2155 semper
1934 2115 1999 2145 sint
2027 2115 2058 2145 in
2089 2124 2229 2155 conspe-

1247 2165 1314 2197 ctu,
1337 2165 1502 2200 tamquam
1527 2157 1664 2197 regulae
1687 2164 1716 2188 et
1742 2158 1913 2198 principia,
1926 2167 2012 2199 quae
2036 2157 2156 2188 debent
2178 2167 2229 2188 re·

1247 2212 1326 2245 gere
1361 2211 1476 2232 omnes
1512 2200 1777 2231 deliberationes,
1823 2200 1980 2232 Dicemus
2015 2201 2078 2231 iarn
2102 2200 2144 2231 de
2165 2200 2229 2231 ista

1247 2244 1379 2288 regula:
1404 2244 1593 2275 Commendo
1608 2243 1678 2274 Deo
1701 2245 1786 2274 ¹ciam
1809 2248 1910 2280 tzmm,
1934 2253 2018 2284 quae
2041 2250 2151 2273 monet
2167 2252 2229 2273 nos

1247 2290 1289 2320 de
1312 2288 1500 2320 discrimine
1524 2288 1802 2324 necessariorum,
1818 2293 1849 2318 et
1869 2296 1935 2317 non
1951 2285 2227 2318 necessariorum.

1218 2431 1223 2505 l

1219 2516 1223 2533 l

1219 2536 1224 2574 i

1219 2584 1224 2605 ι

1247 2473 1370 2513 Estne
1401 2470 1671 2512 necessarium
1693 2470 1788 2510 nihil
1810 2483 1941 2523 agere,
1973 2468 2046 2509 sed
2068 2475 2226 2508 tantum

1681 2530 1791 2584 paffi?

1334 2632 1408 2662 Non
1434 2638 1481 2661 est
1508 2630 1746 2666 nez-essarium,
1763 2640 1813 2659 me
1838 2627 1913 2659 nihi!
1939 2627 2062 2658 facere:
2088 2628 2151 2658 imo
2172 2627 2225 2657 de-
