2343 2970
234 162 299 194 747
873 159 987 190 PillL.
1010 158 1114 190 MEL.
1138 157 1325 190 schpTA
1348 156 1611 189 EXEGETICA.
2184 159 2248 193 748

237 262 311 289 cata
336 254 447 287 lsrael.
494 255 567 286 Non
595 255 687 285 dicit:
724 253 983 287 emendantibus,
1012 252 1071 282 sed
1091 262 1217 294 gemen-

237 301 339 332 tibus:
369 299 445 341 quia
481 308 543 329 nos
572 307 636 328 non
661 306 841 338 possumus
865 296 1059 332 emendare,
1096 302 1128 326 et
1151 306 1217 327 mu-

237 349 309 374 tare
334 349 452 373 statum
482 340 663 382 publicum,
700 339 758 370 sed
785 340 907 381 gemitu
931 338 1136 369 ostendimus
1161 348 1217 369 no·
1271 338 1410 379 decepta
1435 348 1454 368 a
1478 336 1643 374 Diabolo,
1680 338 1733 378 qui
1765 339 1841 369 odio
1865 338 1936 369 Filii
1962 338 2024 370 Dei
2049 339 2113 370 hoc
2135 338 2247 371 scelus

236 393 339 417 stram
375 385 573 417 sententiam
607 389 637 414 et
675 380 939 418 confessionem,
977 380 1061 411 alius
1096 382 1216 423 magis,
1270 379 1363 412 fecit:
1411 380 1549 409 Darumb
1583 383 1665 419 treyt
1696 380 1771 410 Gol!
1800 382 1918 421 yedult.
1969 382 2121 413 Dar-nach
2143 383 2248 422 kompt

237 428 323 460 alius
347 429 463 459 minus.
511 425 558 456 llli
585 431 756 468 gementes
787 425 874 466 apud
900 422 1107 455 Ezechielem
1141 431 1217 455 sunt
1269 424 1320 452 olis
1343 423 1422 453 auclz
1445 424 1540 455 daza:
1564 423 1638 454 Non
1664 422 1733 454 vult
1758 423 1848 455 Deus
1879 435 1972 456 suam
1997 426 2171 466 imaginem
2201 437 2248 458 re-

236 473 269 503 in
293 472 358 503 hoc
382 471 486 501 dicto:
517 469 716 507 Esurz'entes,
752 472 784 499 et*
807 471 952 499 sitientes
980 468 1153 505 iusllct'am3
1183 473 1218 498 ut
1241 485 1246 769 Ι
1269 467 1335 508 digi
1360 467 1391 497 in
1411 465 1546 497 nihilum
1571 473 1603 497 et
1626 466 1753 507 perire;
1786 469 1871 498 sicut
1907 479 1971 499 non
2007 467 2109 499 voluit
2132 479 2247 501 omnes

1269 251 1410 293 phemia‚
1433 259 1468 282 ut
1492 257 1663 292 peccatum
1687 250 1833 283 Diaboli.
1880 252 1939 283 Est
1970 253 2101 294 quidem
2133 260 2249 286 contra

1270 295 1520 331 conscientiam,
1545 300 1576 325 et
1599 293 1714 335 lapsus
1739 295 1946 326 tristissimus
1961 319 1970 333 ‚
2004 296 2063 326 sed
2093 294 2153 328 suit
2176 296 2248 327 Eva

236 525 325 546 nunc
349 520 424 545 sunt
449 511 539 543 multi
565 513 641 543 boni
665 512 725 542 viri
749 512 782 542 in
807 509 910 548 ltalia,
942 509 1070 548 Gallia,
1101 510 1218 551 llispa-
1269 508 1410 551 angelos
1434 510 1552 550 perire,
1576 509 1636 540 sed
1662 508 1764 541 voluit
1787 509 1918 552 aliquos
1954 521 2087 543 manere
2121 513 2153 543 in
2182 520 2248 544 sta-

237 559 303 594 nia,
328 556 463 598 Anglia,
487 562 517 586 et
538 555 725 593 Germania,
749 555 803 596 qui
828 555 951 584 liabent
974 553 1096 594 aliquid
1120 551 1220 590 lucis,
1271 554 1358 584 tione
1382 560 1414 583 et
1439 552 1561 582 officio.

237 601 297 632 sed
321 610 387 631 non
412 604 552 641 possunt
577 604 703 629 mutare
727 604 846 628 statum
878 595 1057 637 publicum,
1081 602 1217 638 gemunt
1358 595 1428 626 Vos
1452 596 1544 625 scitis
1569 593 1714 636 regulam
1739 594 1843 626 illam:
1875 596 2097 627 Misericordia
2120 602 2248 638 superat

237 650 270 675 et
305 642 494 684 deplorant:
530 643 573 673 Es
601 643 669 672 Ilm!
691 642 787 672 {lmen
811 640 964 671 lwrtzlae‘ch
995 641 1098 677 welze,
1130 640 1219 681 quod
1269 639 1429 668 imh‘cium.
1477 638 1554 667 Gon
1577 638 1639 667 ltelt
1662 640 1745 668 seine
1768 640 1858 668 welse
1882 639 1966 669 also:
2002 639 2174 681 Temperat
2203 643 2248 673 iu-

238 686 447 718 stabiliuntur
470 683 570 721 idola,
594 691 625 715 et
649 685 737 725 quod
761 684 953 724 opprimitur
975 681 1030 713 lux
1055 683 1218 721 veritatis,
1270 683 1391 712 stitiam
1414 682 1653 718 misericordia,
1678 682 1722 712 ita
1745 688 1779 712 ut
1803 690 1937 723 superet
1961 684 2184 715 misericordia
2205 686 2249 715 iu·

1271 725 1409 760 dicium;
1432 725 1507 766 quia
1531 723 1630 755 habet
1659 723 1864 766 probabilem
1900 728 2081 763 rationem,
2116 727 2248 768 quando

1271 775 1347 798 sunt
1372 768 1579 805 invocantes,
1603 774 1633 799 et
1658 766 1773 799 volunt
1797 770 1956 799 converti.
2002 770 2069 801 Sed
2098 771 2152 811 qui
2182 780 2248 801 non

1270 811 1440 848 invocant,
1465 820 1526 841 nec
1545 809 1659 841 volunt
1684 813 1854 849 converti,
1890 813 1945 853 qui
1979 812 2095 843 volunt
2129 814 2250 854 perire,

1271 864 1333 885 nec
1356 852 1472 885 volunt
1495 853 1771 891 misericordiam,
1804 862 1939 895 pereant
1972 866 2062 887 sane.
2108 855 2168 885 Itzt
2190 856 2251 885 sol-

1271 901 1320 926 ten
1345 896 1424 926 auch
1453 896 1622 936 Principes
1656 897 1888 928 misericordes
1923 908 1996 938 seyu
2032 909 2112 941 erga
2136 898 2250 931 Eccle-

1272 940 1365 978 siam,
1391 946 1422 970 et
1447 946 1538 970 recte
1573 940 1770 970 sentientes:
1807 942 1882 982 quia
1919 953 1983 972 non
2017 950 2066 973 est
2103 942 2249 980 dubium,

1271 985 1347 1024 quin
1375 981 1466 1013 Deus
1490 989 1601 1012 servet
1629 992 1708 1012 suas
1743 985 2004 1024 promissiones,
2036 991 2067 1015 et
2103 991 2251 1026 praestet

1271 1026 1527 1057 misericordiam
1551 1025 1612 1057 iis,
1648 1026 1702 1066 qui
1736 1026 1871 1057 afflictis
1906 1027 2127 1067 opitulantur,
2163 1029 2250 1059 iuxta

237 731 335 761 etiam
359 731 400 760 ab
425 728 482 765 iis,
517 729 571 769 qui
595 728 755 758 deberent
778 736 855 757 esse
878 732 982 756 testes
1005 732 1035 756 et
1061 726 1218 757 custodes

237 783 337 804 verae
360 772 538 803 doctrinae.
575 769 622 801 llli
647 771 785 812 gemitus
810 775 887 800 sunt
904 770 1056 810 ingentes
1070 767 1217 806 dolores,

238 817 293 858 qui
318 816 392 846 inde
426 815 591 851 existunt,
626 814 714 855 quod
750 814 900 844 doctrina
936 822 1014 843 vera
1049 822 1116 842 non
1141 822 1218 842 con-

237 866 390 891 servetur
413 864 444 889 et
467 857 661 889 illustretur.

325 902 381 933 Sic
405 908 435 932 et
460 899 523 931 alia
547 899 648 931 multa
671 905 748 930 sunt
771 897 974 939 deploranda
999 898 1031 928 in
1055 898 1217 929 communi

237 952 335 977 statu.
377 946 499 976 Elliclie
515 945 639 974 riclzten
658 944 759 974 zanek
777 953 819 973 an
837 951 897 973 ron
914 943 1073 979 πίε-Μίθρῃ
1091 942 1219 980 de'nyen,

239 996 269 1020 et
295 994 403 1019 tacent
426 988 467 1018 ad
491 986 667 1017 horribiles
691 984 909 1017 idololatrias.
946 984 991 1014 lta
1010 983 1220 1015 stabiliuntur

239 1039 270 1063 et
316 1031 550 1062 confirmantur
595 1039 727 1060 errores
773 1029 913 1060 audacia
951 1028 1219 1058 adversariorum

238 1082 356 1107 contra
380 1072 576 1105 Ecclesiam.
633 1071 756 1103 Dolent
792 1082 873 1113 ergo
898 1071 952 1111 pii,
984 1072 1070 1112 quod
1097 1071 1219 1101 veritas
1271 1069 1392 1100 dictum
1419 1067 1555 1099 Psalmi:
1580 1068 1700 1097 Beatus
1734 1071 1787 1106 qne*
1820 1070 1969 1108 intelliyit
2002 1081 2094 1111 super
2127 1081 2251 1109 cycnum

238 1130 304 1150 non
328 1116 504 1154 illucescit,
540 1116 599 1146 sed
635 1116 829 1157 opprimitur
860 1113 969 1145 multis
1001 1114 1119 1144 modis.
1177 1113 1220 1144 lis
1272 1116 1301 1142 et
1320 1122 1500 1151 pauper-vm.
1547 1111 1623 1140 (ιόίί
1646 1111 1709 1140 ΙιεΙί
1732 1113 1798 1140 sein
1822 1117 1906 1151 wart,
1931 1115 2057 1144 etiamsi
2083 1124 2147 1143 non
2168 1124 2251 1144 sem-

239 1172 319 1193 vero
343 1160 395 1190 hic
419 1160 616 1200 promittitur
640 1157 846 1193 coiisolatio;
876 1159 950 1199 quia
971 1158 1102 1187 tandem
1127 1156 1219 1187 Deus
1243 1159 1247 1198 ἰ
1270 1166 1330 1196 per
1353 1154 1407 1186 illa
1431 1156 1599 1192 eveniunt,
1623 1165 1708 1196 quae
1732 1165 1793 1185 nos
1817 1157 2042 1193 somniamus,
2077 1162 2109 1187 et
2142 1166 2240 1198 quam

239 1205 347 1236 educit
373 1203 480 1234 lumen
506 1213 545 1233 ex
570 1203 734 1238 tenebris,
766 1202 887 1232 veritas
915 1200 1080 1231 illucescit
1110 1200 1221 1241 aliqua
1244 1199 1248 1241 Ι
1272 1199 1323 1229 vis
1347 1208 1449 1239 saepe
1469 1198 1615 1228 differtur
1637 1196 1793 1229 auxilium
1818 1198 1891 1230 Dei.

239 1259 279 1279 ex
303 1253 413 1289 parte;
445 1253 474 1277 et
509 1246 595 1286 apud
630 1244 777 1286 aliqum,
812 1254 852 1275 ne
885 1243 983 1284 plane
1008 1244 1220 1284 opprimatur.
1244 1247 1248 1287 Ι
1360 1241 1458 1270 Beati
1481 1241 1592 1270 viando
1613 1241 1732 1279 eorda]
1779 1241 1813 1271 ltl
1838 1250 1904 1280 est,
1931 1243 2032 1279 casti,
2063 1248 2095 1273 ut
2119 1242 2252 1272 dicitur:

231 1291 309 1331 ’Ἁγει
333 1290 363 1321 δὲ
387 1294 415 1325 ἐς
438 1291 504 1330 quiq
530 1288 579 1327 ιῇν
608 1288 755 1326 ἀλήθειαν
783 1289 897 1329 χρόνος.
954 1289 1088 1327 Tempus
1119 1288 1225 1318 educit
1245 1290 1249 1330 l
1273 1285 1346 1314 Siue
1369 1285 1616 1323 sancltfiffltc'mze
1646 1294 1731 1313 nemo
1763 1284 1877 1314 ve'tlebit
1900 1285 2016 1314 Deam.-
2040 1285 2146 1323 Dorffl
2169 1284 2254 1314 nir-ht

241 1338 408 1366 verstalssm
433 1338 465 1364 m
488 1335 598 1364 lit-fem.
637 1331 703 1362 'Est
728 1332 898 1368 seriatim,
932 1340 1123 1371 congruens
1147 1341 1221 1361 cum
1246 1338 1249 1361 ι
1273 1328 1466 1366 ,alodem-ken,
1497 1328 1584 1369 quod
1617 1334 1872 1367 perseverantes
1901 1330 1931 1359 in
1964 1328 2153 1359 libidinibus
2179 1337 2252 1369 pro-

242 1377 300 1408 illo
326 1375 453 1417 vulgari
478 1376 581 1405 dicto:
610 1376 773 1415 Temporis
794 1376 862 1413 filia
885 1379 935 1405 est
952 1378 1079 1405 veritas.
1246 1368 1250 1417 l
1275 1371 1383 1401 hibitis
1408 1370 1561 1412 placeant
1586 1370 1669 1400 Deo.
1715 1374 1914 1400 *Sa-orlttlores
1947 1376 1977 1402 et
2011 1371 2171 1401 ‹nlulleros
2196 1380 2253 1409 pu-

329 1422 423 1451 Beatc'
445 1419 680 1456 tlet'sericordt’s,
706 1422 849 1458 quoniam
873 1418 1127 1448 misericordiam
1150 1427 1223 1447 con·
1247 1422 1250 1456 Ι
1275 1416 1320 1442 uit
1344 1414 1438 1442 Dem-
1486 1413 1628 1443 A‘ltlliffl·
1651 1420 1761 1444 aulem
1785 1414 1837 1444 ΜΟ
1861 1415 1901 1444 ¹10
1925 1416 2088 1451 castitate,
2111 1415 2254 1453 quonium

239 1466 439 1504 semianima]
498 1462 570 1492 Das
604 1463 700 1501 tlarff'
721 1463 834 1492 lseiner
861 1463 976 1505 lqlaesyen
1006 1461 1224 1497 declat-al1‘0n;
1247 1460 1251 1498 l
1276 1457 1353 1487 [ales
1378 1457 1476 1485 Deam
1501 1456 1660 1484 cidelumt:
1679 1457 1711 1487 id
1734 1464 1796 1493 cst,
1817 1458 1902 1487 casti
1927 1458 2073 1498 inprimis
2093 1462 2253 1487 ornantur

239 1517 275 1539 es
295 1508 428 1546 yelzoret
451 1506 557 1536 t'nden
573 1506 694 1536 Psalm:
728 1507 857 1541 Beatus,
882 1508 936 1544 qui
957 1506 1103 1541 inlelltyit
1126 1514 1225 1543 snper
1248 1516 1252 1538 t
1276 1502 1339 1531 isto
1367 1501 1465 1536 bono,
1490 1500 1578 1540 quod
1604 1500 1635 1529 in
1659 1500 1706 1529 eis
1731 1498 1841 1529 lumen
1865 1501 2066 1541 sapientiae,
2092 1510 2119 1531 c.
2147 1499 2254 1529 consi-

242 1556 374 1590 ey‘enum
398 1551 428 1580 eff
450 1558 634 1589 pauperem.
695 1549 768 1579 Golt
798 1549 880 1579 leelss
914 1550 992 1578 also.
1052 1549 1118 1583 Qua
1140 1557 1225 1577 men-
1248 1557 1253 1614 ἱ
1276 1544 1309 1575 111
1334 1544 1438 1574 maius
1463 1549 1523 1572 est.
1569 1541 1595 1571 E
1621 1543 1800 1575 contrario,
1815 1542 1930 1582 polluti
1955 1542 2156 1579 libidinibus,
2177 1547 2254 1572 sunt

241 1604 323 1625 sura
357 1596 460 1623 mensi
490 1594 639 1631 sacrius,
681 1592 791 1622 cadem
833 1594 1005 1621 metiemur
1038 1593 1095 1620 alli
1128 1590 1224 1621 robis.
1254 1585 1384 1623 wales,
1415 1585 1468 1626 qui
1504 1585 1656 1615 caetitate
1692 1591 1788 1616 ruunt
1822 1586 1852 1615 in
1884 1584 1985 1616 multa
2012 1595 2133 1627 magna
2157 1582 2253 1616 mala.

242 1636 306 1672 Qui
341 1642 393 1666 est
428 1642 609 1676 tyranan
646 1640 676 1664 et
713 1632 857 1665 crudelis
881 1634 913 1664 in
937 1632 1039 1670 alios,
1076 1634 1104 1663 is
1128 1633 1225 1664 etiam
1275 1628 1458 1660 Libidinosi
1483 1633 1719 1665 excaecantur,
1749 1637 1777 1658 et
1815 1629 1846 1658 in
1870 1627 1925 1659 illa
1948 1629 2183 1660 excaecatione
2201 1637 2254 1658 ru-

241 1680 381 1720 patietur
404 1679 495 1710 dura.
1249 1679 1252 1700 Ι
1277 1679 1335 1704 unt
1358 1673 1390 1703 in
1415 1669 1589 1702 horribiles
1613 1669 1754 1701 furores.
1768 1678 1799 1702 et
1824 1678 1939 1711 postea
1963 1671 2098 1702 haerent
2122 1672 2153 1701 in
2176 1679 2254 1712 poe·

1248 1704 1252 1759 l
1277 1717 1338 1746 niS.
1384 1714 1523 1752 Videtis,
1547 1724 1644 1755 quam
1675 1713 1765 1745 multi
1790 1713 1931 1746 adulteri
1962 1715 2199 1745 interficiantur
2222 1713 2255 1744 in

466 1766 574 1816 Quid
607 1772 668 1805 est:
699 1765 969 1805 misericordia
984 1764 1002 1804 ⁴?
1248 1779 1251 1800 ε
1276 1759 1426 1800 turpibus
1451 1758 1698 1798 congressibus,

1364 1799 1466 1831 Multa
1501 1810 1635 1840 possem
1670 1799 1820 1841 exempla
1856 1810 2125 1831 commemorare.
2182 1798 2255 1830 Fuit

330 1850 389 1881 Est
413 1849 529 1881 dolore
554 1848 642 1880 affici
663 1847 803 1879 aliorum
822 1848 951 1879 iniustis
971 1846 1226 1884 calamitatibus,
1277 1844 1464 1886 Episcopus
1499 1843 1638 1881 Trevir,
1674 1842 1824 1874 marchio
1860 1843 2024 1874 Badensis
2065 1850 2130 1873 tam
2164 1852 2254 1882 prae-

243 1892 298 1926 vel
321 1894 417 1924 etiam
441 1893 592 1934 mitigare
624 1890 748 1932 aliquid
773 1892 813 1922 de
843 1901 971 1922 summo
996 1891 1066 1921 iure
1090 1896 1225 1931 propter
1249 1902 1253 1929 t
1277 1889 1375 1918 stanti
1395 1887 1527 1928 ingenio
1542 1909 1551 1923 ,
1588 1893 1622 1917 ut
1656 1887 1688 1916 in
1709 1894 1874 1917 conventu
1898 1885 2088 1917 Coloniensi
2111 1895 2171 1926 pro
2197 1884 2255 1915 lm-

243 1938 404 1968 rationem
427 1934 645 1977 probabilem:
671 1935 759 1966 Hebe
782 1944 840 1966 rou
866 1936 937 1966 Gale
963 1945 1014 1965 an·
1061 1932 1156 1964 Deus
1178 1931 1225 1963 af·
1249 1941 1252 1969 3
1276 1938 1430 1972 peratore
1454 1938 1485 1961 et
1510 1929 1716 1970 Principibus
1739 1930 1945 1970 responderit
1977 1928 2096 1969 legatis
2126 1927 2254 1968 pontifi—

244 1980 353 2011 ficitur
377 1978 503 2016 dolore,
526 1985 661 2020 propter
679 1977 808 2019 lapsum
827 1977 959 2020 generis
977 1977 1121 2014 humani,
1144 1986 1224 2018 ergo
1249 1978 1254 2026 ἦ
1277 1975 1336 2005 ciis
1360 1973 1496 2008 Latine;
1526 1971 1646 2013 legatis
1670 1971 1823 2009 Gallicis,
1849 1970 1991 2003 Gallice:
2018 1970 2170 2008 venetis,
2194 1970 2255 2001 lta·

244 2029 296 2055 est
319 2023 521 2054 misericors.
1278 2016 1360 2053 lice;
1385 2016 1602 2052 Germanicis,
1627 2015 1832 2046 Germanice.
1878 2013 2073 2045 lntersectus
2098 2021 2181 2045 esta
2203 2023 2255 2044 su-

1249 2029 1253 2110 i
1276 2067 1372 2097 tore,
1407 2060 1460 2100 qui
1490 2058 1752 2099 deprehenderat
1775 2068 1847 2088 eum
1873 2068 1945 2089 cum
1969 2067 2082 2088 uxore.
2128 2056 2201 2087 Fuit
2225 2061 2256 2087 et

1249 2116 1253 2132 t
1277 2103 1361 2135 alius
1396 2102 1595 2143 Episcopus,
1649 2099 1875 2142 Dalbutgius,
1921 2101 2047 2132 amicus
2088 2097 2256 2140 Rodolphi

1278 2144 1465 2188 Agricolae.
1512 2143 1590 2174 Erat
1616 2144 1734 2174 doctus
1760 2145 1791 2174 in
1816 2143 1899 2181 lure,
1923 2144 1954 2174 in
1979 2142 2201 2178 mathematis,
2224 2146 2256 2172 et

1277 2189 1391 2231 lingua
1405 2188 1530 2224 Latina,
1554 2193 1584 2217 et
1604 2186 1702 2217 valde
1725 2185 1900 2218 excellenti
1925 2187 2054 2228 ingenio
2077 2186 2255 2227 praedituS.

1279 2233 1346 2264 Sed
1370 2233 1402 2262 in
1425 2232 1523 2261 domo
1548 2230 1731 2261 meretricia
1755 2231 1864 2261 incidit
1889 2231 1921 2260 in
1946 2228 2065 2260 cellam
2085 2229 2255 2264 tinariam‚

1279 2274 1436 2306 fortassis
1459 2283 1495 2304 re
1519 2273 1568 2303 sic
1592 2273 1753 2304 instructa
1776 2284 1835 2314 per
1858 2272 1990 2304 rivales.
2036 2271 2085 2302 Ex
2109 2281 2149 2302 eo
2174 2280 2252 2302 casu

1279 2319 1387 2350 subito
1411 2322 1558 2347 mortuus
1582 2322 1644 2346 est.

333 2366 544 2407 Respondeo.
593 2364 685 2395 Deus
710 2370 761 2395 est
783 2364 906 2395 iustus:
931 2374 1013 2405 ergo
1036 2364 1124 2395 iuste
1146 2363 1227 2394 iras·
1250 2349 1255 2405 Ι
1365 2359 1455 2391 Talis
1480 2365 1530 2390 est
1554 2360 1661 2389 exitus
1685 2357 1864 2390 libidinum.
1911 2357 1950 2389 Et
1983 2364 2182 2389 mementote
2206 2365 2254 2386 re-

248 2411 333 2443 citur
346 2410 441 2442 Adae
465 2407 602 2439 violanti
625 2407 825 2438 mandatum.
871 2406 936 2437 Sed
961 2413 1070 2438 tamen
1095 2412 1149 2437 est
1171 2406 1227 2436 mi-
1281 2403 1405 2447 gulam:
1438 2402 1575 2432 Peccata
1599 2404 1723 2431 seminis
1746 2402 1832 2433 Deus
1853 2403 1944 2441 punit
1967 2403 1998 2430 in
2022 2402 2140 2430 semiue.
2186 2398 2255 2430 Da-

248 2454 407 2491 sericors‚
431 2450 576 2483 aflicitur
599 2450 716 2481 dolore
750 2452 781 2481 in
817 2448 1002 2480 calamitate
1037 2449 1145 2485 illius,
1180 2455 1228 2480 at·
1280 2448 1333 2479 vid
1358 2452 1473 2488 peccat
1493 2447 1524 2476 in
1548 2446 1689 2476 semine:
1725 2456 1806 2487 ergo
1837 2452 1974 2486 peccata
2008 2450 2040 2475 et
2064 2452 2190 2485 poenae
2213 2443 2253 2472 si-

248 2503 356 2528 tracta
376 2495 493 2527 fraude
515 2493 665 2529 Diaboli,
695 2499 727 2524 et
756 2493 870 2524 minuit
898 2503 938 2523 ae
957 2493 1080 2534 mitigat
1106 2491 1228 2534 aliquid
1282 2490 1376 2522 miles
1400 2495 1564 2530 vagantur
1587 2499 1645 2528 per
1669 2489 1905 2528 posteritatem,
1918 2489 2008 2519 iuxta
2032 2487 2168 2518 dictum:
2192 2485 2257 2514 Per

249 2540 292 2571 de
316 2541 429 2582 rigore
452 2539 532 2570 iuris
555 2538 607 2569 sui
630 2542 765 2578 propter
788 2536 876 2567 lianc
899 2545 1052 2566 caussam
1076 2536 1228 2575 probabi·
1282 2533 1366 2574 quod
1395 2534 1463 2572 quis
1481 2535 1612 2571 peccat,
1636 2541 1695 2570 per
1718 2531 1798 2561 illud
1817 2533 1956 2570 Intuitur,
2003 2530 2064 2561 Est
2086 2527 2202 2572 regula
2224 2529 2257 2559 in

249 2581 338 2622 lem,
373 2581 501 2613 scilicet
535 2582 611 2622 quia
646 2580 735 2611 videt
768 2589 845 2610 esse
879 2579 1038 2619 deceptos
1068 2578 1229 2609 homines.
1281 2577 1366 2608 libro
1390 2575 1585 2616 Sapientiae.
1632 2574 1724 2605 Deus
1759 2573 1963 2605 horribiliter
1995 2573 2149 2604 irascitur
2183 2582 2257 2613 pro-

250 2625 383 2668 Lapsus
409 2626 503 2657 Adae
527 2630 559 2656 et
582 2623 673 2656 Evae
696 2633 764 2655 non
782 2628 833 2654 cst
850 2619 951 2663 ὕβρις,
979 2631 1044 2652 non
1067 2628 1120 2653 est
1142 2620 1230 2653 blas·
1280 2619 1392 2652 bibitis
1413 2618 1625 2656 libidinibus,
1659 2616 1729 2650 vult
1762 2618 1910 2659 conspici
1939 2617 2124 2648 castitatem
2147 2616 2181 2647 in
2205 2623 2257 2658 ge-

246 2163 381 2214 Quam
419 2163 546 2202 habet
583 2175 763 2201 caussam
808 2159 1084 2215 probabilem?
1129 2173 1225 2199 nam

246 2223 393 2278 alioqui
426 2229 487 2263 est
518 2222 777 2275 indulgentia,
809 2221 840 2260 si
872 2235 953 2261 non
985 2227 1047 2260 est
1077 2220 1226 2275 proba-

602 2281 690 2321 bilis
721 2296 871 2321 caussa.
