2374 2985
209 188 271 219 155

208 283 436 324 acceptatione
471 288 503 313 et
538 282 732 313 remissione
762 287 991 322 peccatorum:
1027 279 1124 310 etiam
1155 279 1186 309 in

208 326 274 356 vita
305 332 440 356 aeterna
471 326 530 356 erit
559 325 790 356 dissimilitudo
815 325 988 355 donorum.
1035 321 1104 352 Erit
1128 320 1187 352 dis-

207 367 346 399 set-entia
364 368 501 410 gloriae,
526 368 611 399 sicut
627 367 745 398 stellae
769 366 854 398 aliae
874 367 992 403 minus,
1016 364 1102 396 aliae
1121 375 1187 395 ma-

207 413 259 453 gis
277 411 400 443 lucent:
426 421 538 442 omnes
558 418 667 441 tamen
687 418 779 441 erunt
807 411 901 441 beati.
926 410 1054 439 Bonum
1069 407 1187 448 princi-

207 454 283 496 pale
307 463 337 485 et
361 453 577 486 substantiale
601 465 716 484 omnes
747 455 912 484 tenebant.
959 451 1064 481 Maria
1087 450 1187 481 sentit

206 508 347 539 magnos
372 504 480 528 motus
504 499 632 528 animae
655 503 688 527 et
703 497 853 538 Spiritus.
884 496 983 527 Scitis
1007 493 1095 525 aliud
1112 503 1188 524 esse

206 542 359 578 animam,
381 540 470 571 aliud
494 540 660 581 Spiritum.

320 731 428 781 Quid
461 738 522 771 est
546 737 661 768 Anima
684 730 816 785 phrasi
847 728 1065 769 Hebraea?

293 840 399 870 Adam
424 846 556 871 creatus
579 846 630 871 est
654 841 685 870 in
709 839 851 869 animam
885 837 1071 875 viventem,
1098 835 1187 868 scili-

207 890 256 913 cet
284 884 349 914 vita
374 882 529 914 naturali:
554 883 722 924 Significat
745 891 860 912 omnes
876 881 976 918 vires,
1000 886 1186 921 5811901811-

206 927 268 957 tias
291 927 420 956 animae
444 925 620 957 naturales.
668 926 733 957 Sed
758 925 915 964 spiritus,
941 930 992 955 est
1015 922 1072 954 illa
1095 923 1186 953 novi-

206 976 271 1007 tas,
294 980 377 1010 quae
403 970 437 999 lit
460 980 519 1010 per
542 969 697 1010 Spiritum
721 976 884 1005 sanctum,
909 978 972 1008 quo
997 966 1185 997 sanetifica-

205 1023 288 1049 mur‚
313 1019 345 1043 ut
369 1013 498 1043 ‹livitur2
530 1012 624 1050 Quod
652 1015 761 1042 nalum
784 1015 831 1042 est
854 1021 892 1041 ex
914 1012 1052 1051 spiritu,
1086 1009 1184 1049 spiri-

206 1060 257 1086 tus
279 1059 336 1085 est.
369 1055 499 1086 Habitat
518 1055 610 1086 Deus
635 1056 665 1085 in
691 1055 785 1085 nobis
809 1056 864 1090 ita,
889 1059 924 1084 ut
947 1053 1069 1083 efficiat
1093 1053 1185 1083 novi-

205 1104 304 1129 tatem
328 1099 359 1128 in
384 1100 489 1129 nobis.
527 1097 584 1129 llla
612 1098 702 1128 initia
726 1098 883 1128 novitatis
908 1095 1096 1126 efficiuntur
1126 1105 1186 1135 per

205 1142 361 1182 Spiritum
385 1148 546 1173 sanetum.
592 1141 648 1172 Sic
678 1141 777 1182 igitur
802 1141 894 1171 dicit:
925 1140 1072 1180 Spiritus
1101 1147 1186 1169 meus

205 1184 416 1216 inenarrabili
436 1185 559 1216 laetitia
579 1185 690 1225 gestit,
714 1184 911 1223 η’χαλλιὶσατο.
942 1183 1030 1213 1(18111
1049 1183 1186 1212 verbum

205 1234 384 1268 usurpatur
407 1228 448 1258 de
471 1227 653 1264 Abraham,
677 1227 738 1258 das
756 1229 844 1257 et'ner
862 1227 991 1267 sprinyt
1011 1224 1073 1264 fiir
1086 1224 1186 1255 Fren-

205 1272 278 1302 den.
314 1271 471 1301 [metatus
495 1275 539 1301 est
565 1270 742 1305 Abraham,
766 1274 799 1300 ut
823 1271 948 1300 rideret
972 1270 1054 1299 diem
1073 1278 1187 1298 meum:

205 1314 239 1345 id
263 1320 330 1351 est,
360 1315 469 1355 gestiit
500 1314 636 1344 laetitia.
683 1313 823 1353 Spiritus
848 1313 954 1343 sancti
978 1318 1087 1342 motus
1112 1320 1187 1341 sen-

205 1357 346 1395 tiuntur,
376 1357 478 1387 Ez'nen
505 1356 635 1388 rechten
669 1360 755 1388 trost
772 1355 878 1395 fiilzlet
900 1364 983 1386 ηιαπ.
1029 1353 1099 1384 Sed
1121 1363 1188 1384 non

205 1405 259 1432 est
276 1406 385 1431 motus
409 1399 466 1432 ille
488 1399 642 1437 laetitiae,
666 1400 721 1430 ubi
744 1410 809 1430 non
829 1405 879 1430 est
898 1397 1110 1439 poenitentia,
1132 1397 1188 1427 ubi

205 1453 273 1475 non
298 1449 350 1474 est
374 1442 479 1474 dolor.
524 1443 599 1474 Non
623 1448 734 1483 potest
757 1443 853 1479 sciri,
887 1442 964 1482 quid
987 1441 1029 1471 sit
1052 1438 1188 1477 laetitia,

205 1487 269 1518 nisi
288 1485 465 1518 collatione
485 1486 647 1517 dolorum.
682 1485 758 1526 ipsa
781 1484 979 1516 tribuitDeo
999 1483 1075 1520 hoc,
1100 1483 1188 1523 quod

206 1535 259 1561 est
280 1529 403 1570 ipsiuS,
433 1527 575 1560 affirmat
605 1538 681 1560 esse
705 1527 787 1566 Dei,
818 1528 906 1569 quod
931 1533 981 1558 est
1006 1526 1079 1557 Dei.
1125 1525 1189 1557 Lo·

206 1572 315 1613 quitur
338 1573 378 1603 de
402 1573 503 1603 totius
519 1570 693 1603 Ecclesiae
716 1571 924 1602 liberatione:
948 1570 1053 1602 Sicuti
1071 1569 1188 1610 inquit:

206 1615 297 1646 Fecit
323 1617 500 1656 potentiam
527 1615 660 1647 brachio
683 1624 761 1647 suo:
790 1614 951 1655 Deposuit
978 1616 1127 1654 potentes
1151 1613 1190 1643 de

207 1659 293 1690 sede.

294 1701 507 1739 Mementote,
531 1702 619 1743 quod
643 1702 747 1732 verba
771 1701 947 1741 praeterita
966 1701 1031 1731 sint
1048 1695 1189 1741 ἀόριστα,

207 1744 332 1776 habent
347 1745 621 1787 significationem
638 1745 782 1776 continui
801 1745 967 1785 temporis.
997 1743 1075 1773 Gott
1091 1743 1191 1784 psleyt

206 1800 245 1819 so
274 1799 309 1818 :n
337 1788 429 1825 chun,
465 1788 553 1828 quod
582 1786 669 1818 delet
704 1787 898 1829 Tyrannos,
946 1793 978 1817 et
1009 1785 1127 1816 liberat
1157 1792 1191 1816 et

207 1831 331 1862 exaltat
355 1830 558 1867 Ecclesiam,
584 1829 671 1861 delet
695 1831 901 1861 Pharaonem
926 1835 958 1860 et
981 1827 1109 1859 extollit
1132 1839 1190 1869 po·

233 1873 322 1904 ulum
351 1873 470 1905 lsrael:
507 1872 593 1904 delet
619 1873 773 1911 Saulum,
809 1880 842 1903 et
865 1872 988 1903 exaltat
1016 1871 1188 1902 Davidem.

207 1885 282 1949 {loc
306 1928 408 1957 opus,
437 1916 522 1947 hanc
552 1923 744 1957 perpetuam
775 1915 1003 1947 liberationem
1032 1915 1189 1946 celebrat.

207 1959 355 1991 Tandem
375 1961 452 1990 dicit
472 1960 512 1990 de
530 1969 658 1990 summa
676 1960 739 1990 rei:
759 1960 924 1999 Suscepit:
945 1959 977 1989 id
997 1965 1059 1995 est,
1075 1957 1190 1995 erexit,

207 2001 375 2034 liberavit:
406 2001 635 2042 complectitur
665 2003 774 2033 onmia
806 2002 982 2039 beneficia,
1017 2012 1102 2042 quae
1132 2010 1190 2041 per

208 2046 313 2078 filium
337 2046 399 2077 Dei
424 2046 554 2082 dantur,
574 2055 639 2075 non
663 2052 787 2077 tantum
808 2043 1003 2086 corporales
1027 2043 1190 2075 liberatio-

209 2099 283 2120 nes.
308 2090 366 2119 sed
388 2090 485 2119 etiam
508 2093 672 2119 aeternas.

301 2132 452 2172 Respexit
481 2131 689 2162 humilitatem
713 2131 852 2162 ancillae
879 2140 968 2161 suae.
1015 2128 1190 2160 Humilitas

208 2185 275 2207 non
299 2175 464 2216 significat
487 2175 654 2211 virtutem,
679 2184 764 2215 quae
784 2179 923 2204 vocatur
941 2173 1071 2203 Graece
1091 2183 1191 2202 ταπει-

209 2218 395 2259 νοφροσύγης
425 2217 487 2248 sed
519 2216 686 2258 significat
716 2217 780 2248 hoc
802 2215 879 2246 loco
903 2215 1072 2253 vilitatem,
1095 2224 1192 2245 unser

209 2261 313 2293 eleud.
357 2261 518 2302 Loquitur
541 2261 582 2291 de
606 2260 756 2297 obiecto,
790 2265 956 2300 tamquam
980 2260 1021 2289 de
1044 2257 1191 2289 vulnere.

210 2303 304 2336 Deus
323 2314 383 2346 per
400 2303 658 2335 misericordiam
676 2313 781 2339 suam,
805 2312 871 2333 non
891 2308 1026 2343 propter
1044 2308 1193 2332 nostram

212 2347 366 2379 virtutem
396 2347 532 2388 respicit
554 2352 702 2377 nostram
726 2343 899 2382 vilitatem,
923 2351 1055 2375 nostras
1080 2345 1193 2386 ingen-

209 2395 264 2422 tes
289 2391 453 2421 miserias.
499 2389 631 2427 Videte,
662 2399 759 2429 quam
788 2389 831 2419 sit
861 2398 915 2418 res
940 2389 1058 2419 misera
1081 2387 1192 2418 homo.

211 2433 353 2468 Quando
378 2444 443 2464 non
467 2438 696 2464 sustentantur
719 2432 867 2463 homines
892 2442 912 2461 a
934 2430 1027 2469 Deo,
1055 2430 1194 2461 horribi-

210 2474 287 2508 liter
309 2476 550 2507 interficiuntur
572 2486 592 2506 a
616 2473 768 2506 Diabolo.
809 2473 962 2516 Cogitate
986 2475 1025 2505 de
1049 2472 1113 2504 illis
1137 2483 1195 2514 po-

211 2519 357 2550 tentibus
380 2519 585 2555 hominibus,
608 2517 690 2549 Iulio
715 2517 879 2555 Caesare,
905 2515 1055 2558 Philippo
1085 2516 1195 2548 Mace-

213 2562 311 2599 done,
338 2561 528 2593 Alexandro
551 2561 697 2603 Magno,
719 2559 957 2592 Themistocle:
988 2564 1045 2591 wie
1067 2560 1113 2590 sie
1135 2560 1196 2590 der

216 2605 341 2644 Teuffel
361 2605 417 2637 lzat
440 2605 628 2646 hz’nyerz‘clzt.
673 2604 785 2636 Ruunt
807 2604 840 2635 in
859 2610 1029 2635 aeternum
1053 2603 1195 2640 exitium,

214 2649 451 2680 cruciabuntur
473 2650 506 2680 in
529 2649 617 2680 omni
640 2648 844 2679 aeternitate.
897 2647 1003 2679 Welch
1025 2647 1076 2677 ein
1096 2655 1196 2687 yrau-

870 185 979 218 PHlL.
998 184 1106 224 MEL.
1129 182 1314 216 SCRIPTA
1336 182 1600 214 EXEGETICA.

1214 2195 1223 2611 l

2158 183 2219 215 156

1240 286 1309 307 sam
1332 276 1410 317 diny
1427 276 1470 306 ist
1492 276 1574 307 das!
1607 276 1713 312 Quam
1736 284 1812 309 sunt
1834 277 1964 310 furores
1988 278 2164 310 horribiles
2188 280 2220 310 in

1241 329 1363 361 genere
1392 320 1549 350 humano!
1590 321 1719 361 quoties
1759 320 1889 353 fuerunt
1929 333 2060 364 pugnae
2090 329 2124 353 ut
2154 323 2221 353 sint

1241 361 1414 394 interfecta
1437 373 1502 393 uno
1527 364 1578 394 die
1607 364 1730 394 100000
1752 364 1940 397 hominum?

1325 405 1405 436 Erat
1439 416 1551 447 pugna
1586 407 1616 436 in
1652 408 1724 447 ipso
1759 408 1810 438 die
1840 407 2014 439 paschatis
2045 410 2108 439 sub
2140 407 2220 439 lulio

1242 448 1413 486 pontifice,
1440 455 1471 478 et
1495 447 1718 480 Maximiliano
1742 452 1858 490 primo.
1904 454 1938 483 ln
1962 450 2016 482 illa
2040 462 2151 493 pugna
2173 452 2220 482 in-

1241 492 1380 523 terfecta
1403 498 1477 523 sunt
1505 495 1544 522 ati
1570 492 1677 523 20000
1701 494 1877 524 hominum.

1328 535 1399 566 Fuit.
1429 535 1610 566 accerrima
1633 546 1745 577 pugna
1770 538 1930 574 omnium,
1963 548 2047 579 quas
2072 547 2132 568 nos
2157 547 2220 567 me-

1239 579 1406 609 minimus:
1437 579 1603 618 perierunt
1626 580 1779 620 utrinque
1802 580 1892 610 multi
1915 587 2125 621 praestantes
2150 580 2219 611 viri.

1239 621 1314 651 Non
1337 621 1395 652 suit
1422 627 1548 652 tantum
1571 622 1764 661 dissipatio,
1787 623 1847 653 sed
1871 634 1981 664 pugna
2000 624 2155 661 stataria,
2178 622 2222 653 ad

1239 663 1446 695 Ravennam:
1469 674 1506 694 so
1531 666 1622 694 wilte!
1646 666 1707 695 cler
1727 665 1849 706 'l'eusl'el
1871 668 1902 696 in
1926 676 2049 708 genere
2067 665 2221 697 humano.

1239 706 1327 737 Nihil
1351 713 1402 738 est
1426 707 1576 738 miserius
1602 707 1748 745 homine,
1779 710 1911 750 quando
1939 720 2005 740 non
2037 710 2222 740 custoditur

1239 757 1271 780 et
1299 750 1486 781 defenditur
1513 762 1533 781 a
1556 749 1641 781 Deo.
1678 750 1782 782 Filius
1812 751 1874 783 Dei
1904 751 2055 794 intelligit
2086 760 2221 783 nostias

1239 803 1378 834 magnas
1398 794 1558 824 miserias.
1606 795 1747 829 Quando
1775 795 1881 826 Adam
1906 795 2023 836 lapsus
2047 802 2109 833 est,
2128 794 2222 826 Deus

1240 844 1398 867 aeternus
1418 836 1517 867 Pater
1535 836 1669 868 Domini
1688 838 1793 868 nostri
1818 838 1892 869 lesu
1912 838 2047 876 Christi,
2066 844 2098 869 et
2120 837 2222 869 Filius

1238 878 1313 917 Det,
1335 887 1366 909 et
1386 880 1528 920 Spiritus
1549 887 1684 911 sanctus
1709 881 1935 912 misericordia
1958 883 2049 920 moti,
2073 880 2223 912 fecerunt

1239 923 1419 959 decretum,
1443 928 1477 952 ut
1496 923 1545 953 sic
1564 922 1791 954 liberaremur.
1817 923 1908 955 illam
1933 922 2224 956 vilitatemintelli-

1239 967 1297 1007 git,
1316 966 1378 996 clas
1400 965 1458 995 lmt
1482 966 1559 996 (ioht
1582 967 1768 1007 (ιη-9838114111.
1806 967 1846 998 Et
1865 966 2010 1009 loquitur
2029 968 2070 999 de
2090 968 2224 998 obiecto

1238 1008 1400 1046 sanando,
1423 1018 1490 1038 non
1508 1010 1548 1039 (le
1572 1012 1700 1048 merito,
1719 1017 1855 1051 propter
1878 1011 1967 1052 quod
1988 1011 2018 1041 id
2034 1011 2100 1041 fiat.
2125 1009 2225 1040 Aliud

1238 1058 1290 1082 est
1324 1052 1491 1082 obiectum
1526 1053 1726 1091 curandum,
1765 1052 1855 1084 aliud
1885 1055 2053 1092 meritum,
2087 1059 2225 1094 propter

1238 1095 1327 1136 quod
1351 1095 1383 1124 id
1408 1094 1452 1124 fit.

1325 1136 1379 1168 Ah
1403 1136 1544 1167 Domine
1579 1136 1692 1176 Deus,
1726 1138 1770 1169 ah
1793 1138 1936 1170 Domine
1970 1139 2045 1171 lesu
2080 1138 2225 1177 Christe,

1239 1180 1371 1220 respice
1400 1189 1487 1210 nunc
1522 1190 1653 1221 quoque
1686 1188 1835 1212 nostram
1871 1181 2037 1213 vilitatem.
2094 1181 2224 1213 Videtis

1239 1221 1495 1254 inenarrabilem
1525 1222 1752 1254 infirmitatem.
1799 1224 1904 1259 Quam
1925 1226 2019 1265 pauci
2038 1223 2225 1266 intelligunt

1239 1265 1443 1298 doctrinam!
1469 1267 1581 1306 quanti
1600 1266 1732 1297 sorores
1757 1274 1835 1298 sunt
1857 1266 2050 1306 multorum,
2073 1266 2224 1308 multipli-

1241 1311 1322 1341 eiter
1341 1310 1540 1339 turbantium
1565 1310 1745 1340 veritatem.
1777 1309 1876 1341 Certe
1905 1312 2063 1342 debemus
2092 1320 2226 1352 gemere

1240 1358 1378 1395 propter
1412 1351 1495 1382 haec
1530 1351 1634 1390 mala,
1680 1358 1712 1383 et
1746 1364 1808 1383 nos
1842 1354 2025 1395 adiungere
2059 1355 2101 1386 ad
2136 1352 2225 1384 illam

1241 1396 1396 1436 optimam
1419 1396 1544 1435 ἔξαρχον
1568 1395 1664 1425 huius
1688 1397 1860 1433 carminis,
1885 1397 1936 1427 Ale
1958 1398 2084 1437 respice
2106 1397 2226 1434 Israel,

1241 1439 1368 1478 suscipe
1392 1439 1515 1469 lsrael:
1550 1438 1592 1468 ita
1616 1440 1741 1479 precati
1765 1446 1843 1471 sunt
1862 1441 1915 1470 isti
1934 1442 2041 1471 sancti
2060 1440 2224 1478 homines,

1243 1481 1436 1517 Zacharias,
1457 1479 1644 1518 Elizabeth,
1671 1488 1703 1512 et
1725 1481 1788 1513 alii.

1328 1524 1375 1555 lta
1406 1535 1486 1565 ergo
1517 1523 1580 1555 hoc
1616 1524 1787 1556 Canticum
1819 1532 1870 1556 est
1905 1525 2091 1558 Gratiarum
2127 1527 2224 1558 actio.

1242 1567 1390 1599 Pertinet
1413 1568 1454 1597 ad
1478 1577 1583 1608 genus
1614 1566 1936 1605 Demonstrativum;
1971 1571 2115 1600 continet
2150 1580 2225 1600 nar·

1243 1612 1423 1648 rationem,
1459 1620 1544 1651 quae
1578 1617 1629 1640 est
1663 1612 1796 1643 veritas.
1849 1612 1932 1642 Nam
1967 1613 2140 1643 Gratitudo
2172 1619 2225 1643 est

1243 1655 1380 1685 veritas:
1411 1660 1443 1683 et
1476 1659 1592 1693 postea
1617 1654 1749 1685 iustitia.
1798 1654 1929 1685 Veritas
1954 1654 2090 1693 fatetur,
2115 1667 2134 1686 a
2158 1665 2224 1695 quo

1243 1698 1285 1728 sit
1307 1703 1482 1737 acceptum
1507 1697 1717 1735 beneficium,
1750 1698 1843 1729 cuius
1867 1699 1909 1728 sit
1933 1708 2068 1729 munus:
2100 1698 2226 1729 lustitia.

1244 1739 1370 1781 obligat
1401 1747 1432 1769 te
1463 1740 1607 1770 vicissim
1638 1740 1679 1769 ad
1710 1739 1820 1782 aliqua
1855 1740 1978 1772 oflicia.
2025 1741 2225 1782 Plerumque

1242 1791 1351 1814 autem
1375 1783 1406 1812 in
1430 1783 1609 1823 gratiarum
1633 1784 1764 1814 actione
1788 1785 1883 1814 etiam
1914 1785 2055 1825 petimus
2083 1783 2225 1825 aliquid:

1243 1826 1512 1857 commendamus
1537 1836 1598 1856 nos
1624 1825 1827 1857 benefactori
1852 1826 1908 1857 illi.
1941 1827 1987 1858 lta
2010 1837 2142 1868 quoque
2161 1836 2224 1857 nos

1243 1870 1367 1900 diserte
1405 1868 1565 1899 debemus
1600 1875 1713 1909 petere
1736 1880 1756 1900 a
1778 1869 1860 1900 Filio
1880 1869 1955 1901 Dei:
1989 1870 2121 1901 Domine
2149 1870 2225 1901 Iesu

1246 1912 1391 1949 Christe,
1435 1916 1561 1952 respice
1588 1913 1749 1942 miseriam
1783 1917 1946 1950 nostram,
1970 1914 2044 1943 iura
2068 1922 2143 1944 nos:
2177 1913 2226 1943 sis

1243 1956 1446 1996 άινιιλήπτωρ,
1478 1956 1529 1985 ein
1555 1955 1682 1988 Keller,
1706 1955 1885 1993 liberator,
1918 1962 2097 1987 recreator.
2143 1954 2226 1987 ἀνη-

1243 1999 1406 2039 λαμβάιέιν
1429 1998 1512 2029 heis!
1533 1997 1593 2036 oll't
1614 2008 1731 2028 curare
1750 2008 1912 2039 corpora,
1935 2008 2023 2029 'zcenn
2046 2008 2119 2029 man
2142 1999 2228 2029 dean

1243 2043 1423 2074 exercitum
1459 2041 1558 2071 wider
1591 2040 1745 2081 erquiclst.
1791 2041 1836 2071 Es
1858 2043 1901 2072 ist
1929 2043 1991 2072 clas
2014 2042 2131 2079 werdt,
2164 2042 2227 2072 das

1244 2086 1296 2116 die
1319 2085 1428 2116 Latini
1451 2084 1553 2115 haben
1573 2083 1721 2124 yemaclzt
1743 2094 1909 2122 asserere,
1932 2095 2020 2115 wenn
2041 2094 2115 2115 man
2138 2086 2228 2115 einen

1243 2129 1313 2160 halt
1336 2129 1368 2158 in
1393 2128 1611 2166 captivitatem
1632 2125 1778 2167 yesizret,
1810 2128 1877 2158 und
1909 2129 1960 2158 ein
1994 2129 2099 2159 ander
2121 2128 2228 2168 ltmnpt

1244 2172 1310 2203 und
1332 2174 1429 2201 restet
1452 2170 1517 2207 ihu,
1540 2170 1601 2200 der
1623 2170 1705 2201 lieist
1722 2170 1895 2207 Assertor,
1919 2173 1969 2201 εἰη
1994 2171 2117 2201 Hetter.
2148 2170 2227 2201 Dia-

1245 2213 1343 2246 bolus
1366 2223 1428 2245 nos
1452 2214 1583 2244 seduxit
1607 2224 1625 2242 :t
1643 2212 1717 2243 Deo
1740 2213 1772 2243 in
1797 2220 1962 2245 extremas
1979 2214 2141 2251 miserias,
2166 2213 2228 2244 sed

1247 2258 1336 2288 venit
1368 2263 1519 2288 assertor
1542 2255 1715 2293 Christus,
1755 2258 1810 2297 qui
1840 2258 1935 2298 eripit
1969 2268 2030 2288 nos
2068 2255 2227 2294 Diabolo,

1245 2300 1376 2342 reponit
1411 2310 1472 2330 nos
1507 2301 1537 2330 ‘n
1562 2297 1669 2336 coe10,
1704 2300 1736 2330 in
1760 2307 1928 2331 aeternam
1957 2300 2228 2331 consuetudinem

1246 2343 1320 2375 Dei.

1332 2385 1464 2417 Dictum
1487 2392 1596 2416 autem
1621 2390 1670 2415 est
1693 2384 1883 2426 aliquoties,
1906 2386 1995 2427 quod
2011 2385 2115 2416 Maria
2138 2394 2228 2416 man·

1248 2430 1330 2461 serit
1354 2439 1428 2459 cum
1462 2426 1657 2459 Elizabetha
1690 2436 1758 2460 tres
1788 2439 1931 2460 menseS.
1978 2428 2138 2463 Quaestio
2161 2433 2228 2458 est:

1247 2473 1325 2514 quid
1349 2473 1413 2503 isto
1437 2477 1584 2511 tempore
1603 2472 1646 2501 ibi
1670 2472 1761 2513 egit?
1789 2472 1990 2503 Accessitne
2013 2472 2054 2502 ad
2079 2470 2227 2502 saltatio-

1246 2516 1326 2547 nes?
1350 2515 1561 2556 Respondeo.
1592 2514 1645 2545 Ad
1665 2516 1832 2546 convivia:
1857 2521 1948 2546 certe
1970 2520 2002 2545 et
2022 2522 2228 2555 congressus

1247 2560 1408 2590 honestos
1428 2558 1573 2588 accessit
1597 2564 1629 2588 et
1654 2558 1744 2598 ipsa,
1764 2564 1796 2588 et
1819 2557 2006 2589 Elizabeth.
2051 2558 2116 2588 Sed
2140 2555 2229 2587 aliud

1248 2608 1298 2633 est
1322 2602 1435 2633 venire
1457 2602 1498 2632 ad
1523 2601 1675 2632 convivia
1700 2600 1854 2632 honesta:
1878 2600 1967 2632 aliud
1989 2606 2144 2641 expetere
2163 2599 2229 2630 sal-

1247 2646 1400 2677 tationes.
1446 2644 1510 2675 Die
1543 2645 1609 2675 alte
1639 2648 1715 2685 yute
1748 2644 1845 2675 Fraw
1873 2645 1915 2675 ist
1937 2643 2024 2674 nicht
2046 2653 2113 2674 zum
2141 2647 2230 2674 tantz
