2374 2985
257 183 298 213 47

257 282 326 307 tota
348 276 578 310 absconditur,
612 282 646 306 ut
670 275 819 306 videatur
842 275 936 317 quasi
959 285 1000 306 ex
1023 275 1119 306 coelo
1142 285 1235 316 pror-

258 328 315 350 sus
339 317 470 350 sublata
505 328 597 349 esse:
632 318 682 349 sic
704 317 856 350 Ecclesia
885 329 950 349 non
980 328 1112 359 semper
1134 316 1235 349 habet

257 360 340 393 foris
353 367 474 393 statum
487 360 639 398 similem,
663 368 693 392 et
719 369 911 392 tamencum
932 361 1059 392 videtur
1071 370 1235 401 oppressa

259 410 291 436 et
314 404 471 441 extincta,
492 410 557 435 tum
581 410 632 435 est
656 404 804 444 proxima
828 403 910 442 Soli,
941 404 972 434 id
996 409 1058 440 est,
1082 402 1234 434 Christo:

258 446 402 485 fovetur,
426 445 622 485 defenditur,
646 454 863 478 conservatur
885 457 905 477 a
926 445 1009 477 Filio
1029 444 1103 484 Dei,
1127 446 1234 477 donec

257 500 374 522 rursus
398 495 555 531 emergat.

343 532 426 564 Cum
456 532 608 563 Christus
642 533 791 573 pendens
825 533 856 563 in
895 541 993 563 cruce
1016 531 1168 569 moritur,
1203 536 1235 562 et

256 582 374 617 postea
398 576 429 606 in
453 574 631 616 sepulchro
656 576 750 611 iacet,
776 574 995 605 consternatis
1018 579 1050 605 et
1073 574 1233 615 dispersis

257 617 448 660 Apostolis,
481 623 551 649 erat
573 617 770 649 abscondita
792 616 957 654 Ecclesia,
991 622 1023 648 et
1057 618 1234 657 putabatur

258 662 401 693 extincta
420 671 506 692 esse.
553 660 619 692 Sed
642 659 697 692 illa
720 661 792 701 ipsa
815 670 916 698 mors,
938 665 970 690 et
993 659 1087 701 quies
1110 658 1234 691 Christi

257 702 363 735 attulit
403 702 542 734 salutem
582 710 614 735 et
654 702 879 735 liberationem
913 701 1104 741 Ecclesiae,
1148 712 1234 744 quae

258 747 384 778 interim
408 747 539 777 vivebat
561 747 594 777 in
616 746 702 784 Deo,
726 752 757 777 et
780 746 898 786 prodiit
921 754 1049 776 rursus.

342 788 435 820 Hanc
468 789 629 830 picturam
662 787 835 820 Ecclesiae
869 789 989 830 cogita,
1024 788 1152 829 quoties
1186 789 1233 819 in-

257 832 359 863 tueris
393 833 484 862 vices
517 831 632 862 Lunae
661 832 692 862 in
728 830 838 867 coelo;
872 832 958 863 sicut
987 836 1056 862 tota
1081 836 1232 862 creatura

257 875 390 906 condita
413 880 480 911 est,
509 884 630 916 magna
659 880 691 905 et
713 873 852 904 mirabili
886 874 1064 915 sapientia,
1098 879 1130 904 et
1152 884 1233 914 prae

257 927 294 948 se
316 916 379 948 fert
401 917 560 958 imagines
583 917 795 948 maximarum
815 926 934 947 rerum.

256 1082 395 1122 Recita
447 1081 722 1121 definitionem
776 1081 975 1135 integram
1020 1081 1233 1122 Ecclesiae.

340 1171 550 1213 Respondeo.
605 1172 750 1204 Ecclesia
782 1175 831 1203 est
864 1177 971 1204 coetus
992 1173 1136 1212 visibilis,
1169 1183 1234 1204 am-

250 1217 456 1256 plectentium
494 1216 699 1253 Eranyelmm
743 1219 775 1246 et
811 1218 964 1247 utentium
1003 1216 1234 1254 Sucranzentls,

255 1262 338 1290 sicut
357 1258 509 1289 (lirz'm’tus
530 1258 678 1289 instituta
699 1262 783 1297 sunt,
804 1258 840 1289 in
862 1268 921 1297 quo
942 1262 1033 1290 coetu
1051 1259 1152 1290 Filius
1169 1259 1235 1290 Dei

255 1306 304 1334 esl
324 1303 445 1341 efficax
462 1311 525 1341 per
547 1303 774 1340 azinium-ium,
798 1305 831 1332 et
861 1303 975 1332 multos
997 1306 1182 1342 reyenerat,
1205 1306 1236 1333 ec

255 1349 329 1376 sunt
350 1345 383 1375 z'n
406 1346 513 1375 eodem
530 1348 619 1374 coetu
641 1344 735 1376 multi
753 1352 817 1375 mm
839 1345 957 1384 sancti,
985 1346 1046 1376 sed
1066 1349 1172 1376 {temen
1195 1346 1235 1376 de

255 1389 401 1419 doclrz'na
423 1390 666 1418 consentientes.

340 1429 375 1460 ln
398 1428 461 1460 hac
484 1428 671 1460 definitione
704 1429 801 1470 signa
824 1427 1028 1470 principalia,
1065 1439 1149 1470 quae
1171 1428 1234 1460 Ec-

255 1471 390 1504 clesiam
415 1477 625 1510 monstrant,
657 1473 854 1504 recitantur:
888 1472 1048 1503 Doctrina
1070 1473 1237 1513 Ecanyelz‘e'
1260 1488 1261 1491 ¹

254 1519 451 1556 incorrupta,
475 1520 507 1547 et
529 1516 688 1554 legitimus
709 1524 787 1546 usus
808 1515 1103 1547 Sacramentorum.

341 1557 470 1589 Deinde
504 1558 637 1588 dicitur:
671 1559 709 1589 In
741 1559 800 1589 ltoc
833 1562 922 1590 coctu
954 1558 1058 1589 Filius
1092 1559 1156 1590 Dei
1187 1561 1235 1589 est

255 1602 372 1642 efficax
400 1611 464 1641 per
496 1601 722 1632 vn'nz'slerz’um.
778 1599 827 1632 Ea
860 1599 1021 1642 particula
1044 1601 1085 1631 de
1105 1601 1234 1632 duabus

254 1645 355 1675 rebus
378 1653 441 1675 nos
464 1649 590 1677 monet3
623 1644 774 1684 primum,
807 1644 897 1684 quod
926 1644 1113 1685 ubicunque
1137 1650 1235 1675 sonat

255 1697 321 1718 vox
340 1685 523 1727 Evangelii,
554 1686 598 1716 ibi
631 1696 764 1726 semper
786 1692 863 1717 sunt
886 1685 987 1728 aliqui
1011 1685 1124 1718 electi:
1149 1697 1234 1728 quae

255 1736 307 1761 est
329 1730 505 1760 admodum
529 1727 635 1760 dulcis
659 1728 858 1767 consolatio,
893 1728 1047 1760 videlicet
1069 1730 1168 1767 scire,
1202 1730 1235 1761 in

255 1773 343 1804 omni
367 1778 465 1803 coetu
488 1777 681 1802 vocatorum
701 1781 778 1803 esse
801 1771 933 1813 aliquos
951 1771 1025 1803 Deo
1048 1772 1234 1813 placentes.

255 1822 286 1847 et
310 1825 470 1856 nusquam
493 1813 618 1846 electos
641 1815 850 1856 quaerendos
872 1825 966 1853 esse,
1000 1816 1064 1847 nisi
1086 1815 1119 1846 in
1137 1822 1235 1847 coetu

255 1865 461 1893 vocatorum.
505 1857 536 1888 A
560 1867 624 1898 qua
648 1858 810 1889 sententia
832 1868 898 1889 non
922 1859 1069 1890 sinamus
1092 1868 1155 1889 nos
1178 1859 1234 1889 ab-

256 1902 330 1933 duci
354 1900 492 1932 aliorum
515 1900 633 1941 ineptis
657 1899 951 1941 speculationibus.

341 1944 472 1975 Deinde
514 1944 629 1974 eadem
674 1942 826 1974 clausula
869 1949 981 1975 monet
1019 1944 1234 1975 ministerium

256 1985 428 2028 Evangelii
467 1985 516 2016 sic
549 1985 732 2017 institutum
766 1996 862 2025 esse,
891 1993 926 2017 ut
958 1997 1017 2027 per
1043 1985 1109 2017 hoc
1132 1985 1233 2018 Filius

256 2030 321 2061 Dei
344 2028 423 2061 velit
447 2038 523 2060 esse
547 2027 677 2066 efficax,
711 2034 744 2060 et
767 2029 831 2060 hoc
853 2030 962 2066 modo,
998 2029 1126 2060 scilicet
1150 2040 1234 2061 voce

258 2071 446 2115 Evangelii,
480 2078 512 2102 et
545 2081 612 2102 non
642 2071 738 2102 aliter
772 2071 932 2113 colligere
966 2072 1028 2103 sibi
1063 2078 1234 2104 aeternam

257 2115 452 2147 Ecclesiam.
508 2114 624 2155 Neque
657 2120 766 2145 tamen
794 2115 923 2155 magice
950 2113 1161 2156 intelligenda
1184 2121 1235 2146 est

258 2159 341 2190 haec
366 2157 532 2195 efficacia,
567 2158 607 2188 de
631 2155 784 2188 violentis
809 2158 976 2198 raptibus,
1013 2159 1107 2199 quasi
1138 2158 1235 2189 nobis

258 2212 396 2244 prorsus
419 2201 547 2238 otiosis,
569 2210 635 2231 non
659 2201 885 2238 audientibus,
917 2211 984 2232 non
1015 2201 1236 2242 cogitantibus

258 2246 407 2282 verbum,
429 2249 485 2275 aut
508 2244 603 2274 etiam
627 2243 887 2285 repugnantibus
910 2249 943 2274 et
960 2243 1090 2282 invitis,
1125 2243 1180 2275 fiat
1203 2244 1235 2275 in

258 2288 354 2320 nobis
377 2286 565 2319 conversio.

346 2329 468 2362 Paulus
490 2329 608 2371 inquit:
632 2330 662 2361 F
662 2330 731 2361 ides
752 2339 796 2361 eoe
817 2330 947 2360 auditu:
976 2329 1107 2360 auditus
1130 2333 1236 2361 aulem

258 2384 318 2415 per
335 2374 464 2405 verbum
486 2374 557 2404 Del.
597 2372 765 2404 Debemus
789 2382 870 2414 ergo
893 2370 980 2403 velle
1002 2373 1127 2413 audire⁷
1149 2371 1238 2404 velle

262 2417 412 2457 accipere
445 2422 475 2446 et
497 2414 652 2456 amplecti
681 2414 842 2446 beneficia
864 2415 967 2446 verbo
991 2413 1117 2453 oblata,
1149 2416 1238 2447 sicut

262 2460 405 2501 pingitur
438 2459 470 2489 in
498 2458 660 2500 parabola
693 2459 734 2490 (le
768 2456 834 2489 filio
867 2458 1021 2499 prodigo,
1057 2458 1109 2489 cui
1143 2464 1239 2498 pater

262 2503 373 2544 prodit
406 2501 554 2539 obviam,
587 2507 620 2534 et
643 2502 735 2533 irruit
757 2501 789 2532 in
812 2499 997 2542 amplexum
1019 2499 1087 2531 filii.
1134 2500 1238 2532 Simul

264 2552 372 2576 autem
396 2550 427 2574 et
451 2543 538 2576 filius
560 2545 692 2578 accedit
709 2544 751 2576 ad
767 2550 904 2585 patrem,
929 2549 961 2574 et
978 2553 1051 2574 eum
1070 2542 1238 2584 amplecti-

266 2594 329 2625 tur,
364 2587 424 2618 etsi
458 2586 522 2618 hoc
549 2586 628 2620 facit
661 2587 803 2619 timidius
832 2593 968 2627 propter
1002 2586 1238 2619 conscientiam

258 2629 458 2665 >delictorum
491 2639 641 2663 suorum:
676 2631 722 2662 lta
756 2630 901 2662 sciamus
931 2629 1040 2661 Deum
1069 2626 1238 2662 efficacem

889 181 1000 213 PHlL.
1024 180 1127 213 MEL.
1150 179 1337 214 SCRIPTA
1359 179 1620 212 EXEGETICA.

2222 182 2265 214 48

1287 283 1363 304 esse
1386 283 1444 315 per
1468 275 1615 312 verbum,
1637 273 1776 313 scilicet,
1799 276 1955 314 auditum,
1986 276 2175 318 cogitatum,
2198 288 2264 309 non

1287 322 1444 358 spretum,
1467 327 1532 348 non
1557 324 1787 358 contemptum.
1915 322 1918 325 '

1374 358 1511 394 Quoties
1540 366 1650 392 autem
1685 361 1870 392 nominatur
1909 361 2141 400 ministerium,
2187 369 2266 394 nota

1286 411 1363 433 esse
1391 402 1490 434 debet
1523 412 1648 434 summa
1682 403 1852 435 doctrinae
1879 402 2055 442 coelestis,
2089 405 2266 437 discrimen

1285 443 1370 486 legis
1393 451 1425 476 et
1447 444 1638 487 Evangelii3
1672 446 1747 477 item
1771 447 1948 478 discrimen
1975 448 2060 478 inter
2083 448 2266 479 doctrinam

1285 486 1460 520 Ecclesiae
1483 489 1659 529 propriam,
1685 495 1718 519 et
1740 488 1932 531 ieligionem
1959 488 2096 521 aliarum
2120 491 2265 533 gentium

1286 536 1318 562 et
1340 537 1516 562 sectarum.

1371 574 1514 604 Additur
1542 579 1649 605 autem
1684 575 1716 605 in
1750 573 1939 606 definitione
1965 574 2151 613 Ecclesiae,
2185 577 2269 616 quod

1285 617 1409 648 sanctis
1449 617 1588 648 admixti
1618 617 1684 648 sint
1717 619 1809 648 multi
1840 627 1904 649 non
1936 628 2011 650 rere
2043 619 2160 650 renati.
2218 618 2267 650 lta

1285 658 1439 690 Ecclesia
1468 660 1665 690 describitur
1699 660 1731 690 in
1765 659 1933 700 parabolis
1957 659 2037 692 illis:
2072 662 2185 693 Simile
2218 665 2267 693 est

1285 711 1419 742 requam
1452 705 1611 733 coelorum
1640 713 1781 742 sayenae
1814 704 1934 734 missae
1955 704 1990 735 in
2018 714 2118 736 mare.
2174 704 2266 741 Item,

1285 745 1469 776 Semlmmtt'
1488 755 1596 776 semen
1618 747 1730 777 bonum
1753 746 1787 777 in
1808 756 1922 785 aarum
1951 756 2057 780 suum,
2080 750 2132 778 cui
2162 752 2268 779 tamen

1285 789 1505 819 admiscentur
1526 791 1661 820 ziz-ama.
1705 787 1798 820 Haec
1816 795 1866 820 est
1889 789 2070 830 descriptio
2094 788 2268 822 Ecclesiae

1286 829 1438 867 visibilis,
1463 829 1569 871 qualis
1594 837 1645 862 est
1668 832 1700 862 in
1718 830 1782 862 hac
1806 832 1883 862 vita.

1373 872 1549 908 Quaeritur
1571 880 1695 905 autem:
1717 875 1756 906 Sc·
1766 876 1910 906 Ecclesia
1927 879 1978 906 est
1996 875 2129 907 visibilis
2147 879 2268 913 coetus,

1286 918 1389 956 qualis
1407 919 1456 947 est
1477 919 1545 947 eius
1563 918 1777 957 yztbernalz‘o?
1809 917 2018 958 Respondeo.
2054 917 2115 949 Hic
2137 923 2270 959 oportet

1287 959 1478 990 discernere
1517 959 1640 1001 gradus
1683 961 1977 1002 gubernationu1n3
2018 960 2038 991 ii
2074 967 2141 992 tres
2176 966 2268 992 sunt:

1287 1002 1519 1040 oeconomica,
1553 1001 1697 1042 politica,
1732 1010 1764 1035 et
1798 1002 2037 1035 Ecclesiastica
2060 1004 2267 1045 gubernatio.

1287 1043 1378 1075 Haec
1402 1050 1478 1075 sunt
1500 1046 1562 1075 tria
1585 1055 1708 1086 genera
1731 1056 1876 1084 summa,
1912 1046 2067 1077 distincta
2090 1047 2123 1077 in
2147 1047 2268 1089 guber·

1287 1087 1421 1118 natione
1443 1087 1539 1119 huius
1562 1089 1660 1119 vitae.

1288 1250 1365 1293 Cui
1396 1258 1534 1293 autem
1573 1253 1734 1293 similior
1766 1260 1826 1293 est
1857 1253 2098 1307 gubernatio
2129 1253 2268 1293 Eccle-

1377 1329 1545 1379 siastica‚
1580 1328 1853 1370 oeconomiae
1886 1330 1952 1370 vel
1983 1329 2179 1371 Pontiae?

1374 1427 1585 1469 Respondeo.
1640 1428 1701 1459 Est
1740 1427 1876 1460 similior
1915 1429 2149 1466 oeconomiae,
2192 1429 2269 1469 quia

1288 1470 1442 1502 Christus
1465 1471 1682 1502 ministerium
1709 1470 1856 1512 appellat
1892 1470 2024 1509 claves,
2055 1482 2131 1503 cum
2165 1471 2269 1511 inquit

1287 1515 1329 1545 ad
1348 1513 1498 1545 Petrum:
1520 1515 1548 1545 T
1545 1515 1590 1545 ι’ὑι·
1609 1516 1690 1545 (labo
1711 1517 1816 1546 claves
1838 1515 1933 1554 teym'
1952 1517 2118 1546 coelorum.
2157 1514 2269 1546 Clare-5·

1286 1557 1475 1598 significant
1504 1558 1742 1588 oeconomiam.
1799 1557 1883 1588 Nam
1917 1558 2051 1596 domus,
2082 1555 2268 1595 conclavia,

1287 1599 1393 1630 cellae
1415 1600 1604 1640 aperiuntur
1628 1599 1790 1631 clavibus
1837 1600 1978 1637 Contra,
2012 1600 2145 1632 Gladius
2168 1600 2268 1642 signi-

1287 1643 1364 1674 ficat
1387 1643 1711 1680 administrationem,
1736 1653 1821 1684 quae
1840 1650 1954 1674 sontes
1973 1641 2167 1683 capitalibus
2189 1652 2267 1683 sup-

1286 1684 1393 1726 pliciis
1426 1684 1539 1717 afficit.
1600 1686 1761 1717 Parentes
1794 1686 1828 1716 in
1863 1685 2067 1718 oeconomiis
2102 1685 2268 1726 castigant

1285 1728 1410 1760 liberos
1432 1729 1538 1770 virga,
1560 1738 1626 1760 non
1651 1727 1772 1770 gladio.

1375 1771 1429 1802 Sic
1468 1778 1538 1802 tota
1578 1772 1775 1813 gubernatio
1806 1772 1837 1802 in
1873 1769 2028 1802 Ecclesia
2066 1775 2119 1801 est
2151 1768 2267 1802 similis

1287 1815 1517 1846 oeconomiae:
1552 1815 1584 1844 id
1608 1821 1678 1851 est,
1714 1814 1944 1855 gubernationi
1967 1819 2125 1854 paternae
2148 1819 2180 1844 et
2203 1822 2268 1843 ma-

1286 1863 1410 1888 ternae.
1466 1855 1555 1887 Psal.
1579 1857 1632 1888 68.
1665 1858 1738 1898 ipsa
1760 1855 1913 1888 Ecclesia
1942 1857 2128 1889 mminatur
2149 1860 2267 1886 mater-

1258 1925 1262 1936 ,
1283 1900 1447 1940 familia-5¹:
1478 1910 1552 1931 cum
1577 1900 1709 1930 dicitur:
1743 1901 1850 1931 Decus
1871 1901 1983 1930 domus
2013 1900 2131 1929 diridet
2152 1901 2267 1937 spoliet.

1288 1943 1510 1974 (Jeconomiae
1545 1941 1657 1974 similis
1692 1948 1744 1973 est
1777 1943 1873 1973 etiam
1896 1940 2025 1972 schola.
2082 1941 2153 1972 Nec
2182 1939 2268 1971 male

1288 1985 1417 2023 dicitur,
1439 1984 1626 2017 Ecclesiam
1648 1995 1724 2016 esse
1743 1983 1882 2015 similem
1905 1982 2053 2015 scholae.

1373 2027 1486 2070 Aliqui
1520 2034 1711 2068 comparant
1739 2026 1925 2058 Ecclesiam
1960 2025 2104 2067 politiae,
2139 2024 2268 2057 scilicet

1288 2071 1534 2102 considerando
1569 2072 1718 2102 diversas
1753 2071 1883 2111 species
1903 2068 2050 2109 politiae,
2084 2079 2169 2110 quae
2192 2074 2268 2099 sunt

1288 2113 1513 2151 Democratia,
1547 2113 1777 2151 Aristocratia,
1811 2120 1842 2143 et
1878 2111 2087 2144 Monarchia:
2123 2111 2157 2141 Si
2191 2111 2266 2152 quis

1259 2231 1267 2357 ι
1287 2242 1538 2275 Aristocratiae.

1289 2167 1370 2199 ergo
1393 2155 1464 2188 vult
1487 2157 1630 2187 retinere
1651 2155 1738 2187 hanc
1761 2154 1989 2192 collationem,
2025 2165 2099 2186 eum
2136 2159 2267 2195 oportet

1289 2201 1455 2242 cogitare,
1499 2198 1685 2231 Ecclesiam
1729 2197 1890 2229 visibilem
1934 2197 2118 2238 comparari
2166 2204 2268 2237 posse

1609 2242 1671 2273 Sed
1717 2241 1745 2272 si
1788 2240 1939 2272 volumus
1985 2238 2268 2281 comprehendere

1288 2292 1390 2327 caput
1423 2284 1605 2322 Christum,
1638 2290 1718 2315 tunc
1747 2294 1825 2315 vere
1858 2290 1911 2315 est
1943 2293 2101 2326 regnum,
2133 2282 2166 2312 in
2201 2291 2266 2322 quo

1288 2329 1405 2361 Filium
1426 2328 1490 2359 Dei
1513 2333 1565 2358 est
1586 2338 1658 2358 rex.

1374 2372 1435 2403 Est
1451 2377 1560 2402 autem
1579 2369 1644 2401 hoc
1663 2369 1763 2411 longe
1775 2368 1870 2401 aliter
1887 2367 2147 2410 intelligendum,
2169 2377 2267 2408 quam

1289 2417 1376 2448 sicut
1397 2414 1560 2445 Pontificii
1582 2414 1750 2453 disputant
1772 2413 1812 2443 de
1835 2411 1996 2443 Ecclesia.
2041 2411 2126 2442 Nam
2150 2420 2268 2441 secun-

1289 2459 1366 2490 dum
1399 2458 1583 2489 doctrinam
1616 2455 1841 2493 Pon-afficiam,
1880 2453 2036 2486 Ecclesia
2077 2451 2268 2493 simpliciter

1290 2501 1499 2533 constituitur
1521 2505 1677 2540 tanquam
1712 2508 1867 2539 regnum,
1903 2503 1935 2529 et
1968 2498 2018 2528 sic
2050 2496 2199 2538 quidem,
2232 2500 2268 2525 ut

1289 2554 1378 2586 papa
1410 2544 1463 2574 sit<
1486 2542 1569 2580 Rex,
1604 2548 1636 2573 et
1668 2541 1826 2582 Episcopi
1863 2541 1930 2572 sint
1971 2540 2042 2571 eius
2076 2538 2266 2578 PrIncipesz

1291 2587 1414 2619 caeteri
1447 2595 1546 2627 reges
1580 2584 1706 2625 politici
1739 2584 1805 2614 sint
1828 2593 1940 2614 eorum
1964 2581 2145 2618 samnites,
2179 2585 2211 2611 et
2233 2585 2268 2610 ut

1264 2643 1268 2662 t
1289 2631 1356 2662 sint
1378 2628 1522 2670 copulati
1545 2638 1611 2659 non
1635 2627 1784 2658 doctrina
1803 2624 1986 2668 Evangelii,
2010 2625 2069 2656 sed
2088 2625 2157 2654 suis
2185 2621 2253 2664 legi
