2343 2970
80 208 146 242 497

81 304 224 336 dominii.
260 302 490 334 Resuscitatus
513 301 567 333 ille
590 313 656 333 non
675 308 745 334 erat
768 302 881 333 matris
905 301 1058 343 amplius,

79 348 141 378 sed
164 347 317 388 proprius
341 345 477 377 Christi:
505 345 585 377 Erat
607 355 725 377 servus
751 345 848 376 huius
871 345 1003 376 Domini
1027 350 1059 375 et

79 389 167 426 heri3
191 396 238 428 ut,
261 391 288 420 si
312 400 386 420 eum
408 390 441 419 in
464 389 536 420 acie
556 389 700 429 cepisset
723 395 756 419 et
778 388 938 419 donasset
961 389 989 419 ei
1014 388 1059 418 vi-

80 439 157 471 tam,
192 434 276 464 sicut
308 431 385 463 olim
419 434 506 464 servi
531 433 608 463 dicti
631 437 708 463 sunt
730 442 750 462 a
771 431 935 463 servando,
971 431 1058 466 quod

80 487 154 508 cum
179 476 265 517 capti
299 481 412 507 essent
446 476 477 506 in
511 477 594 513 acie,
618 482 650 506 et
672 475 790 512 victor,
824 475 852 504 si
883 473 1057 511 voluisset,

80 520 233 551 occidere
245 529 305 550 ecs
329 519 502 560 potuisset,
523 524 631 550 tamen
654 523 826 549 servasset
849 527 907 548 eos
931 518 962 547 in
982 518 1058 548 vita.
1083 501 1086 545 i

79 562 163 593 Huic
188 563 303 594 victori
327 568 443 603 postea
467 563 594 593 servire
614 562 830 603 cogebantur,
855 566 885 590 et
905 558 1059 590 diceban-

79 611 269 637 turcorum
304 606 469 645 nuzucipia,
499 605 593 647 quasi
627 614 724 636 manu
759 613 872 635 eorum
907 604 992 644 capti
1027 609 1059 634 et

79 649 210 680 servati.
1084 673 1085 680 ,

166 691 232 722 lam
256 702 344 722 mors
368 691 474 722 hostis
498 691 630 733 generis
660 690 792 721 humani
827 688 928 720 filium
962 690 1059 720 istum
1084 685 1086 724 i

80 735 212 773 viduae,
235 735 330 776 quasi
353 735 384 765 in
408 734 479 765 acie
502 738 654 774 ceperat:
686 733 862 764 Intervenit
893 732 1059 770 Christus,
1083 730 1085 771 J

79 784 112 809 et
135 788 209 809 eum
232 778 321 809 hosti
344 779 460 808 iterum
482 777 591 817 eripit,
627 781 659 806 et
689 776 758 807 iure
789 776 964 816 possidere
986 785 1058 806 eum
1083 795 1085 802 ι

79 821 253 862 potuisset,
272 822 300 851 si
323 831 389 851 non
412 819 529 852 volens
554 819 752 849 reddidisset
772 820 877 849 matri.
910 819 943 849 ln
957 820 1059 849 histo-

79 864 129 895 ria
153 863 302 895 Romana
325 863 435 904 Scipio
459 863 529 893 iure
557 862 730 902 possidere
760 862 925 902 potuisset
959 862 1058 903 virgi-
1083 874 1085 877 ’

80 917 165 944 nem,
190 917 285 948 quam
306 904 392 937 bello
418 911 561 946 ceperat,
591 905 650 935 sed
682 905 812 936 remittit
838 916 908 936 eam
933 915 1057 946 sponso
1083 933 1085 938 .

78 960 159 987 suo,
192 959 254 980 nec
287 947 390 979 violat
423 949 494 979 eius
529 949 724 978 castitatem.
772 948 844 979 Hoc
868 947 964 979 valde
988 947 1059 989 pul—

79 991 191 1023 chrum
211 999 274 1029 est,
299 998 331 1022 et
353 991 431 1022 fecit
455 991 566 1032 Scipio
586 989 803 1022 laudabiliter.
849 990 988 1022 Contra:

205 1051 293 1081 Boni
314 1050 565 1088 Ptzlrisfionile'as
588 1054 633 1080 est
656 1061 728 1080 suas
751 1062 800 1081 res
823 1047 968 1081 retinere:

211 1094 307 1133 Viryo
330 1094 386 1123 illa
406 1095 470 1132 fait
493 1094 669 1132 Scipionis:
1058 1110 1084 1132 ,Η

206 1137 294 1177 Eryo
318 1148 383 1166 eam
404 1140 532 1176 poterat
554 1138 694 1168 retinere.

163 1207 273 1237 Probo
298 1205 478 1237 Minorem:
507 1205 584 1247 qnia
613 1206 685 1237 iure
709 1203 795 1236 belle
816 1205 1057 1236 transferuntur

76 1250 217 1281 dominia
242 1260 350 1280 rerum
374 1254 406 1279 et
429 1258 655 1288 personarum.
714 1248 924 1288 Respondeo.
971 1248 1057 1280 Con-

76 1293 159 1325 cedo
183 1299 297 1324 totum.
342 1291 409 1322 Sed
429 1302 495 1322 non
520 1291 589 1322 iure
612 1296 742 1331 poterat
763 1289 887 1322 violare
912 1293 981 1322 eius
1005 1301 1057 1322 ca-

75 1337 229 1367 stitatem.
287 1335 347 1365 Est
378 1334 509 1376 quidem
538 1335 589 1365 ius
618 1332 696 1366 belli
729 1334 868 1372 iustum,
901 1335 961 1365 sed
990 1344 1056 1365 non

75 1379 175 1411 debet
208 1388 357 1420 pugnare
397 1388 470 1408 cum
512 1377 583 1408 iure
617 1377 736 1408 divino.
794 1376 840 1406 Er
874 1388 938 1406 war
972 1377 1057 1406 niclzt

74 1422 220 1461 schuldiy
253 1422 349 1450 ciuem
382 1420 501 1449 andern
536 1420 706 1460 dieselbiye
739 1420 839 1449 wider
878 1431 913 1451 :u
949 1421 1054 1460 yeben.

75 1465 144 1497 Sed
170 1464 307 1496 alterius
338 1473 497 1505 sponsam
527 1462 654 1494 violare
687 1474 754 1495 non
783 1464 935 1495 debebat.
982 1463 1057 1495 lura

75 1510 160 1541 enim
189 1506 266 1539 belli
300 1516 366 1539 non
396 1505 516 1538 tollunt
550 1507 706 1538 divinmn.
750 1507 825 1538 Non
859 1507 957 1538 debet
984 1508 1057 1538 fieri

75 1550 204 1582 adulter
217 1550 344 1591 Scipi03
366 1550 473 1591 potuit
490 1555 602 1580 tamen
625 1549 711 1581 alias
732 1560 805 1581 eam
828 1551 983 1589 retinere,
1009 1550 1056 1579 als

76 1595 143 1622 cine
166 1594 307 1623 diener-in
329 1594 369 1622 z'm
388 1593 665 1630 frazczvenzinmwr3
693 1593 754 1624 sed
779 1592 988 1625 laudabiliter
1010 1592 1056 1625 fe-

78 1637 133 1675 cit,
157 1637 247 1677 quod
270 1636 420 1666 reddidit.

163 1679 279 1710 Cimon
311 1678 376 1709 dux
403 1677 617 1709 Atheniensis
642 1676 747 1709 noluit
773 1679 888 1710 audire
916 1689 1056 1710 comme-

77 1723 295 1754 morationem
319 1731 454 1752 suorum
477 1719 652 1758 factorum,
682 1721 743 1751 sed
771 1720 837 1752 hoc
859 1731 897 1753 se
919 1721 1057 1764 gloriari

77 1766 168 1803 dixit,
191 1765 280 1806 quod
303 1770 375 1795 arte
397 1763 535 1794 vicisset
551 1762 844 1807 Lacedaemonios.
878 1765 964 1796 Nam
983 1775 1056 1796 cum

77 1815 175 1850 capta
197 1814 288 1839 esset
311 1816 432 1848 magna
455 1804 629 1836 multitudo
653 1805 797 1837 hostium
819 1807 851 1837 in
875 1806 1058 1847 proeli0,et

76 1851 167 1883 multi
191 1851 387 1882 nobilissimi
411 1849 560 1880 homines
584 1859 650 1880 una
673 1849 760 1888 capti
783 1857 913 1888 essent,
938 1856 1057 1890 pactus

76 1900 128 1926 est
154 1905 227 1925 cum
250 1891 542 1929 Lacedaemoniis,
576 1897 612 1923 ut
645 1891 844 1922 divideretur
877 1894 1000 1933 praeda
1023 1893 1055 1923 in

77 1938 160 1969 duas
182 1942 311 1978 partes:
341 1937 372 1966 in
396 1944 495 1966 unam
518 1940 644 1974 partem
663 1933 841 1965 collocavit
855 1941 980 1972 vestes,
1000 1946 1055 1976 pe-

79 1981 223 2017 cuniam,
252 1989 385 2016 aurum,
419 1984 452 2008 et
475 1978 632 2019 quidquid
655 1978 699 2008 ibi
723 1978 780 2008 suit
804 1988 914 2009 rerum
938 1979 1056 2019 pretio-

79 2032 204 2053 sarum:
227 2022 333 2053 nudas
352 2027 460 2052 autem
484 2030 647 2061 personas
671 2031 744 2051 cum
769 2019 936 2051 vilissimis
958 2023 1054 2053 vesti-

82 2065 144 2096 bus
165 2065 197 2095 in
220 2063 284 2095 alio
309 2063 385 2095 leco
409 2062 598 2100 collocavit,
622 2069 654 2094 et
674 2064 762 2094 dedit
784 2063 978 2095 electionem
991 2065 1054 2096 La-

81 2108 314 2139 cedaemoniis.
359 2106 382 2136 li
405 2107 610 2146 accipiebant
633 2107 815 2147 pecuniam.
861 2107 976 2138 Cimon
996 2109 1054 2139 At-

79 2151 176 2187 ticus,
200 2157 235 2181 ut
255 2155 325 2181 erat
347 2149 491 2189 sapiens,
515 2150 642 2180 sciebat
671 2149 953 2181 Lacedaemonios
977 2161 1054 2183 esse
1077 2156 1080 2198 Ι

79 2203 214 2231 avaros,
237 2203 277 2224 ac
299 2190 396 2222 facile
419 2192 585 2222 concessit
597 2193 643 2223 eis
662 2193 834 2233 praedam:
855 2195 914 2224 sed
933 2201 1054 2233 tamen,
1077 2201 1081 2239 1

81 2245 152 2267 cum
176 2237 247 2276 ipse
271 2235 457 2275 accepisset
486 2235 592 2266 nudas
614 2245 791 2276 personas,
822 2235 896 2278 plus
926 2241 1054 2279 accepit
1078 2240 1082 2285 *ς

79 2279 170 2315 inde,
198 2289 294 2320 quam
327 2276 372 2308 illi
396 2287 436 2308 ex
469 2286 530 2307 sua
553 2279 674 2317 praeda
709 2278 832 2310 habere
865 2286 1083 2339 potuerunul

81 2321 156 2361 quia
175 2323 331 2353 servabat
360 2330 502 2360 corpora
528 2320 726 2362 principum,
761 2329 793 2353 et
820 2322 993 2362 nobilium,
1024 2332 1056 2357 et

80 2363 130 2393 sic
151 2365 391 2404 assequebatur
412 2361 541 2394 laudem
563 2361 773 2396 humanitatis
797 2373 827 2397 et
853 2365 1054 2400 clementiae.

79 2404 210 2436 Deinde
233 2416 306 2437 cum
329 2407 484 2437 redderet
506 2405 671 2446 principes
694 2408 776 2447 suis,
801 2408 953 2442 videlicet
977 2411 1054 2443 Per-

80 2448 145 2486 sis,
180 2449 307 2489 accepit
343 2449 501 2481 maiorem
535 2450 721 2490 pecuniam,
758 2462 855 2494 quam
887 2453 1082 2505 Lacedae-¹

79 2501 189 2523 monn.

166 2534 232 2566 lam
258 2544 393 2576 quaero,
424 2543 467 2564 an
488 2533 559 2565 iure
581 2534 728 2567 debuerit
750 2538 890 2570 reddere
912 2550 1054 2580 corpora

78 2578 284 2619 principum?
306 2578 393 2615 Non,
414 2577 460 2605 sie
482 2577 554 2606 sind
575 2577 641 2606 sein
662 2588 813 2618 yewesen:
837 2583 912 2623 quia
936 2583 967 2614 in
980 2585 1052 2615 acie

79 2621 166 2661 capti
189 2626 293 2652 erant.
339 2621 387 2652 lta
421 2620 474 2652 hic
507 2619 705 2653 adolescens
738 2622 799 2656 fuit
831 2625 862 2656 in
889 2632 1052 2667 potestate

80 2662 215 2702 Christi,
236 2664 297 2695 sed
319 2662 471 2695 Christus
494 2664 535 2695 de
556 2673 618 2695 suo
640 2663 709 2697 iure
731 2668 829 2705 cedit,
854 2670 960 2701 reddit
976 2680 1050 2702 eum

231 2732 377 2752 MELANTH.
391 2730 471 2754 OPER,
486 2731 549 2752 VOL.
563 2731 633 2755 xxv-

761 206 978 240 POSTILLA
1012 206 1410 239 MELANTHOMANA.

2027 207 2093 240 498

1111 301 1218 339 matri,
1241 302 1339 342 idque
1363 300 1442 334 facit
1465 306 1680 342 proptertres
1694 310 1843 332 caussas.
1875 301 1895 332 l.
1929 301 2091 334 Ouianon

1113 343 1181 375 vult
1206 345 1308 376 videri
1333 345 1394 375 sibi
1419 343 1541 385 aliquid
1565 354 1729 385 quaerere
1753 345 2091 385 p1·aete:;tnEvange-

1111 386 1156 424 lii,
1179 393 1212 418 ut
1232 388 1383 427 dominia,
1403 388 1597 428 potentiam,
1631 387 1811 426 lterschvasl'b
1840 391 1895 425 yut
1929 388 1994 416 um!
2023 388 2091 417 der-

1111 430 1261 469 9leielzen‚
1296 432 1385 472 quod
1419 431 1483 461 iam
1525 429 1622 461 valde
1661 437 1711 461 est
1746 432 1911 461 usitatum.
1971 430 2091 462 Verum

1112 473 1265 505 Christus
1288 473 1392 505 noluit
1414 478 1584 514 praetextu
1611 474 1778 504 ministerii
1809 472 2017 504 &miraculi
2046 474 2092 505 di-

1111 517 1190 555 vini,
1215 518 1278 548 sibi
1302 527 1462 558 quaerere
1485 515 1607 558 aliquid
1631 516 1816 558 corporale.
1861 517 1893 547 2.
1922 515 1988 547 Dat
2019 527 2091 548 eum

1112 561 1223 598 matri,
1255 561 1330 602 quia
1361 570 1426 590 non
1458 559 1524 590 vult
1550 561 1683 590 turbare
1706 559 1789 591 alias
1819 560 2091 599 gubernationes,

1111 601 1240 634 scilicet
1263 604 1511 634 oeconomicam
1535 609 1565 633 et
1589 602 1774 644 politicam:
1800 604 1844 632 Er
1868 603 2007 631 setzte‘lm
2022 605 2091 632 wie-

1111 647 1168 675 der
1190 648 1222 674 in
1245 648 1310 675 sein
1333 647 1428 684 lmus,
1457 651 1492 676 ut
1525 647 1649 676 serviat
1680 648 1773 677 matri
1804 657 1884 677 sune
1915 652 1947 676 et
1971 647 2091 677 civitati

1111 690 1221 727 Naim3
1250 691 1325 731 qnia
1350 687 1565 731 Evangeiium
1593 699 1658 719 non
1682 691 1791 720 turbat
1823 690 2037 720 oeconomias
2061 695 2092 721 et

1111 731 1253 774 politiaS.
1310 731 1464 764 Ecclesia
1505 738 1556 762 est
1601 742 1719 773 sparsa
1760 733 1792 763 in
1828 734 1919 763 varia
1952 732 2091 773 Imperia

1111 777 1240 814 mnndi,
1275 782 1308 807 et
1341 782 1391 807 est
1421 774 1587 806 collocata
1617 776 1647 805 in
1673 776 1875 806 oeconomiis
1900 781 1931 806 et
1953 775 2090 815 politiis:

1083 818 1085 841 5
1112 819 1151 849 Et.
1174 819 1257 851 haec
1282 820 1485 850 consociatio
1506 824 1558 849 est
1580 817 1736 855 fovenda,
1759 825 1916 859 quantum
1941 818 2010 849 fieri
2035 830 2090 859 po-

1112 868 1188 893 test.
1233 861 1309 893 Alia
1332 868 1438 894 autem
1458 867 1534 892 sunt
1554 861 1691 902 Imperia
1718 862 1858 899 mitiora,
1882 860 1945 892 alia
1959 862 2092 893 duriora

1111 911 1143 936 et
1171 906 1353 946 asperiora.
1399 904 1459 936 illa
1493 905 1564 935 iura
1594 915 1660 935 non
1695 906 1828 935 turbant.
1862 904 2091 946 Evangelinm.

1110 948 1140 979 3.
1166 948 1368 980 Consolatur
1390 954 1538 981 matrem,
1562 948 1594 978 id
1617 953 1685 985 est,
1709 947 1911 984 Ecclesiam,
1936 947 2004 978 vult
2029 958 2091 979 nos

1110 993 1153 1022 ab
1177 991 1331 1022 Ecclesia
1353 993 1435 1031 regi,
1465 991 1570 1022 reddit
1595 1001 1656 1021 nos
1684 989 1865 1021 Ecclesiae.
1914 991 2091 1022 Samarita-

1082 1048 1084 1054 ¹
1110 1045 1171 1066 nus
1195 1032 1404 1066 vulneratum
1425 1032 1515 1065 illum
1538 1034 1668 1065 deducit
1691 1035 1723 1064 in
1737 1044 1937 1075 cauponam:
1962 1035 2016 1064 dat
2029 1044 2091 1064 nos

1111 1078 1308 1109 erudiendos
1333 1084 1365 1109 ct
1388 1077 1560 1109 docendos
1584 1078 1689 1115 matri,
1721 1077 1813 1107 mittit
1837 1078 1879 1108 ad
1902 1076 2091 1109 Ecclesiam

1082 1130 1084 1136 ’
1110 1122 1393 1161 gubernatricem,
1424 1128 1456 1152 et
1479 1119 1576 1151 simul
1606 1130 1678 1151 eam
1702 1119 1898 1151 consolatur
1927 1121 1991 1151 hoc
2017 1121 2091 1161 ipso

1110 1164 1209 1195 facto.
1256 1163 1416 1205 Cogitetis
1439 1174 1521 1206 ergo
1548 1173 1608 1194 vos
1638 1174 1715 1194 esse
1744 1164 1996 1194 commendatos
2027 1174 2093 1195 ma-

1109 1208 1161 1246 tri,
1186 1214 1294 1239 amate
1318 1213 1472 1244 matrem,
1496 1207 1527 1237 id
1552 1211 1618 1240 est,
1648 1205 1845 1237 Ecclesiam.
1893 1206 1997 1237 Mater
2026 1217 2091 1237 non

1110 1256 1162 1281 est
1184 1258 1307 1281 temere
1326 1250 1522 1281 deferenda:
1546 1255 1653 1280 amate
1682 1250 1791 1280 studia
1818 1256 1848 1280 et
1881 1248 1989 1280 fovete
2015 1260 2092 1280 con-

1110 1295 1338 1325 sociationem.
1362 1293 1480 1322 nun-liet
1502 1293 1586 1322 nieht.
1612 1293 1828 1330 turbationes,
1847 1293 2092 1332 distractiones,

1110 1337 1353 1378 dissipationes.
1389 1337 1576 1368 Foveamus
1607 1335 1670 1366 hos
1695 1342 1826 1373 coetuS,
1859 1337 1985 1367 etiamsi
2010 1337 2092 1367 dura

1109 1381 1270 1422 quaedam
1294 1379 1433 1411 serenda
1456 1381 1532 1410 sint.
1578 1379 1741 1410 Sonemus
1776 1380 2001 1420 incorruptam
2036 1380 2091 1410 do-

1110 1424 1267 1455 ctrinam:
1291 1429 1420 1454 maneat
1442 1433 1501 1454 cor
1523 1421 1743 1463 impollutum,
1768 1432 1834 1453 non
1853 1424 2037 1454 sauciatum
2059 1423 2091 1454 in

1110 1467 1331 1506 invocatione,
1353 1467 1419 1497 sint
1442 1464 1553 1498 officia
1574 1466 1662 1497 vitae
1686 1466 1845 1498 modesta.

1139 1611 1375 1645 HISTORICA
1406 1612 1465 1644 DE
1488 1612 1764 1644 INVENTIONE
1788 1611 1842 1643 ΕΤ
1866 1611 2062 1644 EXALTA-

1336 1664 1471 1696 TIONE
1494 1664 1653 1697 CRUCIS
1676 1664 1862 1703 CHRISTt,

1192 1727 1302 1768 euius
1333 1728 1381 1768 fit
1411 1728 1564 1767 mentio
1596 1728 1636 1768 in
1670 1726 1916 1768 Calendariis
1948 1727 2014 1767 die

1424 1798 1487 1836 14.
1520 1795 1778 1851 Septembris.

1194 1880 1350 1920 Sequenti
1374 1879 1555 1920 septimana
1578 1878 1741 1910 habebitis
1765 1877 1887 1910 festum
1908 1878 2089 1910 Exaltatio-

1107 1923 1158 1952 nis
1182 1923 1299 1953 crucis.
1345 1921 1390 1951 Es
1413 1922 1485 1952 siml
1508 1933 1588 1963 :wey
1607 1923 1693 1953 festa
1712 1922 1829 1953 Crucis
1850 1924 1889 1951 im
1916 1923 2090 1958 C‹1lender;

1107 1965 1166 1994 slas
1189 1966 1256 1993 eine
1273 1965 1353 1994 heis!
1377 1965 1591 2002 inventionis,
1625 1966 1685 1994 das
1708 1966 1834 1995 andere.
1870 1965 2087 1998 Exaltationis

1106 2007 1234 2040 Crucis.

1162 2149 1281 2189 Unde
1314 2156 1375 2189 est
1405 2164 1555 2189 nomen
1587 2149 2034 2202 Inventismis„Crucis?

1192 2239 1301 2272 Mater
1325 2240 1531 2272 Constantini
1555 2240 1681 2272 Helena
1715 2242 1842 2272 curavit
1865 2242 1981 2282 inquiri
2005 2240 2086 2272 Cru-

1109 2294 1180 2315 cem
1204 2283 1338 2321 Christi,
1362 2290 1393 2315 et
1416 2284 1533 2316 dicitur
1556 2285 1735 2316 invenisse.
1782 2285 1829 2316 Sit
1855 2285 1899 2315 ita
1923 2293 2015 2322 sane,
2040 2285 2086 2312 sie

1108 2327 1171 2356 sols
1200 2338 1234 2357 zu
1266 2327 1460 2357 Hierusalem
1489 2328 1608 2366 funden
1642 2327 1750 2358 haben.
1797 2327 1868 2369 Ego
1905 2328 2006 2358 credo
2036 2329 2086 2359 sic

1107 2369 1229 2402 factum
1253 2381 1337 2402 esse.
1383 2371 1459 2402 Non
1483 2370 1590 2412 placet
1613 2371 1690 2402 mihi
1714 2381 1827 2402 onmes
1852 2370 2006 2401 historias
2030 2371 2085 2402 de-

1107 2414 1223 2446 ridere
1269 2413 1525 2455 Est.quaedam,
1559 2415 1769 2456 praesertim,
1804 2413 1930 2444 mulieri
1963 2423 2084 2445 conve-

1106 2457 1202 2501 niens
1226 2456 1405 2498 diligentia.
1449 2457 1504 2487 sie
1538 2459 1579 2487 ist
1612 2468 1750 2497 yewesen
1780 2457 1836 2486 der
1861 2458 1980 2494 frumen
2005 2458 2082 2491 eine,

1106 2510 1192 2541 quae
1223 2502 1358 2532 veniunt,
1391 2501 1433 2532 ad
1466 2502 1656 2543 ungendum
1691 2500 1869 2531 Christum,
1916 2501 1950 2531 Si
1975 2510 2083 2531 essem

1105 2543 1211 2574 homo
1225 2542 1322 2582 liber,
1346 2551 1377 2575 et
1388 2554 1523 2585 possem
1540 2544 1755 2586 peregrinari,
1780 2553 1933 2583 cuperem
1946 2544 2084 2575 maxime

1104 2587 1216 2617 videre
1245 2585 1301 2618 illa
1334 2588 1406 2628 ipsa
1429 2587 1516 2625 loca,
1550 2589 1668 2629 quibus
1696 2586 1798 2618 Filius
1826 2586 1886 2617 Dei
1916 2587 2084 2627 impressit:

1101 2630 1255 2704 ἕεεΐίςία,
1278 2636 1311 2661 et
1333 2630 1388 2662 ubi
1417 2636 1484 2662 tam
1512 2641 1653 2672 magnae
1681 2629 1922 2670 patefactiones
1952 2630 2082 2661 divinae

1115 2680 1209 2704 actae
1231 2678 1319 2705 sunt.
