2343 2970
42 190 105 221 ⁷49

43 294 122 316 nere
144 283 298 315 humano.
344 282 445 314 Scitis
468 288 574 314 autem
589 305 598 320 ,
635 282 711 324 quid
736 283 777 312 sit
801 282 956 320 castitas,
987 287 1020 313 et

43 328 130 370 quod
155 328 251 358 etiam
274 328 339 358 vita
360 325 545 367 coniugalis
569 326 608 356 sit
635 326 782 357 castitas.

128 370 226 401 Beati
244 370 396 409 pacifici]
442 369 512 398 Das
534 371 575 398 ist
599 370 648 397 ein
670 367 765 397 lzoher
787 367 928 409 gradus:
960 367 1020 398 Pa-

44 413 128 445 cifici
151 420 240 450 sunt,
253 423 317 443 non
330 411 438 443 solum
461 411 643 442 tolerantes
662 417 694 442 et
717 412 824 448 mites,
839 411 897 441 sed
922 411 1018 441 etiam
1047 412 1049 418 ’

43 458 97 498 qui
120 455 205 487 alios
228 454 417 492 conciliant,
440 462 471 486 et
494 462 585 486 recte
620 456 837 491 consociant,
872 463 937 483 non
972 452 1019 483 tu-

43 510 134 531 cose.
180 498 234 536 Ut,
259 499 334 529 boni
359 498 537 534 doctores,
573 498 625 539 qui
655 505 746 528 recte
769 497 938 534 iudicant,
972 498 1020 527 fo-

44 549 132 579 vent,
156 549 187 572 et
211 542 322 572 iuvant
347 551 565 578 consensum,
594 547 626 572 et
656 539 936 571 consociationem
960 538 1020 569 Ec-

44 584 180 617 clesiae:
200 584 267 614 also
292 584 370 614 ‹tm-lt
392 585 424 615 in
449 583 596 615 consiliis
620 582 761 624 politicis
791 583 866 613 boni
898 583 1018 623 guber—

43 636 189 666 natoreS,
208 628 261 668 qui
281 627 456 669 prohibent
481 627 694 658 vastationes.
740 625 799 656 Est
823 631 930 656 autem
955 625 1020 656 hoc

42 670 193 713 pulcrum
217 672 339 707 decus,
371 671 502 711 quando
529 670 698 710 Principes
728 668 900 700 conferunt
926 678 1019 699 suam

43 715 221 756 potentiam
245 715 285 745 ad
311 712 598 750 benefaciendum,
623 722 690 743 non
718 712 760 743 ad
783 712 1019 745 vastationem3
1046 745 1047 752 ἵ

43 758 102 788 secl
126 758 220 798 pauci
245 758 456 794 consociant,
480 755 593 797 plures
622 757 727 797 magis
762 756 950 796 magisque3
974 755 1020 785 di—

45 800 212 832 strahunt:
237 801 368 841 quidam
393 799 512 836 etiam,
548 809 620 830 cum
655 805 770 839 putant
799 808 836 829 se
859 796 945 828 velle
968 808 1019 828 sa-

44 853 124 874 nare
147 844 284 880 turbas,
319 843 461 873 maiores
495 842 730 873 distractiones
764 840 898 871 faciunt.
944 840 1021 870 Mun

43 886 114 915 wlze
136 888 190 915 c'tzt
213 886 272 914 aas
295 885 459 916 Interim
482 895 534 922 1111,
557 885 669 914 welche
687 894 848 924 yrunsmne
863 884 1021 914 turbatio-

45 940 106 960 nes
140 939 170 958 es
191 929 246 957 lmt
269 927 445 967 anyericltt3
481 927 552 959 Vae
577 927 662 965 illis,
698 928 753 968 qui
789 933 865 957 sunt
887 933 1022 957 autores

44 973 140 1002 istius
164 969 305 1002 consilii:
331 972 405 1011 quia
429 982 495 1001 non
529 977 628 1001 sanat
662 972 813 1011 priores,
847 971 910 1000 imo
944 969 1023 1000 facit

44 1024 149 1044 novas
174 1015 299 1050 turbas,
324 1021 355 1044 et
379 1015 624 1045 distractiones,
670 1013 716 1042 Es
745 1015 786 1042 ist
820 1011 920 1044 fatale
955 1023 1022 1043 ma-

43 1055 122 1093 lum,
145 1056 238 1087 Deus
262 1058 352 1097 punit
376 1055 476 1087 multa
500 1063 646 1097 peccata.

130 1099 220 1140 Ergo
245 1100 373 1139 pacifici
398 1106 473 1130 sunt
499 1101 574 1130 boni
603 1100 757 1130 doctores
792 1106 824 1130 et
860 1099 1023 1139 guberna·
1048 1096 1050 1125 ἶ

46 1148 148 1179 tores,
162 1142 214 1183 qui
239 1149 329 1172 recte
353 1141 529 1173 conciliant
554 1143 750 1179 discordias,
763 1149 795 1173 et
818 1141 1023 1172 foventcun·

44 1194 197 1220 sensumg
222 1191 267 1221 ut.
282 1184 518 1216 Constantinus
542 1184 600 1216 suit
624 1186 794 1225 pacificus,
814 1186 867 1226 qui
893 1186 922 1215 in
948 1195 1024 1215 con-

46 1226 119 1257 cilio
134 1228 260 1258 Niceno
275 1229 475 1258 consociaxit
492 1227 690 1263 Ecclesianu
709 1228 792 1259 tales
817 1234 891 1258 sunt
917 1229 1024 1265 etiam,

44 1271 98 1311 qui
123 1271 275 1301 dirimunt
300 1269 397 1307 bella,
423 1279 451 1301 et
476 1271 647 1311 prohibent
675 1272 880 1302 vastationes
901 1272 1022 1301 incon·
1048 1311 1049 1314 Ἴ

44 1312 126 1343 siliis
151 1312 303 1353 publicis:
329 1314 426 1342 deum
449 1315 515 1352 slim
541 1314 681 1343 Christus
704 1314 753 1345 tile
784 1316 870 1343 einen
893 1324 1022 1353 yrossetz

43 1355 188 1385 nahmen.-
224 1357 372 1392 Quoniam
394 1356 454 1393 filie·
484 1357 546 1386 Dei
574 1358 776 1388 vocabuntur.
823 1357 897 1397 lpse
919 1356 1022 1388 Filius

43 1397 105 1429 Dei
129 1397 207 1429 facit
232 1410 344 1438 pacem
370 1400 454 1430 inter
478 1400 605 1437 Deum,
640 1408 670 1430 et
700 1410 806 1441 genus
830 1400 1021 1430 humanum:
1047 1425 1048 1437 ἢ

1046 1475 1047 1479 ¹
1073 1444 1227 1474 ostendat
1252 1451 1439 1484 peccatum:
1471 1445 1555 1474 sicut
1581 1443 1705 1475 Paulus
1731 1445 1820 1482 dicit,
1846 1451 1875 1475 et
1901 1446 2050 1476 emendet

41 1442 109 1470 diss
143 1443 185 1470 ist
218 1442 275 1470 der
307 1442 430 1471 hohesta
456 1443 560 1480 fried:
594 1450 711 1483 postea
745 1444 841 1473 etiam
875 1443 1022 1483 reprimit

40 1483 172 1515 furores
186 1482 330 1515 Diaboli.
366 1485 427 1516 Est
451 1496 529 1516 vere
552 1486 743 1526 εἰρηιόποιός.
780 1486 902 1516 Postea
923 1486 1020 1516 etiam

42 1579 159 1600 mines,

129 1610 248 1650 Beati,
282 1614 335 1651 qni
360 1615 602 1652 persecutionem
622 1616 809 1653 patiuntur]
855 1614 920 1645 lste
944 1625 1018 1656 gra-

43 1655 104 1685 dus
129 1661 179 1685 est
193 1653 372 1686 declaratio
392 1656 516 1697 aliquot
536 1658 742 1698 superiorum
766 1659 1018 1689 sententiarum:

41 1697 149 1729 Docet
163 1697 350 1729 Ecclesiam
373 1699 556 1730 habituram
580 1701 842 1741 persecutiones,
857 1711 924 1731 non
949 1707 1017 1731 tan-

42 1747 110 1772 tum
134 1739 214 1771 soris
233 1742 275 1771 ab
300 1743 443 1772 externis
468 1741 642 1781 hostibus,
677 1744 735 1774 sed
767 1745 864 1774 etiam
888 1744 975 1774 intus
998 1753 1017 1773 a

41 1781 162 1815 fucatis
185 1784 310 1821 amicis,
335 1785 564 1826 sycophantis,
589 1785 890 1819 calumniatoribus,
909 1796 1018 1816 aemu-

41 1825 94 1857 lis.
140 1827 185 1855 Es
207 1827 256 1855 sol
273 1827 346 1856 aber
367 1827 553 1866 yleicltwolzl
574 1828 641 1859 also
665 1835 798 1869 seyn„ut
818 1827 1017 1859 calumnien-

42 1875 94 1901 tur
117 1868 164 1900 illi
188 1871 400 1908 mentientes,
424 1871 456 1901 id
480 1878 547 1909 est,
572 1878 607 1902 ut
632 1873 830 1904 retineamus
853 1872 1018 1913 integrita-

41 1918 107 1943 tem
131 1912 366 1950 consessionis,
391 1920 479 1944 recte
503 1914 693 1953 doceamus,
717 1922 748 1945 et
772 1914 941 1945 faciamus.
983 1914 1018 1946 Si

42 1955 116 1995 quis
138 1965 203 1987 non
225 1962 313 1987 recte
338 1957 448 1994 docet,
471 1957 499 1987 is
523 1964 612 1989 recte
633 1957 894 1998 reprehenditur.
940 1957 1017 1988 ldeo

42 1996 162 2028 Petrus
185 1999 243 2029 ait:
288 1998 463 2028 Patiamim'
490 2010 551 2029 ηοη
579 2004 611 2029 ut
637 2001 738 2038 fures,
769 2000 825 2030 secl
848 2011 913 2029 cum
939 2000 1019 2029 bona

42 2042 251 2073 conscientioe
274 2041 348 2071 aber
375 2041 652 2082 calumniatores,
686 2044 922 2081 insidiatores,
955 2043 1019 2072 und

42 2083 101 2111 das
121 2083 308 2121 yesclth'irm
331 2084 422 2115 bleibt
445 2085 529 2115 nic-lat
552 2097 619 2124 aus,
631 2087 727 2118 etiam
752 2097 824 2118 cum
848 2093 939 2117 recte
963 2087 1018 2118 do-

42 2135 154 2157 cemus
178 2133 209 2156 et
232 2124 380 2157 facimus.

129 2168 279 2200 Ecclesia
298 2169 412 2201 habuit
430 2171 471 2201 ab
499 2171 590 2202 initio
617 2178 869 2212 persecutores,
892 2171 1017 2202 Diabo-

40 2209 116 2245 lum,
140 2218 171 2242 et
196 2213 341 2243 membra
365 2212 506 2244 Diaboli.
552 2214 639 2246 ldem
664 2215 699 2245 fit
723 2216 874 2246 omnibus
897 2222 1018 2256 tempo-

41 2254 147 2285 ribus:
173 2262 416 2296 persequuntur
439 2255 622 2289 Ecclesiam
638 2257 733 2296 Cain,
758 2257 848 2297 Saul,
873 2257 1016 2289 Pharao.

40 2296 74 2327 ln
100 2297 265 2335 Ecclesia,
284 2309 369 2339 quae
393 2298 451 2330 suit
475 2301 623 2340 proxima
647 2302 849 2342 temporibus
874 2302 1017 2341 Aposto-

40 2337 146 2371 lorum
162 2364 171 2378 ‚
196 2351 297 2381 saepe
320 2352 459 2383 magnae
482 2342 704 2375 multitudines
729 2355 768 2375 ex
793 2345 929 2375 urbibus
954 2346 1016 2375 eie-

40 2390 114 2414 ctae
149 2390 236 2420 sunt,
270 2390 301 2415 et
324 2386 451 2426 equites
474 2387 628 2425 immissi,
652 2389 705 2429 qui
729 2386 962 2419 conculcarent
985 2394 1018 2418 et

41 2433 266 2458 contererent:
292 2438 394 2468 saepe
424 2427 555 2469 puellae
589 2431 696 2461 nudae
719 2441 905 2471 suspensae
928 2438 1015 2469 sunt,

39 2475 74 2501 ut
97 2469 194 2507 aliae,
225 2477 407 2511 conspectu
442 2473 597 2503 nuditatis
631 2480 761 2511 motae,
797 2473 974 2505 deficerent
997 2484 1017 2504 a

40 2510 276 2548 Confessione;
301 2515 361 2544 sed
385 2522 508 2546 matres
529 2515 788 2548 consolabantur
812 2517 908 2548 filias.
934 2516 1016 2548 Fue—

40 2561 115 2586 runt
139 2563 168 2586 et
194 2555 257 2587 alia
290 2563 354 2587 tam
386 2558 489 2588 tristia
525 2558 686 2600 supplicia
716 2567 875 2602 usurpata
900 2567 1016 2592 eontra

41 2596 264 2636 Christianos,
288 2606 320 2630 ut
348 2601 536 2632 viderentur
560 2603 682 2633 maiora
705 2602 805 2641 serre,
820 2615 915 2645 quam
940 2613 1016 2644 pos-

40 2643 82 2671 sit
105 2640 193 2673 ferre
217 2641 358 2674 humana
377 2650 504 2675 natura.
540 2644 690 2680 Quantus
704 2646 796 2678 furor
809 2647 1015 2687 esuquando

725 187 945 219 PosTlLLA
962 186 1362 219 MELANTHONIANA.

1987 186 2052 218 750

1046 281 1223 313 'Herodes
1243 280 1405 312 interfecit
1435 279 1635 312 infantulos!
1671 279 1731 311 suit
1764 290 1884 321 magna
1918 279 2050 312 illorum

1072 323 1242 356 multitudo
1257 347 1266 362 ,
1296 331 1327 355 et
1361 323 1494 355 suerunt
1518 331 1682 365 martyres
1706 334 1773 354 non
1794 323 1901 354 solum
1927 325 1980 365 qui
2005 324 2050 354 in·

1073 368 1330 405 terticiebantur,
1356 368 1414 398 sed
1440 368 1538 398 etiam
1562 372 1718 408 parentes
1742 377 1866 398 eorum.

1159 410 1327 449 Gamala]
1353 411 1446 452 quasi
1478 410 1581 442 dicat:
1612 420 1678 441 non
1702 409 1899 451 srangamini
1923 408 2050 447 dolore,

1072 454 1131 484 sed
1156 454 1272 495 erigite
1297 464 1356 485 vos
1391 454 1454 484 ista
1488 452 1741 491 consolatione,
1770 453 1859 495 quod
1883 452 1957 484 Deo
1980 453 2051 484 sitis

1073 507 1184 528 curae.

1165 539 1226 569 Vos
1248 541 1324 568 estis
1346 539 1397 568 sal
1419 543 1541 577 terrae]
1594 539 1750 580 Sequitur
1784 538 1973 570 adhortatio
2007 539 2050 570 ad

1073 583 1245 615 doctorem
1270 583 1390 619 videte,
1410 589 1445 614 ut
1469 588 1560 613 recte
1583 583 1746 620 doceatis,
1773 592 1929 620 errores,
1962 580 2052 613 idola

1073 631 1105 657 et
1127 624 1190 656 alia
1215 631 1353 665 peccata
1377 627 1509 663 taxetirs,
1532 636 1570 654 ne
1592 625 1643 656 sul
1664 626 1847 664 infatuetur,
1871 626 1901 656 id
1927 631 1990 663 est,
2009 635 2051 656 ne

1072 669 1284 699 ministerium
1308 669 1350 699 sit
1373 666 1509 706 inutile,
1543 675 1573 700 et
1608 669 1668 710 ipsi
1692 669 1754 699 sibi
1778 674 1951 700 accersant
1975 678 2049 710 poe-

1074 722 1133 742 nas
1157 712 1295 743 divinas.

1199 805 1259 838 EX
1283 805 1502 837 ALTERIUS
1525 805 1631 836 ANNI
1656 805 1925 836 RHAPsoDIA.

1160 882 1260 914 Filius
1274 883 1337 914 Dei
1361 884 1460 921 venit,
1476 890 1510 914 ut
1535 883 1590 914 fiat
1613 883 1745 914 victima
1768 893 1829 924 pro
1854 894 1976 925 genere
1996 884 2051 914 liu-

1057 937 1194 967 ¹mano,
1231 933 1263 957 et
1297 925 1392 958 simul
1424 933 1521 957 sonet
1540 937 1655 957 vocem
1680 925 1850 967 Evangelii
1875 927 1905 957 in
1930 937 2053 968 genere

1074 969 1230 1007 humano,
1254 971 1295 1000 sit
1319 970 1413 1000 testis
1439 970 1479 1000 de
1502 968 1558 1000 illa
1582 970 1732 1000 doctrina
1747 993 1756 1007 ,
1791 980 1874 1010 quae
1897 976 1995 1001 antea
2020 971 2052 1001 in

1076 1013 1351 1053 promissionibus
1376 1013 1552 1044 obscurius
1566 1013 1738 1053 proposita
1753 1020 1823 1051 est,
1847 1020 1879 1044 et
1902 1014 1974 1054 ipse
1998 1023 2053 1044 ex-

1076 1062 1175 1096 ponat
1200 1066 1271 1086 eam
1293 1054 1464 1092 illustrius,
1485 1064 1512 1086 et
1541 1057 1646 1098 magis
1670 1057 1863 1097 perspicue3
1889 1055 2052 1095 videlicet,

1076 1100 1162 1139 quod
1195 1109 1271 1129 vere
1296 1098 1389 1130 Deus
1421 1099 1497 1129 velit
1534 1101 1699 1130 remittere
1723 1106 1883 1140 peccata,
1919 1106 2053 1141 propter

1076 1141 1162 1173 hunc
1188 1141 1303 1178 filiumg
1323 1149 1371 1180 et,
1397 1143 1484 1183 quod
1510 1142 1562 1173 liic
1587 1141 1674 1172 filius
1699 1143 1740 1172 sit
1765 1142 1907 1180 efficax,
1944 1142 2052 1174 deleat

1075 1191 1246 1225 peccatum
1271 1193 1303 1215 et
1328 1194 1476 1223 mortem,
1501 1193 1532 1215 et
1555 1186 1703 1216 restituat
1725 1186 1821 1216 nohis
1841 1187 1996 1217 iustitiam
2021 1192 2053 1217 et

1075 1229 1172 1258 vitam
1197 1235 1374 1259 aeternam.
1422 1229 1500 1257 Diss
1528 1230 1568 1257 is!
1603 1230 1668 1257 sein
1700 1229 1829 1268 presbyt
1860 1231 1890 1259 in
1927 1239 2051 1271 genere

1074 1270 1227 1301 humano.
1276 1271 1316 1301 Ut
1342 1278 1448 1302 autem
1470 1272 1645 1309 ostendat,
1678 1272 1754 1313 quid
1790 1274 1832 1302 sit
1866 1279 2051 1313 peccatum,

1074 1315 1170 1344 etiam
1195 1315 1309 1345 recitat
1336 1314 1458 1357 legem:
1483 1326 1548 1345 non
1574 1315 1666 1345 all'ert
1691 1316 1761 1355 ipse
1784 1326 1905 1346 novam
1931 1316 2051 1357 legem,

1074 1367 1139 1387 non
1160 1363 1210 1387 est.
1233 1356 1428 1398 legislator,
1465 1369 1529 1388 non
1565 1365 1616 1388 est
1644 1369 1751 1389 novae
1784 1358 1867 1399 legis
1887 1360 2052 1397 conditor,

1073 1401 1132 1430 sed
1156 1401 1272 1431 recitat
1296 1410 1325 1432 et
1352 1400 1498 1432 declarat
1530 1400 1635 1442 legem
1660 1402 1692 1431 in
1717 1411 1778 1431 suo
1800 1401 1992 1439 niinisterio,
2016 1408 2050 1432 ut

1071 1496 1203 1516 errores
1239 1487 1408 1518 doctrinae
1443 1488 1484 1518 de
1512 1486 1602 1529 lege:
1637 1489 1694 1516 wie
1722 1498 1755 1516 er
1777 1492 1864 1527 sam:
1889 1488 1959 1517 Non
1983 1490 2051 1517 veni

41 1526 87 1557 illi
111 1528 264 1558 iuvantur
286 1527 404 1566 aDeo,
427 1529 482 1570 qui
506 1528 625 1560 tollunt
648 1530 834 1561 discordias
854 1529 939 1560 inter
962 1529 1020 1560 ho·
1045 1544 1047 1569 i

1045 1571 1047 1575 ’
1070 1573 1103 1603 id
1128 1579 1191 1610 est,
1215 1572 1363 1611 abolere,
1388 1574 1448 1602 dus
1469 1574 1551 1603 haist
1574 1574 1628 1611 cla,
1642 1573 1774 1605 solvere
1798 1573 1961 1615 legem,id
1986 1580 2049 1613 est,

1071 1529 1189 1559 solvere
1201 1529 1377 1569 leymn,sed
1394 1531 1529 1570 implere.
1575 1530 1651 1561 Non
1676 1531 1748 1562 veni
1774 1530 1906 1562 solvere
1931 1530 2050 1573 legem,

1070 1614 1222 1647 abolere:
1248 1616 1382 1647 Privata
1403 1615 1536 1648 violatio
1561 1627 1626 1648 non
1651 1624 1699 1648 est
1725 1616 1875 1649 solvere:
1900 1620 1958 1649 sed
1985 1618 2050 1649 sol-

1070 1669 1171 1696 vere,
1207 1665 1259 1690 est
1293 1658 1429 1691 abolere
1464 1659 1582 1703 legem.
1629 1660 1783 1692 Christus
1806 1660 1918 1701 implet
1941 1660 2049 1703 legem

1071 1708 1212 1742 quatuor
1236 1703 1359 1732 modis:

1161 1744 1203 1774 l.-
1232 1744 1347 1785 lmplet
1369 1756 1432 1776 sua
1465 1746 1569 1786 ipsius
1602 1747 1732 1788 integra
1763 1753 1795 1777 et
1818 1747 1968 1788 perfecta
1991 1748 2048 1778 ob·

1069 1787 1220 1817 edientia.

1156 1830 1185 1859 2.
1232 1830 1315 1865 Quia
1338 1831 1409 1871 ipse
1434 1829 1596 1862 satisfecit
1625 1843 1685 1873 pro
1721 1833 1841 1870 nobis,
1877 1834 2048 1872 derivavit,

1070 1873 1101 1903 in
1125 1882 1162 1902 se
1185 1883 1335 1914 poenam,
1360 1884 1456 1914 quam
1480 1885 1543 1905 nos
1567 1873 1632 1916 legi
1663 1875 1864 1907 debebamus
1879 1899 1887 1914 ‚
1923 1883 1956 1907 et
1994 1875 2048 1908 illa

1070 1925 1178 1956 poena
1202 1914 1306 1952 valet;
1330 1917 1406 1957 quia
1428 1917 1500 1957 ipse
1523 1924 1574 1948 est
1597 1918 1769 1949 innocens.

1155 1958 1186 1989 3.
1233 1958 1316 1994 Quia
1339 1961 1500 1991 instaurat
1523 1971 1595 1991 eam
1619 1962 1650 1991 in
1675 1963 1789 1999 nobis,
1819 1961 1957 2000 scilicet,
1982 1961 2048 1993 effi-

1071 2001 1188 2032 ciendo
1213 2002 1243 2032 in
1269 2003 1387 2040 nobis,
1416 2003 1488 2044 ipse
1522 2004 1682 2035 instaurat
1712 2011 1861 2036 naturam
1885 2013 2047 2044 nostram,

1071 2044 1148 2075 dato
1172 2045 1294 2085 Spiritu
1318 2052 1458 2083 sancto,
1495 2052 1525 2077 et
1556 2045 1657 2078 efficit
1680 2049 1711 2079 in
1736 2049 1832 2080 nobis
1852 2047 1981 2091 legem,
2015 2060 2049 2078 er

1070 2087 1169 2118 riclzts
1190 2090 1223 2116 in
1245 2099 1302 2117 uus
1325 2099 1393 2126 aus,
1416 2089 1448 2119 id
1473 2096 1535 2128 est,
1559 2088 1660 2129 facit,
1696 2097 1729 2122 ut
1755 2098 1872 2123 natura
1895 2091 1970 2123 talis
1995 2093 2048 2130 sit,

1070 2136 1106 2161 ut
1129 2131 1316 2162 consentiat
1341 2143 1414 2163 cum
1439 2131 1515 2174 lege
1534 2140 1565 2164 et
1585 2133 1754 2165 voluntate
1779 2134 1850 2166 Dei.
1898 2135 1965 2166 Lex
1983 2135 2047 2166 Dei

1070 2179 1121 2204 est
1141 2174 1274 2205 immota
1299 2173 1453 2206 voluntas
1478 2176 1562 2214 Dei,
1598 2183 1629 2207 et
1652 2177 1770 2219 regula
1793 2178 1936 2209 iustitiae
1959 2185 2047 2220 pate-

1068 2214 1156 2247 facta
1180 2218 1286 2248 nobis.

1154 2260 1185 2291 4.
1232 2259 1345 2302 Implet
1368 2271 1459 2298 eam;
1484 2263 1559 2303 quia
1583 2263 1734 2294 docendo
1764 2263 1926 2302 illustrat,
1958 2274 2045 2296 com-

1069 2303 1187 2343 probat
1211 2314 1295 2341 eam,
1319 2303 1402 2335 tollit
1426 2316 1570 2340 errores,
1595 2307 1649 2347 qui
1673 2305 1738 2348 legi
1764 2308 1955 2345 miscentur,
1980 2308 2045 2349 qui-

1070 2346 1132 2377 bus
1155 2344 1209 2377 lex
1233 2348 1397 2380 obruitur:
1421 2349 1451 2379 in
1477 2348 1669 2380 Pharisaica
1693 2351 1843 2381 doctrina
1855 2349 1907 2381 vel
1921 2352 2045 2391 opinio-

1070 2389 1166 2425 nibus
1191 2389 1403 2429 pharisaicis,
1438 2391 1597 2424 naturalis
1622 2393 1705 2423 ratio
1739 2393 1874 2431 haeret,
1904 2403 1966 2425 nec
1990 2404 2043 2436 po-

1070 2437 1134 2462 test
1156 2433 1269 2464 videre
1293 2433 1323 2464 in
1348 2434 1445 2465 finem
1468 2434 1563 2477 legis.
1616 2435 1684 2465 le‘r
1707 2447 1808 2465 armen
1827 2437 2045 2466 eleuden'men-

1069 2475 1162 2506 selles!
1187 2487 1252 2507 non
1276 2487 1456 2518 possumus
1480 2479 1593 2510 videre
1616 2480 1872 2520 magnitudinem
1902 2481 2045 2520 peccati,

1069 2529 1176 2560 neque
1199 2521 1454 2561 magnitudinem
1478 2520 1575 2563 legis.
1611 2521 1750 2556 Quando
1765 2522 1835 2553 Lex
1861 2524 1954 2554 dicit:
1971 2523 2045 2553 Non

1070 2562 1206 2595 occides.
1230 2562 1301 2592 Non
1326 2564 1553 2598 moechaberis,
1584 2563 1798 2605 intelligimus
1833 2572 1956 2597 tantum
1993 2577 2044 2597 ex-

1069 2610 1161 2636 terna
1184 2604 1284 2637 facta:
1317 2614 1347 2637 et
1379 2618 1534 2648 magnum
1558 2607 1711 2648 quiddam
1735 2619 1889 2648 putamus
1913 2619 1974 2640 nos
1998 2610 2043 2641 fe—

1069 2648 1167 2686 cisse,
1181 2650 1312 2690 quando
1325 2661 1390 2680 non
1415 2649 1574 2681 habemus
1598 2656 1735 2682 externa
1759 2652 1897 2683 scelera.
1923 2652 2042 2687 Quam-
