2374 2985
59 206 120 239 181

56 311 151 339 nem,
186 305 219 331 et
253 299 360 330 tidem.
418 297 559 338 Oportet
599 295 684 327 enim
721 294 859 336 primum
895 293 1039 324 omnium

57 353 113 376 um
135 352 320 386 agnoscere
342 341 573 376 mediatorem,
603 345 635 370 et
657 338 759 375 scire,
784 337 873 379 quod
903 342 1040 376 propter

57 388 164 429 ipsum
188 386 393 427 recipiamur.
428 384 527 415 Liber
549 384 581 413 in
605 383 680 413 navi
703 380 868 423 significat
886 380 1039 410 iustitiam

58 431 167 462 bonae
191 428 431 466 conscientiae,
460 433 492 458 et
515 426 733 458 obedientiam
756 422 930 460 moralem,
954 432 1039 464 quae

58 479 139 505 tunc
160 472 282 514 placet,
307 481 379 502 cum
407 469 549 510 amplexi
573 478 688 500 sumus
710 468 933 499 mediatorem.
979 464 1039 496 Ca-

58 515 103 548 lix
126 515 291 556 siguificat
307 514 526 551 ceremonias,
551 523 636 554 quae
659 518 726 542 tum
743 511 872 542 demum
894 507 1038 550 placent,

58 560 191 602 quando
216 558 299 589 fides
323 563 355 589 et
378 556 563 588 obedientia
589 553 722 586 moralis
745 553 940 595 praecessit.

267 705 351 747 Cur
382 705 495 745 dicit:
526 710 671 749 relinque
692 702 832 742 munus?

147 798 204 830 Sic
227 802 454 839 argumentor:

147 860 242 890 Nulla
263 859 344 889 bona
364 866 463 897 opera
484 860 562 887 stunt>
579 855 770 887 omittenda.-

151 903 280 941 Afferre
301 910 415 932 munus
436 901 481 930 acl
501 901 614 938 altare,
636 902 685 929 est
704 899 817 930 bonum
840 906 938 937 opus:

147 945 232 983 Erqo
254 953 317 974 non
339 948 389 974 est
409 943 621 974 omittendum.

147 1011 344 1052 Respondeo
369 1011 411 1040 ad
435 1009 606 1041 Maiorem:
651 1009 725 1041 Non
760 1016 838 1040 sunt
861 1009 1041 1039 omittenda

61 1056 147 1086 bona
170 1065 283 1096 opera,
307 1053 436 1084 sellicet
458 1064 519 1084 suo
543 1052 620 1084 loco
644 1058 676 1083 et
699 1052 826 1083 ordine.
862 1052 928 1083 Sed
947 1051 1040 1083 Chri-

60 1103 132 1129 stus
155 1096 209 1128 hic
237 1096 382 1138 loquitur
414 1097 454 1127 de
484 1095 567 1134 illis,
596 1106 681 1137 quae
710 1095 792 1126 fiunt
822 1102 915 1126 extra
946 1105 1041 1126 suum

60 1141 220 1177 ordinem,
243 1146 277 1170 ut
301 1140 465 1170 invocatio
486 1150 559 1170 cum
571 1138 658 1169 mala
683 1138 899 1175 conscientia,
923 1139 955 1168 id
979 1143 1041 1175 est,

60 1194 133 1214 cuin
158 1181 244 1214 malo
268 1183 439 1224 proposito
464 1181 542 1213 nihil
567 1187 629 1219 est,
655 1181 740 1211 sicut
757 1181 897 1212 loannes
922 1181 1041 1222 inquit:

60 1228 97 1258 Si
119 1237 174 1257 cnr
194 1231 338 1257 nostrum
361 1235 424 1256 non
447 1225 693 1265 reprehenderit
713 1234 787 1261 nos,
814 1226 964 1263 fiduciam
986 1226 1041 1255 Ιια-

60 1271 174 1301 bemus.
222 1267 326 1300 Multo
351 1269 457 1299 minus
480 1265 712 1300 ceremonialia
735 1266 847 1299 valent
876 1268 948 1298 sine
976 1278 1043 1298 mo-

59 1311 196 1343 ralibus.

63 1472 357 1506 EVANGELtUM
390 1473 464 1504 DIE
503 1471 678 1504 MARIAE
712 1471 1042 1504 MAGDALENAE.

443 1549 597 1582 Lucae
628 1550 659 1582 7.

150 1628 183 1658 ln
207 1628 270 1658 ista
293 1628 476 1669 septimana
500 1626 690 1660 celebratur
712 1627 869 1659 memoria
896 1627 1044 1659 mulieris

64 1669 293 1712 magdalenae,
317 1681 534 1712 quaecunque
556 1670 627 1702 fuit.
671 1671 877 1711 Disputatur,
901 1681 942 1701 an
966 1681 1043 1709 una,

64 1724 105 1745 an
134 1711 245 1753 plures
273 1712 394 1744 fuerint
422 1712 487 1744 hoc
517 1714 658 1745 nomine.
712 1714 842 1745 Habent
868 1712 958 1745 illam
988 1725 1042 1745 co·

64 1757 263 1793 niectutam,
293 1756 368 1796 quia
392 1755 509 1786 Lazari
538 1766 637 1787 soror
666 1755 765 1788 fuerit
793 1767 832 1787 ex
860 1757 1044 1798 praestanti

64 1797 200 1830 familia:
224 1805 399 1839 propterea
422 1804 538 1838 putant
560 1809 626 1829 non
650 1809 727 1830 esse
750 1800 846 1830 istam
875 1799 1044 1831 mulierem

63 1842 290 1883 peccatricem.
342 1840 483 1882 Quoquo
521 1841 618 1872 modo
654 1852 691 1872 se
725 1852 779 1872 res
809 1841 948 1880 haheat,
978 1853 1044 1874 non

62 1883 200 1915 multum
223 1881 337 1921 refert,
361 1884 436 1924 quia
460 1884 554 1914 etiam
584 1884 615 1915 in
639 1885 766 1926 magnis
790 1884 922 1915 familiis
945 1896 1044 1927 quae·
1069 1898 1071 1911 ¹

63 1927 138 1958 darn
161 1932 249 1964 sunt,
272 1936 358 1967 quae
382 1927 462 1957 satis
482 1926 689 1969 negligenter
713 1929 835 1959 vivunt.

150 1969 235 2005 Quid
259 1969 423 2011 significat
446 1979 565 2000 nomen
589 1971 828 2009 Maffllalenae?
873 1970 1044 2012 Significat

64 2013 228 2044 dominam
251 2013 363 2050 turris,
392 2013 464 2043 eine
492 2013 717 2053 Sclelossfraw.
764 2013 861 2049 Quod
892 2024 955 2044 nos
986 2025 1042 2044 vo·

63 2065 177 2086 camus
201 2065 311 2093 arces,
334 2056 366 2086 id
390 2056 597 2086 nominarunt
621 2056 698 2087 olim
728 2061 851 2088 turres:
886 2056 1042 2087 Germani

64 2104 223 2129 vocarunt
258 2101 310 2130 ein
343 2100 441 2138 Imm,-
483 2100 571 2140 quod
606 2105 657 2130 est
694 2110 714 2130 a
753 2099 887 2130 Graeco
921 2100 1040 2141 πύργος.

62 2141 161 2182 Apud
184 2141 311 2172 Livium
335 2150 399 2172 est:
423 2143 582 2173 Hannibal
603 2147 676 2174 erat
702 2146 734 2173 in
761 2143 850 2174 turri
876 2153 948 2182 sua,
978 2153 1042 2174 non

58 2187 173 2225 procul
199 2195 220 2215 a
252 2184 454 2223 Cartleayine.
499 2184 649 2216 Locutus
684 2191 735 2216 est
768 2184 899 2216 illorum
933 2196 1041 2222 more3

64 2227 140 2268 quia
174 2226 454 2268 Carthaginenses
488 2234 565 2259 sunt
601 2227 764 2260 Hebraice
804 2227 916 2259 locuti.
980 2231 1041 2260 Die

62 2273 149 2302 alcen
179 2269 330 2302 Sclzliiser
367 2271 438 2301 sein
471 2272 561 2303 nicht
593 2273 683 2303 nzelzr
718 2282 879 2312 yeme-ren,
909 2273 959 2303 als
988 2275 1040 2303 ein

63 2314 168 2353 clim-n,
190 2316 249 2344 wie
270 2323 309 2344 zu
323 2315 444 2353 Zerbst,
467 2320 523 2344 aut
546 2315 573 2345 si
597 2315 665 2355 quit
689 2321 863 2355 praeterea
887 2313 957 2353 fuit,
981 2313 1041 2346 fuit

64 2354 183 2393 culina,
208 2362 240 2386 et
262 2355 448 2395 stabulum,
476 2358 524 2389 sie
550 2359 651 2388 haben
679 2361 755 2398 auff
772 2359 842 2388 dem
865 2360 962 2389 clzzcrn
988 2368 1041 2397 qe-

64 2399 200 2430 wolmec:
240 2398 332 2429 Sicut
355 2398 514 2442 Princeps
537 2411 622 2431 unus
647 2411 688 2432 ex
712 2400 900 2432 Anhaltinis
923 2400 1040 2432 solitus

63 2447 115 2470 est
147 2439 260 2472 lavare
294 2442 326 2471 in
360 2452 486 2474 summa
521 2444 600 2474 turri
629 2443 844 2475 Zervestana.
890 2443 1040 2475 Marcbio

63 2482 249 2515 Fridericus
278 2490 371 2524 pater
394 2486 487 2517 ducis
511 2486 699 2525 Prussiaci,
728 2497 812 2519 avus
835 2486 1039 2518 Marchionis

63 2525 203 2564 Alberfi,
227 2532 322 2558 natus
353 2534 404 2559 est
431 2529 462 2560 in
492 2530 574 2560 turri
596 2529 851 2571 Noribergensi:
881 2531 925 2561 ita
949 2530 1042 2572 Mag-

63 2567 170 2600 dalam
199 2571 406 2602 nominarunt
434 2573 564 2611 turrim,
600 2571 652 2603 vel
685 2583 806 2604 arcem.
860 2572 965 2605 Multa
999 2583 1041 2604 ex

61 2611 233 2661 vocabulis
256 2612 459 2647 iudicantur:
488 2615 660 2648 discuntur
688 2626 798 2648 mores
824 2623 855 2648 et
879 2617 960 2648 ritus
984 2617 1042 2648 ho-

61 2664 191 2686 minum.

743 197 964 232 POSTILLA
981 197 1382 231 MELANTHONJANA.

2012 196 2074 229 182

1180 293 1258 323 Sive
1287 298 1395 324 autem
1425 292 1491 323 ista
1519 291 1580 322 fuit
1607 301 1705 322 soror
1727 290 1864 328 Lazari,
1895 291 1967 322 sive
1996 290 2074 329 alia,

1093 334 1184 366 titulo
1209 337 1374 376 probroso
1397 335 1451 366 hic
1475 335 1684 376 designatur,
1708 344 1782 365 cum
1804 334 1973 374 peccatrix
1998 335 2076 364 dici-

1092 386 1145 410 tur
1174 378 1287 410 fuisse.
1339 378 1413 410 Fuit
1440 378 1473 409 in
1504 378 1635 408 civitate
1664 376 1722 408 illa
1756 383 1834 408 nota
1869 384 1901 408 et
1935 376 2074 408 famosa.

1092 423 1153 454 Die
1176 422 1341 454 Sasluceer
1369 423 1436 453 und
1464 422 1632 461 yeistlc'che
1659 422 1769 452 Herrn
1803 421 1880 452 sind
1913 420 2076 452 bis-wellen

1090 475 1129 497 zu
1147 466 1200 496 ilar
1218 476 1356 506 yanyen,
1378 466 1446 496 und
1462 465 1567 496 lzaben
1590 465 1643 496 z‘ler
1662 465 1840 505 yeprede'yt.
1870 462 1911 494 Et
1935 463 2075 494 Romani

1092 518 1222 550 quoque
1245 509 1334 549 apud
1357 518 1430 539 eam
1453 508 1674 538 diverterunt:
1703 507 1780 548 quia
1803 507 1954 543 Iudaicae
1984 504 2076 537 muli-

1092 561 1166 583 eres
1190 550 1322 582 fuerunt
1345 550 1486 582 dilectae
1509 561 1588 591 prae
1607 549 1697 587 aliis3
1721 550 1813 588 ideo,
1843 550 1932 591 quod
1955 548 2076 581 formo-

1092 605 1152 626 sae
1175 601 1207 625 et
1229 595 1424 636 ingeniosae
1447 600 1570 625 essent.

1178 637 1298 680 Cogita
1332 644 1453 675 autem,
1488 647 1584 678 quam
1619 637 1662 667 sit
1696 646 1751 666 res
1786 636 1918 673 misera,
1951 635 2076 666 habere

1093 691 1215 722 corpus
1240 682 1497 712 contaminatum
1520 679 1727 711 libidinibus:
1774 679 1844 709 Nos
1868 689 1933 710 non
1957 688 2076 720 possu-

1092 734 1165 755 mus
1190 722 1394 756 tantifacere
1418 724 1493 761 ista,
1517 723 1630 764 quanti
1647 721 1739 753 Deus
1764 721 1853 753 facit.
1882 722 1950 753 Sed
1974 731 2076 762 saepe

1093 767 1213 798 auditis
1239 767 1428 798 castitatem
1452 776 1529 797 esse
1553 767 1718 803 virtutem,
1749 776 1846 806 quam
1870 764 1963 796 Deus
1987 766 2075 795 serio

1094 808 1259 851 postulat,
1284 815 1316 840 et
1345 810 1586 841 contaminatos
1610 808 1799 839 libidinibus
1824 807 1921 839 valde
1947 818 2077 839 execra-

1094 861 1156 884 tur.
1193 853 1285 884 Deus
1310 852 1411 884 voluit
1430 853 1616 885 castitatem
1633 852 1764 893 insigne
1787 851 1965 882 discrimen
1989 861 2078 888 esse,

1093 906 1158 937 quo
1180 896 1422 927 discerneretur
1438 896 1510 936 ipse
1523 897 1564 926 ab
1589 897 1724 925 incestis
1740 900 1772 926 et
1786 893 1881 925 malis
1896 895 2077 935 spiritibus,

1181 938 1324 970 Castitas
1349 946 1399 970 est
1423 939 1540 977 virtus,
1563 949 1661 980 quam
1684 937 1779 969 Deus
1809 936 2021 978 magnifacit,
2047 944 2079 968 et

1094 982 1181 1013 serio
1210 983 1391 1022 approbat:
1426 983 1512 1013 sieut
1547 982 1665 1012 dicitur
1698 981 1730 1011 in
1761 979 1912 1022 Epistola
1942 981 1984 1011 ad
2015 980 2078 1012 He-

1094 1026 1230 1056 braeos:
1278 1026 1458 1065 Sequimini
1479 1027 1772 1064 sanctificalc'onem,
1802 1034 1873 1056 senc
1901 1034 1963 1063 qna
1992 1034 2081 1055 nemo

1095 1070 1195 1100 Deum
1218 1069 1354 1100 valebat:
1377 1069 1408 1099 id
1428 1075 1499 1106 est,
1523 1067 1726 1099 Castitatem.
1773 1067 2015 1098 Contaminatio
2046 1066 2082 1097 li-

1096 1112 1240 1142 bidinum
1269 1111 1503 1143 universaliter
1533 1110 1631 1142 trahit
1660 1120 1775 1142 secum
1805 1120 1946 1151 poenam
1975 1110 2080 1141 caeci-

1095 1155 1190 1185 tatis:
1248 1156 1395 1186 Tradidit
1429 1164 1496 1194 eos,
1532 1154 1636 1196 inquit
1672 1152 1814 1191 Paulus,
1850 1156 1881 1184 2⁸11
1912 1154 2082 1192 reprobum

1095 1207 1232 1229 sensuve.

1183 1240 1244 1271 Hic
1268 1250 1334 1271 uno
1359 1241 1463 1271 verbo
1487 1240 1588 1271 utitur
1602 1237 1829 1280 Evangelista.
1865 1238 1956 1269 Dicit
1975 1238 2081 1270 fuisse

1091 1287 1315 1323 peccatricem,
1350 1293 1411 1314 seu
1444 1286 1615 1323 famosam.
1682 1282 1749 1313 Sed
1784 1288 1861 1312 sunt
1895 1282 2081 1323 significata

1096 1325 1199 1357 inulta
1223 1332 1255 1357 et
1278 1336 1400 1366 magna
1428 1327 1515 1357 vitia.
1561 1326 1645 1356 Nam
1675 1336 1750 1356 cum
1778 1324 1970 1356 libidinibus
2005 1331 2082 1356 sunt

1097 1368 1250 1410 copulata
1279 1368 1381 1400 multa
1410 1375 1443 1400 et
1469 1379 1590 1410 magna
1620 1369 1714 1399 vitia:
1742 1369 1792 1399 sic
1823 1379 1897 1399 cuin
1928 1368 2082 1399 castitate

1096 1418 1174 1442 sunt
1198 1413 1395 1443 coniunctae
1417 1411 1539 1443 multae
1562 1412 1713 1443 virtutes.
1760 1412 1848 1449 Quill
1868 1415 1952 1443 enim
1984 1413 2082 1443 Venus

1095 1457 1184 1487 ebria
1213 1459 1331 1487 curat?
1366 1456 1444 1487 dicit
1468 1453 1644 1487 Iuvenalis.
1690 1454 1761 1485 Hoc
1785 1465 1851 1486 uno
1881 1455 2081 1485 brevissimo

1096 1499 1183 1530 dicto
1203 1498 1425 1540 significatum
1449 1504 1509 1538 est,
1529 1504 1687 1540 quantum
1710 1498 1751 1529 sit
1775 1498 1807 1528 in
1829 1497 2080 1529 confusionibus

1094 1540 1265 1573 libidinum
1289 1540 1377 1579 mali,
1399 1542 1594 1582 praesertim
1618 1543 1649 1571 in
1672 1540 1819 1572 muliere.

1182 1583 1288 1616 Multa
1312 1586 1352 1616 de
1375 1584 1534 1616 Castitate
1558 1585 1621 1616 dici
1644 1590 1804 1626 posstuit3
1832 1584 1894 1615 sed
1916 1594 1980 1615 nos
2003 1594 2082 1625 pau-

1097 1638 1137 1658 ca
1160 1634 1285 1659 tantum
1317 1629 1456 1660 dicimus
1486 1634 1519 1659 et
1547 1629 1738 1669 praecipua.
1785 1626 1953 1669 Cogitate,
1984 1638 2081 1669 quam

1096 1671 1139 1701 sit
1161 1676 1338 1711 praestans
1364 1672 1484 1710 virtus,
1509 1677 1541 1702 et
1569 1671 1642 1701 Deo
1667 1671 1787 1708 chara,
1816 1676 1848 1701 et
1878 1677 2082 1712 quantopere

1097 1713 1188 1745 Deus
1223 1714 1431 1745 abominetur
1465 1712 1680 1746 confusiones
1714 1713 1893 1744 libidinum.
1939 1713 2082 1744 Homici-

1097 1757 1183 1787 dium
1208 1763 1259 1787 est
1282 1764 1378 1787 atrox
1408 1763 1440 1788 et
1468 1756 1628 1788 horribile
1650 1763 1843 1796 peccatum:
1873 1763 1980 1787 tamen
2009 1755 2080 1787 libi-

1097 1800 1190 1830 dines
1214 1809 1397 1840 sequuntur
1421 1801 1584 1830 tristiores
1608 1809 1747 1840 poenae,
1770 1806 1804 1830 ut
1828 1799 1948 1830 videtis
1971 1800 2004 1829 in
2020 1799 2081 1831 So-

1098 1843 1205 1872 doma.
1253 1843 1339 1877 Quid
1369 1848 1420 1873 est
1449 1843 1547 1873 hodie
1575 1849 1645 1873 tota
1671 1842 1825 1879 Graecia,
1849 1842 1943 1880 Asia,
1970 1843 2081 1884 Aegy-

1097 1886 1196 1925 ptus?
1219 1891 1296 1916 sunt
1320 1884 1516 1916 solitudines
1530 1883 1581 1916 vel
1600 1884 1733 1917 stabula
1744 1885 1967 1917 Barbarorum
1980 1884 2081 1924 sacta,

1096 1934 1233 1968 propter
1261 1927 1475 1959 confusiones
1505 1927 1674 1959 libidinum
1704 1926 1936 1969 principaliter.
1987 1928 2081 1960 Deus

1096 1980 1163 2000 non
1187 1971 1274 2002 sinat
1303 1972 1348 2002 ita
1378 1972 1527 2013 grassari
1551 1970 1730 2002 Diabolum
1760 1972 1792 2002 in
1818 1972 2015 2009 Germania,
2045 1978 2081 2003 ut

1096 2013 1137 2043 ibi
1162 2020 1335 2055 grassatus
1360 2021 1420 2046 est.
1455 2014 1573 2045 Exstat
1596 2015 1626 2045 in
1650 2015 1795 2055 antiquis
1818 2013 1973 2045 laudibus
1998 2014 2081 2046 Ger-

1096 2066 1265 2088 manorum
1307 2058 1394 2098 apud
1429 2056 1618 2088 Cornelium
1652 2057 1817 2089 Tacitum:
1872 2059 1966 2098 Apud
1998 2059 2081 2089 lianc

1094 2109 1189 2130 unam
1208 2105 1334 2140 yentem
1352 2111 1424 2132 esse
1446 2101 1480 2132 in
1495 2101 1626 2141 probrzs
1648 2110 1743 2132 nosse
1770 2102 1916 2132 Venerem
1934 2105 2010 2132 ante
2032 2103 2081 2133 20

1095 2153 1227 2182 anmmz3
1258 2147 1287 2174 et
1310 2154 1407 2175 unam
1426 2154 1496 2175 eant
1515 2149 1640 2183 flentem
1670 2147 1773 2175 colere
1794 2144 1889 2182 fidem
1918 2145 2079 2183 coniuyio-

1094 2195 1174 2216 ranz-
1213 2186 1359 2217 Maiores
1383 2188 1488 2218 nostri
1512 2187 1697 2218 habuerunt
1720 2188 1830 2228 magni
1855 2188 1968 2227 probri
1990 2186 2080 2226 1000,

1095 2229 1192 2259 etiam
1221 2228 1351 2261 Ethnici
1380 2230 1506 2268 adhuc,
1539 2231 1567 2260 si
1597 2230 1671 2272 quis
1700 2240 1765 2261 non
1797 2231 1953 2260 servabat
1981 2229 2079 2261 fidem

1095 2272 1247 2313 coniugii.
1298 2272 1444 2304 Mundus
1474 2272 1572 2305 hodie
1607 2283 1673 2304 non
1705 2279 1817 2309 curat3
1845 2283 1911 2303 non
1943 2274 2077 2314 cogitat,

1094 2320 1219 2346 tantum
1243 2325 1320 2347 esse
1344 2322 1517 2357 peccatum
1540 2317 1572 2347 in
1593 2315 1843 2347 confusionibus
1868 2315 2046 2347 libidinum.

1181 2357 1334 2400 Cogitate
1363 2365 1484 2397 autem,
1510 2370 1576 2400 quo
1600 2358 1675 2390 loco
1700 2358 1845 2390 habitum
1871 2357 1966 2389 fuerit
1991 2360 2079 2399 apud

1094 2401 1178 2431 istos
1201 2407 1340 2433 sanctos
1368 2403 1536 2439 homines,
1567 2403 1657 2443 quod
1685 2403 1747 2433 ista
1771 2401 1940 2443 peccatrix
1962 2400 2079 2433 mulier

1094 2444 1183 2474 venit
1211 2445 1252 2475 ad
1277 2444 1452 2477 Christum.
1501 2446 1614 2477 Simon
1644 2445 1704 2476 tuit
1728 2444 1949 2482 Pharisaeus,
1978 2444 2079 2476 homo

1095 2487 1226 2528 gravis,
1254 2498 1340 2519 unus
1374 2499 1415 2519 ex
1446 2489 1659 2526 doctoribus,
1690 2488 1744 2530 qui
1776 2485 1984 2519 excellebant
2012 2489 2080 2529 opi-

1094 2530 1192 2561 nione
1215 2532 1398 2572 sapientiae
1421 2538 1452 2562 et
1476 2532 1618 2563 virtutis.

1182 2572 1248 2605 lam
1272 2573 1388 2605 mulier
1400 2574 1519 2606 «licitur
1542 2574 1694 2616 attigisse
1716 2573 1819 2614 pedes
1835 2572 1974 2605 Christi:
1997 2583 2078 2615 quo-

1095 2616 1215 2647 modo?
1238 2617 1291 2648 An
1315 2618 1440 2649 inflexit
1463 2627 1501 2648 se
1525 2618 1587 2649 sub
1612 2617 1782 2649 mensam?
1812 2616 1898 2647 Non.
1925 2616 2078 2648 Christus

1096 2660 1323 2692 accumbebat.
1376 2659 1436 2691 llla
1465 2666 1561 2692 vetus
1594 2658 1653 2690 suit
1685 2660 1923 2726 consuetudpqz.
1939 2665 2006 2691 tres
2035 2661 2078 2691 ad
