2343 2970
134 209 198 243 385

135 302 319 336 naturales:
342 303 386 335 ita
405 307 436 333 et
458 302 490 333 in
504 300 588 332 Deo.
634 301 702 333 Sed
725 301 890 342 quomodo
904 301 1012 332 sintin
1025 300 1111 340 Deo,

134 358 201 379 non
223 357 360 389 possum
383 345 441 377 tibi
464 343 641 385 explicare.
687 344 723 375 ln
746 344 842 375 nobis
866 343 1006 375 affectus
1036 349 1113 376 sunt

136 391 338 423 turbationes
361 395 394 421 et
417 387 570 424 dolores;
594 387 714 420 inDeo
726 393 804 419 sunt
822 387 895 418 sine
912 387 1111 419 turbatione.

315 554 424 605 Quid
456 560 517 594 est
547 554 716 594 affectus
748 552 932 608 proprie?

218 647 278 678 Est
311 653 419 678 motus
455 646 566 677 cordis
601 645 830 687 persequentis
868 642 920 676 vel
943 642 1112 686 fugitentis

133 691 274 729 obiecta,
299 691 399 721 corde
422 688 556 721 dilatato
584 687 636 719 vel
660 688 859 725 constricto3
885 686 977 719 cuius
1002 693 1112 718 motus

132 733 279 766 ultimum
303 743 435 774 semper
458 738 510 764 est
535 732 586 764 vel
608 731 745 769 laetitia,
770 729 823 762 vel
846 730 986 762 tristitia.
1034 729 1112 761 Ulti-

131 787 217 808 mum
241 777 323 817 spei,
342 784 393 807 est
416 774 554 807 laetitia:
599 774 708 807 Metus
737 772 902 810 ultimum,
933 779 983 804 est
1013 773 1112 804 tristi-

131 820 185 851 tia.
232 819 289 851 Sic
313 819 353 850 dc
377 819 528 850 omnibus
552 817 742 850 affectibus:
780 817 948 847 Entweder
971 817 1016 845 sie
1039 816 1112 845 ilum

132 864 226 893 einem
248 862 345 896 welze,
370 862 446 891 oder
468 861 563 891 wohl:
588 862 663 903 quia
682 860 776 892 Deus
810 862 856 891 ita
885 859 1032 891 condidit
1055 869 1111 890 na-

131 912 248 944 turam,
271 911 306 936 ut
329 910 449 946 postea
472 906 503 936 in
529 905 615 936 omni
634 904 828 935 aeternitate
841 901 1007 935 frueretur
1019 902 1111 934 laeti-

131 949 186 987 tia,
209 954 240 979 et
263 949 350 979 bene
373 953 463 980 esset
485 948 601 979 nobis:
646 947 725 978 ltem
758 952 793 977 ut
827 946 989 977 damnatis
1024 944 1110 977 male

132 997 231 1024 esset.
276 991 383 1022 Etiam
406 992 436 1021 in
451 989 594 1022 Diabolo
618 997 695 1022 sunt
714 989 864 1028 affectus,
885 990 945 1020 sed
963 989 1017 1030 qui
1033 994 1111 1019 sunt

131 1035 163 1067 in
180 1033 289 1073 malo,
324 1033 378 1066 vel
413 1035 467 1075 qui
497 1041 572 1065 sunt
597 1033 777 1065 destructio
802 1033 972 1074 quaedam.
1018 1032 1110 1063 Haec

132 1078 239 1110 omnia
261 1076 340 1109 fecit
362 1077 456 1109 Deus
480 1075 619 1108 mirabili
641 1076 824 1117 sapientia,
861 1086 957 1118 quam
991 1074 1109 1106 intelli-

132 1131 247 1163 gemus
282 1121 314 1151 in
348 1126 483 1152 aeterna
518 1120 593 1151 vita.
650 1119 772 1150 Tamen
806 1118 860 1150 hic
892 1119 1050 1149 debemus
1074 1124 1108 1149 ut

132 1174 261 1205 cunque
300 1162 356 1194 illa
397 1163 536 1204 physica
575 1163 663 1194 initia
697 1162 838 1193 discere.
905 1161 958 1192 De
989 1162 1109 1202 quibus

130 1207 211 1247 ipsis
236 1217 308 1237 cum
332 1207 419 1236 serio
444 1206 644 1247 cogitamus,
676 1206 879 1245 experimur,
909 1206 997 1246 quod
1020 1203 1110 1235 illam

130 1248 388 1290 profunditatem
412 1259 477 1279 non
496 1249 663 1289 possimus
687 1247 740 1279 hic
763 1247 946 1279 exhaurire.

218 1291 252 1322 ln
277 1291 409 1323 Christo
434 1297 483 1322 est
507 1301 585 1323 vera
610 1292 774 1322 miseratio
798 1296 829 1322 et
853 1300 970 1323 versus
1002 1289 1108 1321 dolor.

131 1334 187 1366 Sic
210 1335 242 1366 in
263 1334 334 1365 Deo
359 1340 409 1365 est
433 1345 512 1365 vera
534 1333 671 1370 laetitia,
697 1344 814 1365 versus
837 1344 952 1371 amor,
982 1333 1109 1365 etiamsi

131 1387 197 1408 non
220 1378 303 1415 scio,
329 1378 494 1418 quomodo
519 1376 576 1408 illa
599 1376 688 1408 fiant.
734 1377 809 1407 Non
843 1378 997 1408 mentitur
1031 1376 1108 1407 mihi

130 1420 234 1451 Deus.
279 1420 454 1460 Nunquam
487 1430 544 1451 ero
569 1426 635 1451 tam
656 1419 811 1457 Stoicus,
845 1426 878 1450 ut
913 1420 1020 1450 dicam
1043 1419 1108 1450 hoc

131 1472 206 1494 esse
224 1463 441 1500 mendacium,
467 1463 599 1503 quando
624 1462 717 1494 Deus
742 1463 782 1494 dc
806 1462 888 1494 Filio
913 1462 1010 1493 dicit:
1046 1462 1108 1490 Hi<-

130 1510 175 1535 est
197 1506 297 1535 Filius
319 1516 400 1535 meus
422 1505 566 1544 dilectus,
590 1516 649 1545 quo
673 1505 820 1535 delector.
868 1506 937 1535 Dus
959 1505 1031 1534 siml
1055 1505 1108 1534 die

129 1548 274 1578 ltiicllslen
294 1550 364 1578 zwei
392 1548 535 1583 ll'o‘rter,
565 1549 618 1578 die
641 1549 682 1578 d«
706 1551 771 1578 sein
790 1548 931 1586 konnen,
967 1547 1106 1580 dilectus

128 1592 192 1621 und
211 1590 368 1624 delector.
414 1591 562 1633 Diligere
585 1598 635 1623 est
659 1593 792 1623 amoris.
826 1591 974 1623 Effectus
998 1597 1107 1623 autem

129 1635 251 1666 amoris
275 1635 466 1675 exprimitur
488 1636 592 1666 verbo
616 1634 814 1673 delectandi,
832 1635 933 1664 daran
957 1635 1007 1664 ich
1029 1636 1107 1663 mein

128 1677 291 1708 llertzliclte
310 1678 406 1715 frend
424 1678 487 1707 mul
512 1688 617 1707 womze
639 1678 726 1709 habe.
772 1678 862 1710 Vere
881 1680 913 1709 in
933 1677 1007 1709 Deo
1031 1683 1108 1708 sunt

128 1721 182 1752 isti
206 1720 356 1752 affectus
408 1721 502 1752 Deus
535 1720 734 1752 horribiliter
767 1722 921 1753 irascitur
955 1727 1106 1762 peccate,

129 1769 162 1795 et
185 1765 324 1796 destruit
347 1764 476 1795 iniusta.
523 1763 577 1793 Da
601 1764 659 1803 liyt
678 1764 821 1795 humana
833 1770 951 1795 natura
965 1774 1107 1805 oppresa

128 1813 266 1848 peccato
292 1813 323 1839 et
346 1813 474 1845 morte,
508 1812 540 1837 et
562 1806 655 1839 Deus
690 1807 719 1838 ei
748 1808 919 1838 verissime
941 1806 1106 1838 irascitur.

129 1850 196 1882 Sed
219 1848 321 1881 Filius
344 1849 405 1880 Dei
430 1850 606 1881 intervenit
628 1851 713 1881 inter
740 1849 828 1881 illam
851 1851 931 1881 iram
955 1850 1041 1888 Dei,
1076 1855 1107 1880 et

127 1892 304 1930 hominem,
328 1891 481 1924 videlicet
500 1893 727 1924 Samaritanus
752 1891 806 1924 ille
830 1899 1052 1934 contemptus,
1075 1899 1107 1923 et

129 1941 259 1977 spretus
282 1946 302 1968 a
324 1935 464 1967 ludaeis.

216 1978 276 2017 Hic
299 1977 424 2020 obligat
446 1977 598 2009 vulnera:
628 1979 659 2009 id
689 1985 762 2016 est,
797 1979 868 2019 ipse
891 1985 922 2009 et
945 1979 1106 2019 impetrat,
1133 1997 1134 2005 κ

130 2028 162 2052 et
184 2027 336 2059 meretur,
359 2027 391 2052 et
421 2022 475 2053 dat
500 2022 726 2053 remissionem
749 2028 976 2062 peecatorum:
1011 2022 1107 2062 impe·
1133 2039 1135 2067 3

1134 2072 1135 2080 ¹
1161 2076 1233 2103 cos,
1258 2066 1312 2106 qui
1336 2073 1464 2098 manent
1491 2073 1585 2098 extra
1607 2067 1804 2099 Ecclesiam.

131 2104 167 2136 fit
191 2106 323 2137 victima.
357 2113 388 2138 et
423 2108 544 2148 λύτρον,
580 2108 665 2139 sicut
689 2107 842 2139 Christus
878 2108 949 2149 ipse
983 2108 1105 2148 inquit:
1133 2123 1135 2129 ν

131 2068 195 2094 trat
217 2065 304 2105 apud
323 2063 454 2095 Patrem
476 2065 736 2096 intercedendo:
772 2070 800 2095 et
833 2071 998 2102 meretur,
1034 2074 1106 2095 eum

132 2148 232 2179 Ponet
250 2151 379 2178 animam
403 2160 487 2178 snam
509 2150 609 2191 λύτρον
629 2161 689 2190 pro
713 2150 833 2180 anatis.-
852 2151 881 2181 id
908 2157 970 2188 est,
992 2151 1107 2181 reddet

130 2191 355 2232 aetluit·alen5‚
380 2193 494 2223 reddet
517 2195 830 2234 compensationem.
865 2193 989 2225 Paulus
1007 2204 1106 2233 saepe

130 2235 229 2266 utitur
251 2246 334 2266 voce
357 2234 584 2276 ἀπολύτρωσις,
613 2237 706 2266 ‹lm-in
736 2237 833 2267 steolst
864 2237 923 2266 dns
946 2238 1106 2267 meritum.

130 2276 257 2309 Discite
279 2276 421 2319 linguas,
446 2284 480 2309 ut
505 2280 606 2309 verba
630 2280 763 2320 possitis
788 2280 984 2321 expendere.

132 2319 239 2351 solum
262 2326 370 2352 autem
389 2322 551 2361 impetrat,
574 2332 640 2353 non
663 2322 771 2354 solnm
794 2330 948 2361 meretur,
968 2323 1025 2353 sed
1051 2323 1105 2354 dat

132 2362 226 2392 etiam
245 2363 352 2401 nobis,
371 2364 551 2402 annuntiat,
574 2364 716 2405 applicat
739 2367 967 2398 remissionem
990 2376 1106 2407 pecca-

132 2409 247 2436 torum.
305 2405 505 2440 Quomodo?

131 2446 195 2478 Hic
218 2448 414 2479 describitur
444 2447 630 2489 applicatio.

132 2490 281 2529 ctrinam,
295 2500 354 2522 seu
368 2492 644 2532 praedicationem
667 2492 764 2535 legis:
785 2506 859 2527 cum
878 2496 942 2526 bac
966 2501 1017 2526 est
1036 2494 1107 2526 effi-

133 2543 204 2563 cax.
250 2532 370 2564 Vinum
399 2544 482 2574 quos
511 2534 607 2566 habet
639 2536 796 2569 effectus?
847 2538 1039 2570 Mundificat
1076 2543 1106 2569 et

131 2575 285 2616 prohibet
307 2577 595 2616 putrefactionem:
626 2589 658 2608 es
685 2579 762 2610 beist
790 2580 926 2621 kinwey:
971 2581 1028 2612 Sic
1051 2579 1106 2612 lex

131 2619 275 2649 ostendit
296 2625 488 2659 peccatum,
520 2626 551 2651 et
573 2622 699 2653 mordet
722 2624 959 2662 conscientias,
983 2634 1025 2655 ne
1047 2635 1106 2665 pu·
1131 2635 1132 2640 ¹

131 2666 316 2693 trescamus
346 2662 378 2693 in
408 2667 558 2703 peccato.
603 2664 773 2697 Securitas
808 2673 859 2699 est
893 2665 1104 2709 putrefactio,
1131 2664 1132 2688 ἶ

284 2719 430 2742 nauum.
444 2722 525 2743 01>ssss-
539 2722 603 2744 VOL.
618 2724 684 2744 XXV.

821 205 1039 238 POSTlLLA
1061 205 1459 239 MELANTHONIANA.

1133 2336 1135 2346 ι
1159 2325 1215 2353 cler
1244 2324 1314 2353 wele
1348 2325 1543 2364 umblauffen:

1133 2379 1134 2398 ι
1159 2378 1365 2398 communem
1388 2369 1594 2401 societatem:

561 2406 737 2440 Infundens
771 2410 881 2441 vinum
917 2416 948 2440 et
988 2408 1106 2440 oleum.
1133 2414 1135 2420 ⁸

704 2451 809 2482 Vinum
850 2451 1015 2493 significat
1050 2453 1134 2483 (lo-¹

2082 207 2145 240 3863

1165 307 1217 333 est
1239 300 1487 339 insensibilitas,
1511 306 1546 333 ut
1560 299 1683 332 Paulus
1704 307 1811 340 vocat,
1838 301 2012 341 ἀναλγησία,
2037 302 2080 331 da
2103 304 2145 332 ei-

1164 355 1218 374 ner
1241 345 1301 374 clus
1323 350 1495 386 peceatum
1518 344 1604 374 m‘clat
1628 344 1747 383 aehtet,
1777 343 1867 377 nullo
1890 355 1993 376 sensu
2015 345 2146 387 peccati

1165 387 1320 420 afficitur:
1351 389 1393 417 ist
1420 392 1496 417 wast
1519 388 1583 417 mul
1605 387 1698 417 wild:
1726 398 1791 420 non
1821 388 2028 430 expavescit,
2057 389 2143 420 sicut

1166 430 1290 462 Paulus
1320 431 1361 462 de
1388 442 1425 461 se
1450 432 1547 462 etiam
1576 430 1734 472 loquitur:
1778 431 1849 470 Eyo
1879 432 2049 471 aliquando
2079 432 2145 461 sz'ne

1167 474 1232 512 [eye
1254 475 1333 512 vixi,
1353 474 1385 504 id
1409 481 1470 512 est,
1494 485 1559 505 non
1584 475 1739 506 curabam
1759 474 1841 506 iram
1860 475 1939 512 Dei,
1963 485 2030 506 uon
2053 479 2145 516 puta-

1167 518 1241 548 bam
1266 527 1317 548 me
1339 516 1464 548 habere
1486 523 1634 557 peccata.
1878 518 1882 519 ⁷

1253 559 1348 591 Deus
1371 561 1459 592 dedit
1481 559 1526 591 iili
1550 560 1675 601 regioni
1700 560 1806 594 oleum,
1826 561 1857 592 id
1878 567 1940 599 cst,
1962 559 2145 592 balsamum

1167 602 1327 645 singulari
1354 603 1525 635 beneficio.
1572 604 1648 634 Vox
1672 603 1816 633 Balsama·
1838 605 2007 646 significat
2030 603 2143 634 Domi-

1156 652 1243 677 ‘num
1266 645 1343 683 olei,
1368 647 1399 677 id
1424 652 1486 684 est,
1511 648 1723 687 praecipuum
1752 646 1878 685 oleum,
1903 648 1991 688 quod
2015 646 2145 678 mirabi-

1166 688 1240 720 liter
1263 695 1361 720 sanat
1381 688 1529 720 vulnera.
1575 690 1746 731 Nusquam
1777 688 1853 721 alibi
1883 690 1913 721 in
1938 691 2020 721 orbe
2041 696 2144 721 terra-

1166 743 1254 770 rum,
1283 732 1344 762 nisi
1374 733 1404 763 in
1438 732 1555 764 Iudaea
1585 731 1643 764 tuit
1663 731 1869 766 balsamum.
1922 732 2015 764 Deus
2041 732 2143 764 voluit

1166 775 1305 806 ludaeos
1325 774 1413 806 bella
1437 785 1553 817 gerere
1576 786 1636 816 pro
1661 774 1855 807 defensione
1885 786 1966 808 suae
1994 775 2144 813 scholae,

1166 824 1198 849 et
1221 817 1353 859 politiae
1374 819 1569 850 constitutae
1593 819 1760 851 divinitus.
1805 819 1882 850 ldeo
1907 819 1995 850 dedit
2013 820 2060 850 eis
2074 817 2143 850 bal-

1166 872 1303 899 samum,
1327 863 1416 903 quod
1441 862 1505 892 cito
1529 868 1562 893 et
1584 861 1725 893 feliciter
1755 868 1887 893 curaret
1916 861 2076 900 vulnera,
2111 868 2143 893 et

1165 903 1285 935 multos
1320 904 1404 935 alios
1439 905 1585 936 morbos.
1641 903 1783 936 infundit
1807 915 1888 946 ergo
1913 905 2143 936 Samaritanus

1166 946 1371 986 balsamum,
1405 948 1436 978 id
1460 953 1532 985 est,
1557 947 1795 989 Evangelium‚
1831 955 1862 979 et
1897 959 1970 979 cum
2004 947 2068 979 hoc
2092 954 2144 979 est

1164 990 1295 1029 efficax,
1309 992 1339 1021 id
1354 996 1416 1029 est,
1425 990 1578 1029 vivificat,
1592 997 1697 1022 sanat.
1722 990 1911 1022 Balsamum
1924 1001 1990 1022 non
2003 992 2143 1030 mordet,

1164 1044 1230 1065 non
1255 1035 1340 1065 rodit
1363 1040 1397 1065 ut
1420 1035 1540 1065 vinum.
1586 1034 1650 1065 Per
1678 1033 1896 1076 Evangelium
1922 1035 2019 1066 datur
2041 1034 2143 1076 Spiri-

1164 1084 1216 1108 tus
1231 1078 1385 1114 Sanctus,
1399 1077 1452 1119 qui
1471 1076 1569 1108 efficit
1595 1076 1761 1115 laetitiam,
1782 1084 1812 1108 et
1832 1087 1948 1119 pacem
1972 1078 2004 1108 in
2028 1078 2142 1116 corde,

1164 1126 1195 1152 et
1220 1120 1309 1151 initia
1333 1131 1439 1151 novae
1463 1127 1494 1152 et
1518 1126 1674 1152 aeternae
1697 1120 1840 1152 iustitiae
1863 1126 1893 1151 et
1918 1121 2014 1152 vitae.

1250 1163 1374 1194 Postea
1397 1163 1543 1194 additur:
1566 1163 1703 1202 Impone't‘
1726 1174 1789 1192 cum
1813 1165 1845 1193 ἰη
1867 1165 2028 1193 imnentum
2047 1174 2139 1193 sunm.

1164 1205 1246 1237 lllud
1269 1207 1449 1238 iumentum
1474 1213 1526 1237 est
1548 1212 1667 1237 natura
1701 1206 1843 1238 humana
1867 1206 1961 1245 Filii,
1991 1208 2142 1238 subiecta

1164 1250 1254 1280 cruci
1277 1255 1309 1280 et
1333 1249 1436 1280 morti.
1483 1248 1558 1288 lpse
1582 1255 1693 1291 gestat
1717 1256 1831 1280 nostra
1849 1249 2142 1290 peccata,satisfa-

1163 1293 1207 1323 cit
1230 1302 1290 1332 pro
1314 1293 1428 1322 nobis:
1449 1298 1621 1332 praeterea
1642 1292 1731 1323 ducit
1754 1303 1819 1324 non
1844 1295 1875 1323 in
1899 1292 2086 1332 πανδοχεῖον,
2110 1293 2142 1324 id

1163 1341 1224 1372 cst,
1249 1336 1281 1365 in
1305 1335 1535 1373 diversorium,
1560 1335 1591 1365 in
1614 1334 1824 1374 Ecclesiam,
1848 1336 1890 1365 da
1915 1335 2010 1366 lehret
2033 1346 2065 1365 er
2087 1347 2143 1365 uns

1163 1377 1374 1409 dilectionem
1396 1376 1477 1415 Dei,
1502 1383 1533 1408 et
1564 1379 1718 1418 proximi:
1753 1379 1828 1420 quia
1863 1385 1941 1410 tunc
1975 1378 2141 1421 diligimus

1162 1421 1280 1459 Deum,
1300 1421 1432 1462 quando
1457 1421 1627 1461 incipimus
1651 1422 1774 1460 sanari,
1800 1429 1829 1453 et
1850 1422 1997 1453 converti
2019 1423 2062 1454 ad
2078 1421 2142 1454 De-

1163 1475 1239 1502 um,
1273 1465 1488 1506 agnoscimus
1523 1465 1702 1495 bonitatem
1727 1471 1759 1496 et
1782 1466 2044 1497 misericordiam
2067 1465 2142 1504 Dei,

1162 1508 1375 1548 agnoscimus
1399 1506 1500 1538 filium
1524 1506 1600 1545 Dei,
1624 1508 1713 1539 iuxta
1737 1508 1875 1539 dictum:
1925 1509 2021 1538 Nemo
2046 1519 2142 1547 ayna-

1162 1552 1222 1580 scit
1244 1550 1372 1579 Patrem
1394 1551 1457 1579 m'si
1482 1550 1596 1588 Filius,
1620 1555 1649 1580 et
1673 1553 1723 1580 rui
1740 1551 1824 1590 file'ns
1848 1552 1977 1582 vuluerit
1995 1552 2140 1583 revelare.

1162 1593 1287 1624 Postea
1310 1593 1409 1624 docet
1432 1603 1493 1624 nos
1519 1593 1656 1635 diligere
1679 1596 1874 1635 proximum.
1894 1594 2002 1626 Docet
2025 1594 2142 1626 fovere

1163 1637 1356 1668 societatem
1376 1635 1560 1675 Ecclesiae,
1584 1647 1650 1668 non
1673 1638 1786 1670 facere
1808 1639 2056 1679 dissipatione&
2075 1648 2141 1669 non

1162 1690 1297 1711 movere
1321 1678 1480 1711 turnultus
1511 1678 1696 1718 furoribus,
1728 1679 1842 1722 quales
1874 1679 1966 1712 multi
1997 1682 2141 1713 existunt

1161 1724 1192 1753 in
1217 1732 1339 1764 genere
1361 1722 1514 1754 humano.
1566 1722 1660 1754 Alius
1694 1724 1787 1754 ardet
1820 1725 2020 1762 ambitione,
2056 1723 2139 1756 alius

1161 1775 1320 1806 perversa
1343 1766 1499 1806 superbia
1522 1765 1589 1797 vult
1614 1765 1796 1804 excellere,
1826 1767 1917 1808 fingit
1941 1777 2048 1798 novas
2073 1767 2140 1808 opi-

1160 1809 1289 1846 niones,
1313 1807 1397 1839 alius
1426 1807 1491 1839 alio
1524 1807 1636 1840 furore
1671 1810 1789 1840 excitat
1825 1810 1961 1840 dissidia
1994 1811 2140 1852 ingentia

1162 1858 1194 1881 et
1218 1856 1311 1882 tetra.
1357 1850 1448 1882 Haec
1467 1852 1575 1883 onmia
1599 1858 1675 1883 sunt
1698 1858 1815 1884 contra
1844 1852 2052 1884 dilectionem
2076 1853 2139 1885 Dei

1162 1900 1194 1925 et
1216 1893 1363 1934 proximi.

1250 1937 1301 1967 Ad
1328 1935 1409 1968 illud
1434 1937 1682 1978 pandocbaeum
1713 1939 1852 1979 pertinet
1880 1938 2014 1980 regula:
2060 1939 2139 1969 Nus-

1162 1990 1252 2019 quam
1274 1983 1343 2009 sunt
1367 1979 1464 2019 electi,
1487 1983 1549 2010 υἱεῖ
1570 1983 1603 2010 in
1627 1985 1713 2010 coetu
1738 1986 1924 2012 vocatorum.
1972 1982 2057 2016 Quos
2084 1982 2139 2011 ele-

1160 2024 1221 2061 yit,
1243 2022 1299 2052 loos
1322 2026 1349 2052 et
1373 2025 1506 2053 voc-avie.
1552 2023 1645 2055 Deus
1680 2035 1746 2055 non
1782 2024 1851 2056 vult
1887 2024 2002 2056 salvos
2025 2023 2139 2057 facere

1855 2067 1952 2097 Unum
1979 2068 2038 2097 ltoc
2056 2070 2139 2107 petii

1162 2121 1178 2137 (ι
1204 2108 1350 2143 Domino,
1375 2110 1476 2151 inquit
1501 2109 1665 2148 Psalmis,
1690 2115 1723 2140 ut
1745 2110 1876 2140 habitem
1900 2114 1932 2140 in
1956 2111 2047 2140 domo
2070 2111 2139 2141 Da·

1159 2153 1235 2180 mini
1258 2152 1394 2181 omuibus
1417 2153 1524 2182 (liebus
1546 2155 1628 2183 viena
1652 2164 1743 2186 meme,
1790 2154 1887 2193 Item,
1910 2155 1996 2183 Deus
2024 2158 2070 2183 est
2089 2155 2138 2184 ‹li-

1133 2211 1134 2215 =
1159 2195 1264 2224 lectio:
1288 2197 1341 2234 qm'
1363 2200 1462 2225 mmwt
1485 2198 1516 2225 ln
1541 2197 1719 2235 dilectione,
1742 2198 1774 2226 ῐιι
1798 2197 1866 2226 Deo
1891 2201 2003 2227 namet:
2027 2198 2058 2228 id
2075 2204 2138 2236 est,

1032 2280 1058 2310 N
1133 2245 1134 2260 i
1159 2248 1295 2269 manens
1319 2239 1351 2269 in
1364 2238 1528 2277 Ecclesia,
1553 2246 1661 2271 manet
1685 2240 1717 2271 in
1731 2240 1813 2272 Deo.
1848 2241 1911 2271 Die
1928 2240 2023 2269 hohen
2047 2244 2137 2279 εμπ-τί·-

1064 2290 1106 2311 οιι
1133 2288 1134 2297 ’

1159 2281 1213 2311 elic
1230 2281 1280 2310 sol
1300 2292 1368 2310 mnu
1391 2282 1476 2311 nieht
1500 2283 1670 2321 oerucMen,
1697 2285 1750 2313 wie
1774 2284 1833 2313 ciel
1854 2283 2081 2322 'Teuffi’lslfo'pffe
2104 2285 2137 2313 ίιι

1602 2325 1727 2358 Nolunt
1761 2337 1837 2358 sese
1871 2337 2060 2369 aggregare
2093 2327 2136 2358 ad

1630 2369 1723 2401 Deus
1747 2380 1812 2401 non
1837 2376 1887 2400 est
1898 2376 2016 2401 auctor
2027 2369 2137 2400 ἀκατα-

1159 2415 1294 2446 στασίας.
1324 2409 1373 2442 Illi
1397 2417 1473 2443 sunt
1497 2422 1623 2454 organa
1635 2412 1871 2448 ιῖκαταστασίαςε
1889 2413 1963 2444 ideo
1981 2422 2046 2442 non
2059 2417 2137 2443 sunt

1159 2463 1198 2484 ex
1222 2452 1308 2484 Deo.
1363 2453 1413 2486 Tu
1447 2456 1550 2486 debes
1583 2462 1616 2487 te
1649 2456 1829 2498 adiungere
1864 2456 1906 2486 ad
1941 2456 2136 2487 societatem

1159 2494 1343 2535 Ecclesiae,
1356 2503 1387 2528 et
1411 2508 1610 2540 aggregare,
1623 2499 1736 2530 audire
1749 2501 1920 2530 docentem
1934 2497 2135 2529 Ecclesiam:

1159 2544 1201 2573 et,
1225 2539 1252 2569 si
1276 2540 1353 2581 quid
1376 2539 1464 2572 aliud
1488 2539 1586 2573 fuerit
1610 2541 1667 2572 tibi
1690 2541 1910 2583 patefactum,
1934 2542 2037 2573 debes
2061 2552 2135 2573 cum

1158 2581 1232 2613 aliis
1253 2585 1516 2623 communicare,
1539 2590 1574 2616 ut
1598 2585 1780 2616 doceantur
1803 2583 1877 2622 alii,
1907 2591 1941 2616 et
1969 2590 2004 2616 tu
2037 2585 2135 2616 etiam

1158 2625 1298 2664 audias,
1331 2636 1397 2658 non
1431 2633 1466 2658 ut
1495 2629 1621 2659 turbes.
1667 2626 1844 2658 Discamus
1878 2626 1932 2658 hic
1965 2626 2134 2669 regulam:

1159 2667 1338 2708 Quicunque
1361 2681 1422 2700 non
1444 2672 1567 2700 veniunt
1590 2671 1634 2700 ad
1657 2674 1773 2700 coctum
1793 2674 1978 2706 vocatorum,
1992 2681 2052 2700 non
2065 2673 2134 2700 sunl

1791 2730 1825 2756 25
