2343 2970
224 187 289 218 732⁴)

276 284 417 325 Statue
451 292 663 339 peccatum
696 290 834 322 contra
867 282 1154 322 conscientiam

575 358 667 383 cum
698 342 854 397 gratia?

312 437 397 466 Non.
444 434 514 463 Illo-e
537 434 725 465 Antinomia
748 435 790 462 ist
814 433 893 471 also,
917 444 954 464 se
967 443 1068 474 posse
1081 432 1206 464 habere

224 485 396 522 peccatum
421 484 535 508 contra
560 476 816 514 conscientiam,
845 482 875 507 et
900 483 1007 507 tamen
1034 487 1110 507 esse
1134 487 1205 507 san-

225 530 309 554 ctos.
365 521 424 552 Hic
462 521 590 551 habetis
625 520 870 551 severissimam
905 520 1205 558 comminationem,

226 566 335 597 tradet
362 574 419 595 cos
443 564 569 594 tortori.
616 562 657 594 Et
680 562 757 593 alibi
782 563 913 594 dicitur:
949 562 1064 594 Miliw
1092 563 1205 594 bonam

224 609 380 645 militiam,
403 608 544 637 retinens
565 607 658 648 sidem
671 609 701 637 et
721 606 834 636 bonum
850 607 1086 637 conscientimn.
1110 606 1204 637 Item:

225 652 445 687 Scor-tutores,
470 650 623 687 adulteri,
644 649 833 686 lzorntm'dae,
846 650 1119 680 idololatr-aenon
1131 659 1204 690 pos-

223 694 369 726 sidebant
399 703 530 734 requam
557 692 624 723 Dei.
673 690 730 723 illa
754 691 864 722 delent
901 693 965 729 isti,
989 698 1147 733 quantum
1172 693 1204 723 in

225 748 262 768 se
286 743 347 768 est.
393 736 545 779 Cogitate
570 736 610 766 dc
646 736 866 776 magnitudine
901 735 1040 776 pcccati.
1087 734 1149 766 Tot
1173 741 1204 766 et

225 786 315 812 tauta
339 786 415 811 sunt
439 785 593 821 peccata,
622 779 715 820 qnasi
747 779 927 809 debeamus
951 779 1105 820 sexagies
1130 789 1205 810 cen-

225 829 292 855 tum
312 822 412 854 millia
437 821 648 853 talentorum:
679 829 848 861 2eccatnm
880 828 928 852 est
955 821 1115 852 inlinitum
1139 833 1204 853 ma-

224 866 309 902 lum3
340 867 412 907 qnia
439 864 536 896 violat
564 864 681 902 Deum,
717 865 771 906 qui
807 870 859 895 est
889 864 1046 895 infinitum
1072 866 1203 896 bonum.

225 909 418 952 Magnitudo
449 909 576 949 peccati
601 909 767 939 innostra
796 906 1022 939 imbecillitate
1052 918 1117 938 non
1149 919 1204 948 po-

226 959 286 984 test
313 951 461 993 intelligi.
507 951 547 982 Et
572 953 704 993 quando
728 949 896 992 paululum
909 951 1081 988 seminum,
1106 951 1203 981 homo

225 1006 291 1028 non
311 1002 420 1037 potest
447 995 621 1026 sustinere.
656 995 771 1024 Statim
797 995 1074 1036 exstingueretur,
1100 995 1126 1024 si
1152 994 1205 1025 diu
1230 1005 1232 1012 ·

225 1040 370 1070 duraret.
417 1038 451 1070 Si
481 1037 589 1068 Daxid
626 1049 692 1069 non
716 1037 900 1068 audivisset
924 1036 1203 1068 consolationem:

228 1082 392 1113 Dominum
417 1082 548 1112 abstulit
571 1085 747 1121 peccatum,
772 1078 889 1111 suisset
913 1081 1090 1111 extinctus.
1138 1080 1205 1111 lsta

225 1124 455 1156 consolatione
478 1123 534 1155 suit
560 1130 704 1161 oret-tus,
729 1130 759 1154 ct
786 1123 904 1155 lenitus
930 1130 978 1154 est
1001 1125 1028 1154 ei
1054 1123 1149 1154 dolor
1173 1131 1200 1154 et

226 1170 466 1200 consternatio:
499 1168 582 1198 sicut
610 1166 696 1198 haud
727 1167 825 1198 dubie
849 1166 953 1197 Adam
978 1172 1008 1197 et
1034 1166 1102 1197 Eva
1127 1166 1205 1197 iuis-

227 1218 300 1242 sent
331 1212 462 1242 extincti
493 1211 603 1241 audita
633 1220 733 1242 voce:
777 1210 864 1248 Quid
888 1210 1020 1249 fecisti?
1053 1210 1081 1240 si
1112 1209 1204 1241 Deus

226 1265 290 1286 non
314 1253 460 1285 leniisset
486 1253 633 1284 dolorem
658 1254 890 1295 promissione.

314 1315 469 1345 Homines
495 1325 558 1344 non
584 1315 705 1355 pariter
735 1314 879 1343 sentiunt
914 1312 1060 1349 dolores,
1096 1320 1205 1344 tamen

227 1364 353 1399 oportet
386 1368 462 1388 esse
490 1356 634 1398 aliquam
663 1357 903 1388 contritionem.
949 1357 983 1387 si
1007 1355 1206 1387 (1010111115-

227 1407 278 1432 set
297 1402 328 1432 in
353 1399 506 1432 zachaeo
532 1406 653 1437 tantus,
683 1406 826 1441 quantus
850 1402 881 1429 in
908 1398 1035 1430 Doride
1060 1410 1126 1430 non
1152 1410 1205 1440 ap-

227 1450 378 1486 pai-asset
403 1444 599 1475 convivium.

226 1498 300 1519 men
335 1497 517 1529 oppressus
552 1485 611 1518 suit
646 1486 755 1517 subita
790 1485 922 1517 laetitia.
974 1485 1047 1527 Ego
1077 1485 1205 1517 memini

227 1529 399 1562 honestam
424 1535 623 1566 matronam,
654 1539 739 1570 quae
768 1535 836 1560 toto
867 1529 992 1567 triduo,
1018 1540 1091 1560 cum
1115 1539 1205 1560 esse-

227 1584 300 1605 mus
324 1574 420 1604 lenae
442 1572 631 1604 luctabatur
655 1583 728 1603 cum
752 1579 869 1610 morte,
894 1571 973 1603 nihil
996 1571 1205 1614 loquebatur,

228 1617 369 1658 gemitus
394 1616 694 1657 conspiciebantur,
719 1622 752 1646 et
764 1614 854 1646 lucta
866 1616 1206 1647 animadvertebatur:

230 1660 310 1691 Post
333 1661 486 1697 triduum,
512 1659 587 1700 quia
610 1659 651 1689 ad
675 1669 746 1689 eam
766 1668 866 1699 saepe
891 1660 1071 1689 accedebat
1092 1664 1207 1699 pastor

228 1704 391 1734 Antonius
416 1713 521 1734 musa.
546 1703 653 1742 coepit
678 1700 823 1732 hilariter
840 1701 940 1742 loqui,
966 1708 998 1732 et
1022 1702 1114 1732 dixit:
1143 1701 1206 1731 Do-

228 1748 308 1777 mine
330 1750 459 1787 pastor,
484 1755 568 1776 manc
589 1746 726 1784 primum
752 1746 894 1785 illicllae’yo
913 1745 1207 1782 illanzcloctrluwn,

228 1801 320 1831 quam
344 1800 383 1820 et·
407 1789 495 1819 robis
518 1789 640 1819 amissi.
688 1788 775 1819 Deus
799 1789 985 1820 consolatus
1008 1792 1054 1819 est
1077 1798 1134 1826 mc,
1161 1789 1207 1819 ita

228 1837 261 1864 ut
283 1843 405 1873 spwem
429 1842 476 1862 me
499 1832 588 1862 bret-i
604 1829 753 1870 futuram
777 1832 809 1862 ίιι
832 1833 899 1863 eills
921 1835 1102 1872 conspectu.
1127 1831 1206 1861 Mihi

227 1882 303 1907 ante
327 1876 491 1907 biennium
515 1875 647 1906 dicebat
670 1874 802 1916 Lipsiae
824 1875 966 1906 honesta
979 1881 1128 1906 matrona
1140 1884 1207 1905 mo-

228 1920 344 1950 ritura:
370 1918 437 1959 Eyo
460 1919 596 1958 deposui
617 1927 723 1949 omnes
746 1919 957 1959 coyz‘tatz'ones
979 1919 1020 1949 de
1038 1928 1096 1959 spe
1107 1919 1206 1956 cisae,

228 1966 258 1993 et
281 1962 409 1994 muris.-
432 1961 511 1992 ηίΙιίΙ
532 1962 623 1992 uliud
644 1965 729 2002 peta,
752 1972 846 2002 quam
870 1966 904 1993 ut
927 1964 1013 1993 Dens
1036 1971 1098 1992 non
1120 1962 1207 1992 sinat

227 2006 315 2036 illam
350 2005 597 2035 consolationem
630 2005 774 2044 ectz'nym'
785 2027 794 2042 ,
829 2015 923 2045 quam
957 2005 1046 2035 dedit
1083 2006 1115 2035 ιή
1150 2013 1207 2035 cor

227 2058 336 2079 meum.
383 2047 492 2088 Saepe
515 2048 579 2078 dixi
604 2048 645 2078 de
669 2048 839 2079 lsnacensi
865 2049 1001 2085 iuvene,
1031 2049 1085 2089 qui
1109 2048 1206 2078 inter-

227 2090 354 2123 iecerat
377 2090 549 2131 hospitem.
586 2090 663 2122 Erat
688 2101 804 2128 senex,
828 2092 882 2133 qui
907 2091 1039 2122 videbat
1054 2091 1205 2122 iuvenem

228 2133 320 2165 11111111
343 2135 458 2175 vagari
483 2144 555 2165 cum
579 2144 693 2169 imore,
717 2145 812 2176 quam
836 2144 956 2165 recens
981 2135 1133 2170 duxerat3
1157 2144 1205 2165 re-

229 2178 316 2219 cepit
340 2187 413 2208 eum
436 2177 467 2207 in
494 2176 614 2214 aedes,
644 2187 765 2218 passus
790 2184 840 2208 est
863 2176 954 2209 illum
978 2187 1088 2209 emere
1111 2177 1205 2208 cibos

228 2231 289 2262 pro
312 2221 385 2261 ipso
409 2229 500 2258 sene,
523 2230 583 2260 pro
608 2230 657 2257 se,
681 2226 714 2251 et
736 2230 796 2252 sua
820 2221 971 2263 coniuge.
1013 2219 1072 2251 llle
1095 2220 1206 2258 miser,

228 2274 303 2295 cum
326 2263 464 2294 vidisset
486 2272 600 2293 senem
623 2261 746 2294 habere
770 2262 893 2305 aliquid
917 2264 1089 2304 pecuniae,
1112 2268 1207 2294 erant

227 2306 271 2337 60
293 2306 394 2344 aurei,
418 2313 470 2337 est
493 2311 638 2337 tentatus
662 2306 1012 2344 etvictusaDiabolo,
1034 2311 1070 2337 ut
1093 2316 1206 2337 senem

229 2348 440 2387 interfecerit,
476 2355 507 2380 et
540 2348 715 2380 abstulerit
743 2351 927 2389 pecuniam.
974 2350 1055 2380 Post
1086 2348 1206 2380 factam

229 2394 365 2424 caedem
390 2391 460 2423 vult
483 2391 611 2433 sugere,
646 2398 678 2422 et
711 2391 886 2433 aliquoties
922 2393 1051 2434 cogitur
1081 2393 1206 2423 redire:

252 2435 331 2466 edes
356 2446 423 2467 non
446 2434 562 2466 volunt
584 2445 659 2466 eum
681 2441 834 2476 portare:
871 2445 1049 2477 regressus
1084 2441 1151 2473 est,
1175 2441 1208 2466 et

228 2446 325 2510 fatuit
346 2479 379 2509 in
404 2476 602 2510 domuncula
626 2478 776 2509 custodis
800 2484 924 2518 portae.
960 2478 1006 2509 lbi
1024 2478 1209 2520 quaesitus,

229 2528 263 2552 et
296 2522 450 2552 inventus
485 2527 546 2552 est.

229 2563 414 2595 Ecclesiae.
459 2563 551 2595 Misit
583 2564 625 2595 ad
655 2574 736 2603 1108,
765 2564 890 2605 petivit,
925 2569 960 2595 ut
988 2565 1209 2596 intercedere-

230 2618 314 2646 mus,
348 2613 382 2637 ut
411 2608 590 2639 donaretur
620 2608 649 2638 ei
674 2608 752 2638 vita.
797 2606 963 2638 Collocuti
988 2617 1102 2638 sumus
1126 2608 1210 2638 inter

230 2660 304 2688 nos,
329 2656 362 2681 et
384 2651 628 2692 respondimus,
652 2660 715 2682 nos
738 2661 805 2682 non
828 2650 1061 2691 impetraturos
1085 2660 1162 2682 esse
1180 2650 1210 2682 ei

863 186 972 217 run..
997 185 1098 216 MEL.
1123 183 1308 216 scmPTA
1335 183 1597 215 EXEGthCA.

646 1443 712 1473 Sed
737 1441 795 1473 suit
819 1442 936 1483 aliquis
961 1442 1067 1480 dolor,
1092 1443 1205 1483 quita·
1230 1466 1233 1485 2

592 2520 663 2552 Nos
698 2531 830 2553 eramus
865 2522 908 2552 ibi
939 2522 972 2552 in
1002 2522 1209 2562 inspectione
1234 2536 1235 2540 =

2172 184 2236 215 736

1230 294 1233 326 ff
1259 279 1358 309 vitam
1382 284 1519 319 propter
1543 279 1748 310 atrocitatem
1771 278 1946 310 {acinon-is:
1971 279 2030 309 sed
2056 279 2235 320 1100111190-

1258 328 1417 359 traturos,
1453 327 1486 352 ut
1520 321 1729 362 praecidatur
1760 328 1868 362 caput.
1914 322 2064 352 Misimus
2088 322 2129 352 ad
2161 332 2236 354 eum

1258 364 1461 396 Fridericum
1497 364 1703 406 Myconium,
1738 365 1793 405 qui
1828 366 1936 406 coepit
1969 366 1997 395 ei
2033 365 2234 399 concionari,

1258 408 1383 438 assedit
1407 408 1436 438 ei
1461 414 1528 438 tres
1552 413 1639 438 totos
1664 407 1746 438 dies.
1792 406 1849 439 {lle
1873 408 1959 439 sedit
1981 413 2147 449 tamquam
2160 418 2235 438 sco—

1230 470 1233 490 ‚
1259 449 1368 491 pulos,
1398 452 1492 492 quasi
1517 449 1596 480 1111111
1622 450 1767 487 audiret,
1792 449 1870 482 nibil
1895 451 2028 482 videret.
2076 450 2157 481 Post
2181 451 2235 482 tri-

1230 508 1232 528 ;
1257 494 1356 525 duum
1380 494 1497 535 inquit.
1527 494 1551 525 0
1576 493 1712 524 Domine
1735 493 1914 531 Friderice,
1941 495 1972 524 in
1995 497 2118 534 quanta
2147 494 2235 526 lucta

1253 535 1316 576 fui,
1350 537 1407 567 sed
1441 538 1515 567 laus
1540 536 1623 574 Ded,
1656 537 1719 567 iam
1754 538 1875 577 incipio
1907 538 2084 578 intelligere
2106 541 2236 569 vestras

1258 580 1502 611 consolationes.
1550 579 1669 610 Postea
1690 580 1772 611 satis
1793 578 1921 620 placide
1945 581 2081 611 mortuis
2101 585 2162 611 est.

1229 617 1232 668 Ξ
1346 623 1410 653 ista
1431 622 1505 653 fiun.
1540 633 1611 653 cum
1637 622 1744 659 lucta3
1779 624 1806 653 si
1836 623 2033 654 haberemus
2058 633 2119 654 nos
2143 622 2235 654 velut.

1230 670 1232 713 j
1258 673 1395 697 truncus
1418 677 1482 696 non
1508 673 1597 696 esset
1623 665 1722 697 lucta.
1752 666 1892 700 Quando
1907 665 2001 697 Deus
2020 665 2131 703 trahit,
2156 672 2235 697 tunc

1230 715 1232 743 Ι
1258 710 1406 750 sequitur
1429 708 1528 741 lucta.
1575 709 1713 750 Oportet.
1736 707 1879 750 aliquam
1898 720 1975 740 esse
1994 709 2234 740 contritionem.

1230 747 1233 804 i
1259 751 1355 787 Quod
1379 758 1486 783 autem
1511 758 1588 784 sunt
1612 751 1789 783 dissimiles
1819 751 1973 790 dolores,
2005 751 2097 784 Deus
2129 752 2235 792 parcit

1230 811 1232 815 v
1258 795 1435 826 infirmitati
1459 801 1604 826 nostrae.
1651 795 1808 826 Homines
1839 807 1905 826 non
1935 796 2033 826 rudes
2063 795 2235 826 exercitio-

1230 818 1233 890 ἕ
1257 848 1329 869 rum
1353 839 1584 878 poenitentiae,
1618 837 1804 880 intelligunt
1838 837 1949 879 aliquo
1980 838 2091 876 modo,
2119 848 2156 869 se
2180 838 2235 869 de-

1229 907 1232 931 Ι
1259 882 1338 912 bere
1370 881 1443 912 Deo
1472 888 1521 912 tot
1550 888 1669 912 tonnas
1698 882 1779 912 auri.
1826 881 1980 912 Christus
2005 881 2094 919 dicit,
2116 879 2162 912 illi
2187 880 2234 911 fa-

1230 950 1232 974 ,
1258 930 1344 955 ctam
1362 935 1439 955 csse
1462 925 1700 962 remissionem,
1724 925 1783 955 sed
1808 923 1861 956 ille
1885 935 1951 955 non
1966 925 2084 955 retinet
2095 930 2235 965 accepta

1259 968 1430 1005 beneficia,
1464 968 1524 999 sed
1560 968 1682 998 excutit
1717 978 1803 998 novo
1838 967 1978 1004 scelere,
2013 972 2129 998 contra
2156 976 2234 998 0011-

1229 1015 1232 1049 ἷ
1257 1011 1441 1041 scientiam.
1488 1010 1596 1042 Debet
1620 1010 1666 1041 illi
1691 1020 1876 1041 conservus
1907 1022 1988 1042 suus
2013 1019 2145 1041 centum
2179 1010 2235 1040 de·

1230 1053 1232 1091 i
1259 1054 1381 1084 nai-ios.
1427 1054 1512 1089 Quid
1537 1060 1611 1084 sunt
1638 1054 1676 1084 10
1701 1055 1849 1084 coronati
1869 1054 1909 1084 ad
1933 1054 1975 1084 60
1999 1060 2118 1084 tonnas
2141 1052 2235 1084 auri?

1229 1094 1232 1162 i
1261 1096 1315 1127 Da
1339 1097 1447 1138 lcomp!
1467 1107 1531 1129 mm
1554 1098 1606 1127 die
1630 1096 1832 1138 Disputatio.
2019 1111 2023 1114 ·

1230 1165 1233 1182 Ι

1230 1207 1232 1224 Ι

1288 1203 1460 1253 Quaero.
1493 1219 1544 1244 an
1577 1219 1657 1243 non
1691 1205 1767 1243 sint
1801 1203 2005 1258 punienda
2038 1202 2206 1242 delicta?

1345 1286 1401 1317 lta.

1230 1379 1232 1392 '
1258 1375 1392 1425 Quare
1432 1376 1483 1415 illi
1515 1382 1609 1415 ante
1644 1376 1812 1416 biduum
1853 1382 1946 1415 sunt
1977 1375 2111 1415 affecti
2142 1388 2238 1428 sup-

1378 1436 1505 1490 plicio,
1538 1437 1569 1476 si
1603 1443 1664 1475 est
1695 1435 1879 1476 facienda
1911 1434 2118 1476 remissio?

1230 1506 1234 1584 ἰ
1348 1527 1556 1568 Respondeo.
1587 1527 1804 1568 Evangelium
1828 1538 1893 1559 non
1919 1526 2004 1557 tollit
2018 1525 2239 1558 0111010111Ρο-

1258 1570 1392 1601 liticum.
1438 1570 1558 1601 Pastor
1581 1569 1727 1601 absolvitv
1750 1572 1855 1602 turem
1875 1569 1929 1601 vel
1954 1569 2114 1601 latronem
2138 1579 2236 1610 agen-

1231 1595 1235 1662 i
1259 1619 1323 1644 tem
1346 1614 1592 1654 poenitentiam,
1616 1624 1676 1645 seu
1701 1624 1775 1645 cum
1800 1612 1869 1644 vult
1894 1614 2054 1651 converti,
2067 1619 2100 1644 et
2112 1610 2169 1644 illa
2182 1613 2239 1644 ab·

1231 1674 1234 1717 ,
1259 1656 1383 1688 solutio
1407 1663 1457 1688 est
1482 1657 1633 1688 remissio
1656 1662 1869 1697 peccatorum
1894 1667 2006 1689 coram
2019 1656 2107 1693 Deo,
2131 1661 2166 1688 ut
2184 1653 2240 1688 ille

1260 1699 1316 1730 fiat
1349 1701 1531 1731 membrum
1562 1699 1698 1738 Christi,
1731 1707 1763 1732 et
1797 1700 1916 1732 haeres
1951 1701 2038 1731 vitae
2071 1705 2239 1738 aeternae,

1259 1743 1355 1774 etiam
1379 1754 1502 1785 corpus
1536 1744 1607 1774 eius
1638 1745 1776 1784 punitur.
1824 1743 1885 1775 Est
1907 1744 2076 1785 antiquum
2104 1743 2240 1781 dictum,

1231 1806 1234 1845 .
1260 1792 1354 1818 estne
1378 1797 1508 1823 verum;
1533 1787 1575 1817 Es
1599 1787 1736 1818 ltonmten
1762 1788 1823 1818 rz'cl
1844 1787 1931 1819 mehr
1953 1786 2162 1828 vomGalyen
2178 1794 2241 1827 qen

1260 1830 1411 1870 Himmel,
1443 1831 1526 1861 deun
1554 1841 1624 1861 'com
1646 1830 1839 1871 Kz‘rclzlzoff,
1865 1841 1976 1862 verum
2001 1836 2068 1862 est:
2092 1830 2169 1871 quia
2187 1829 2241 1861 die

1259 1873 1341 1904 Lent
1361 1873 1489 1904 sterben
1517 1874 1603 1905 niclzt
1632 1874 1709 1914 auff
1725 1875 1795 1906 dem
1817 1873 1995 1914 kz'rcldzoff,
2017 1874 2159 1905 sondern
2181 1872 2240 1904 da-

1258 1916 1357 1958 heym,
1381 1917 1460 1948 aber
1483 1928 1534 1948 mn
1552 1918 1678 1959 Galyen
1699 1918 1826 1950 sterben
1850 1919 1922 1949 viel.
1966 1916 2026 1948 Est
2049 1926 2239 1948 commone-

1259 1958 1371 1998 factio,
1399 1960 1487 2001 quod
1511 1960 1603 1992 multi
1626 1967 1677 1992 est
1700 1960 1823 1992 talibus
1847 1962 1979 1992 veniant
2005 1961 2046 1991 ad
2071 1961 2239 2002 poeniten-

1258 2003 1345 2035 tiam.
1390 2002 1495 2042 Multi,
1518 2005 1571 2045 qui
1596 2005 1801 2045 praecipitati
1825 2010 1902 2035 sunt
1932 2004 1964 2034 in
1995 2009 2100 2035 tetros
2122 2002 2238 2044 lapsus

1258 2057 1278 2078 a
1301 2045 1463 2085 Diabolo‚
1493 2046 1747 2079 commonefiunt
1781 2046 1846 2078 illis
1874 2045 2062 2088 suppliciis,
2097 2052 2129 2078 et
2158 2055 2239 2077 vere

1259 2095 1508 2123 convertuntur,
1535 2096 1568 2121 et
1590 2090 1757 2130 accipiunt
1781 2089 2045 2122 consolationem
2069 2091 2101 2121 in
2125 2089 2237 2121 corde.

1258 2131 1446 2164 Redeamus
1469 2133 1511 2163 ad
1535 2140 1780 2175 argumentum:

1389 2219 1531 2249 Peccata
1553 2222 1626 2250 sunt
1649 2219 1859 2250 remittenda.-

1389 2262 1476 2302 Erqo
1509 2263 1663 2292 scelerati
1694 2271 1757 2293 non
1790 2266 1864 2293 sunt
1892 2263 2048 2302 pmn‘endi
2079 2271 2134 2292 seu
2167 2259 2239 2303 affi-

1431 2305 1538 2336 ciendi
1558 2306 1728 2346 supplicio.

1346 2390 1557 2432 Respondeo.
1602 2390 1697 2432 Nego
1717 2391 2006 2432 consequentiam:
2029 2396 2063 2421 et
2080 2390 2164 2421 ratio
2176 2396 2240 2426 est,

1260 2434 1338 2476 quia
1361 2434 1513 2465 remissio
1543 2435 1684 2474 pertinet
1705 2434 1749 2465 ad
1771 2434 1871 2465 vitam
1896 2440 2076 2471 aeternam,
2106 2433 2147 2464 ad
2171 2433 2240 2463 ani-

1261 2487 1367 2514 mam;
1390 2476 1587 2518 supplicium
1597 2478 1639 2508 ad
1655 2475 1800 2508 officium
1814 2476 1996 2518 politicum:
2020 2475 2240 2518 Magistratus

1260 2530 1328 2551 non
1341 2531 1401 2552 sua
1413 2521 1609 2551 auctoritate
1622 2520 1723 2561 punit,
1745 2520 1806 2551 sed
1830 2520 1951 2551 divina.
1981 2518 2054 2549 Non
2070 2529 2184 2558 parces
2199 2519 2240 2556 ei,

1260 2564 1364 2605 inquit
1385 2562 1456 2599 lex;
1479 2568 1523 2601 et,
1548 2563 1576 2594 si
1599 2562 1818 2605 Magistratus
1841 2563 1906 2594 hoc
1941 2573 2006 2594 non
2038 2561 2132 2600 facit,
2162 2567 2242 2593 tunc

1234 2629 1238 2661 Ι
1262 2605 1356 2638 Deus
1378 2606 1451 2648 ipse
1478 2605 1566 2637 facit.
1612 2606 1736 2644 Poena,
1760 2615 1845 2647 quae
1869 2606 1903 2637 fit
1926 2615 1984 2647 per
2010 2605 2241 2647 Magistratus,

1234 2666 1239 2690 ι
1263 2656 1314 2682 est
1337 2659 1456 2691 poena,
1479 2659 1565 2691 quae
1589 2649 1632 2680 sit
1655 2649 1821 2681 divinitus.
