<?xml version="1.0" encoding="UTF-8"?>
<!DOCTYPE html PUBLIC "-//W3C//DTD XHTML 1.0 Transitional//EN"
    "http://www.w3.org/TR/xhtml1/DTD/xhtml1-transitional.dtd">
<html xmlns="http://www.w3.org/1999/xhtml" xml:lang="en" lang="en">
 <head>
  <title>
</title>
<meta http-equiv="Content-Type" content="text/html;charset=utf-8" />
  <meta name='ocr-system' content='tesseract 3.04.00' />
  <meta name='ocr-capabilities' content='ocr_page ocr_carea ocr_par ocr_line ocrx_word'/>
</head>
<body>
  <div class='ocr_page' id='page_1' title='image "./operaquaesupersu25melauoft/operaquaesupersu25melauoft_0022.png"; bbox 0 0 2374 2985; ppageno 0'>
   <div class='ocr_carea' id='block_1_1' title="bbox 230 210 270 241">
    <p class='ocr_par' dir='ltr' id='par_1_1' title="bbox 230 210 270 241">
     <span class='ocr_line' id='line_1_1' title="bbox 230 210 270 241; baseline 0 0"><span class='ocrx_word' id='word_1_1' title='bbox 230 210 270 241; x_wconf 81' lang='lat'><strong>15</strong></span> 
     </span>
    </p>
   </div>
   <div class='ocr_carea' id='block_1_2' title="bbox 222 301 1198 642">
    <p class='ocr_par' dir='ltr' id='par_1_2' title="bbox 222 301 1198 642">
     <span class='ocr_line' id='line_1_2' title="bbox 222 301 1198 347; baseline -0.005 -12"><span class='ocrx_word' id='word_1_2' title='bbox 222 305 331 347; x_wconf 86' lang='lat' dir='ltr'><strong>phiam</strong></span> <span class='ocrx_word' id='word_1_3' title='bbox 354 304 385 334; x_wconf 93' lang='lat' dir='ltr'><strong>in</strong></span> <span class='ocrx_word' id='word_1_4' title='bbox 411 303 544 334; x_wconf 87' lang='lat' dir='ltr'><strong>ltaliam.</strong></span> <span class='ocrx_word' id='word_1_5' title='bbox 570 301 857 343; x_wconf 79' lang='lat' dir='ltr'><strong>Constantinopoli</strong></span> <span class='ocrx_word' id='word_1_6' title='bbox 882 307 1098 333; x_wconf 75' lang='lat' dir='ltr'><strong>conservatae</strong></span> <span class='ocrx_word' id='word_1_7' title='bbox 1121 306 1198 331; x_wconf 84' lang='lat' dir='ltr'><strong>sunt</strong></span> 
     </span>
     <span class='ocr_line' id='line_1_3' title="bbox 223 343 1196 386; baseline -0.004 -8"><span class='ocrx_word' id='word_1_8' title='bbox 223 354 324 379; x_wconf 79' lang='lat' dir='ltr'><strong>artes.</strong></span> <span class='ocrx_word' id='word_1_9' title='bbox 391 346 475 377; x_wconf 83' lang='lat' dir='ltr'><strong>Sunt</strong></span> <span class='ocrx_word' id='word_1_10' title='bbox 499 346 540 376; x_wconf 84' lang='lat' dir='ltr'><strong>ibi</strong></span> <span class='ocrx_word' id='word_1_11' title='bbox 564 344 610 376; x_wconf 91' lang='lat' dir='ltr'><strong>illi</strong></span> <span class='ocrx_word' id='word_1_12' title='bbox 634 346 694 386; x_wconf 82' lang='lat' dir='ltr'><strong>ipsi</strong></span> <span class='ocrx_word' id='word_1_13' title='bbox 718 343 791 375; x_wconf 80' lang='lat' dir='ltr'><strong>libri</strong></span> <span class='ocrx_word' id='word_1_14' title='bbox 816 345 991 375; x_wconf 83' lang='lat' dir='ltr'><strong>asservati.</strong></span> <span class='ocrx_word' id='word_1_15' title='bbox 1027 353 1110 384; x_wconf 85' lang='lat' dir='ltr'><strong>quos</strong></span> <span class='ocrx_word' id='word_1_16' title='bbox 1134 344 1196 374; x_wconf 91' lang='lat' dir='ltr'><strong>iam</strong></span> 
     </span>
     <span class='ocr_line' id='line_1_4' title="bbox 223 385 1196 427; baseline -0.005 -6"><span class='ocrx_word' id='word_1_17' title='bbox 223 389 382 421; x_wconf 87' lang='lat' dir='ltr'><strong>habemus</strong></span> <span class='ocrx_word' id='word_1_18' title='bbox 405 390 436 419; x_wconf 91' lang='lat' dir='ltr'><strong>in</strong></span> <span class='ocrx_word' id='word_1_19' title='bbox 461 389 610 419; x_wconf 86' lang='lat' dir='ltr'><strong>manibus</strong></span> <span class='ocrx_word' id='word_1_20' title='bbox 634 389 665 418; x_wconf 90' lang='lat' dir='ltr'><strong>in</strong></span> <span class='ocrx_word' id='word_1_21' title='bbox 690 387 920 427; x_wconf 71' lang='lat' dir='ltr'><strong>Philosophia,</strong></span> <span class='ocrx_word' id='word_1_22' title='bbox 956 388 987 417; x_wconf 89' lang='lat' dir='ltr'><strong>in</strong></span> <span class='ocrx_word' id='word_1_23' title='bbox 1017 385 1140 423; x_wconf 77' lang='lat' dir='ltr'><strong>Poetis,</strong></span> <span class='ocrx_word' id='word_1_24' title='bbox 1164 386 1196 416; x_wconf 89' lang='lat' dir='ltr'><strong>in</strong></span> 
     </span>
     <span class='ocr_line' id='line_1_5' title="bbox 223 429 1196 473; baseline -0.005 -9"><span class='ocrx_word' id='word_1_25' title='bbox 223 433 421 464; x_wconf 77' lang='lat' dir='ltr'>Oratoribus</span> <span class='ocrx_word' id='word_1_26' title='bbox 436 432 584 462; x_wconf 79' lang='lat' dir='ltr'><strong>Graecis.</strong></span> <span class='ocrx_word' id='word_1_27' title='bbox 631 430 703 473; x_wconf 81' lang='lat' dir='ltr'><strong>Ego</strong></span> <span class='ocrx_word' id='word_1_28' title='bbox 729 432 799 471; x_wconf 85' lang='lat' dir='ltr'><strong>ipsc</strong></span> <span class='ocrx_word' id='word_1_29' title='bbox 822 431 886 461; x_wconf 85' lang='lat' dir='ltr'><strong>vidi</strong></span> <span class='ocrx_word' id='word_1_30' title='bbox 911 429 1024 466; x_wconf 79' lang='lat' dir='ltr'><strong>libros,</strong></span> <span class='ocrx_word' id='word_1_31' title='bbox 1050 430 1103 470; x_wconf 89' lang='lat' dir='ltr'><strong>qui</strong></span> <span class='ocrx_word' id='word_1_32' title='bbox 1127 439 1196 459; x_wconf 87' lang='lat' dir='ltr'><strong>ser-</strong></span> 
     </span>
     <span class='ocr_line' id='line_1_6' title="bbox 224 470 1196 514; baseline -0.006 -7"><span class='ocrx_word' id='word_1_33' title='bbox 224 477 288 507; x_wconf 83' lang='lat' dir='ltr'><strong>vati</strong></span> <span class='ocrx_word' id='word_1_34' title='bbox 323 474 453 506; x_wconf 87' lang='lat' dir='ltr'><strong>fuerunt</strong></span> <span class='ocrx_word' id='word_1_35' title='bbox 488 473 783 514; x_wconf 71' lang='lat' dir='ltr'><strong>Constantinopoli.</strong></span> <span class='ocrx_word' id='word_1_36' title='bbox 851 472 926 503; x_wconf 89' lang='lat' dir='ltr'><strong>Vidi</strong></span> <span class='ocrx_word' id='word_1_37' title='bbox 956 470 1059 502; x_wconf 86' lang='lat' dir='ltr'><strong>libros</strong></span> <span class='ocrx_word' id='word_1_38' title='bbox 1085 471 1196 502; x_wconf 89' lang='lat' dir='ltr'><strong>lustini</strong></span> 
     </span>
     <span class='ocr_line' id='line_1_7' title="bbox 223 512 1197 560; baseline -0.005 -11"><span class='ocrx_word' id='word_1_39' title='bbox 223 518 390 560; x_wconf 71' lang='lat' dir='ltr'><strong>MartyriS,</strong></span> <span class='ocrx_word' id='word_1_40' title='bbox 416 523 446 548; x_wconf 90' lang='lat' dir='ltr'><strong>et</strong></span> <span class='ocrx_word' id='word_1_41' title='bbox 470 516 564 554; x_wconf 77' lang='lat' dir='ltr'><strong>alios,</strong></span> <span class='ocrx_word' id='word_1_42' title='bbox 587 518 641 558; x_wconf 89' lang='lat' dir='ltr'><strong>qui</strong></span> <span class='ocrx_word' id='word_1_43' title='bbox 664 515 794 547; x_wconf 85' lang='lat' dir='ltr'><strong>fuerunt</strong></span> <span class='ocrx_word' id='word_1_44' title='bbox 818 515 978 546; x_wconf 74' lang='lat' dir='ltr'><strong>asservati</strong></span> <span class='ocrx_word' id='word_1_45' title='bbox 1001 524 1042 544; x_wconf 82' lang='lat' dir='ltr'><strong>ex</strong></span> <span class='ocrx_word' id='word_1_46' title='bbox 1065 512 1120 544; x_wconf 89' lang='lat' dir='ltr'><strong>illa</strong></span> <span class='ocrx_word' id='word_1_47' title='bbox 1143 514 1197 544; x_wconf 90' lang='lat' dir='ltr'><strong>de·</strong></span> 
     </span>
     <span class='ocr_line' id='line_1_8' title="bbox 224 556 1196 600; baseline -0.004 -9"><span class='ocrx_word' id='word_1_48' title='bbox 224 562 420 592; x_wconf 79' lang='lat' dir='ltr'><strong>vastatione.</strong></span> <span class='ocrx_word' id='word_1_49' title='bbox 486 562 568 591; x_wconf 76' lang='lat' dir='ltr'><strong>Sunt</strong></span> <span class='ocrx_word' id='word_1_50' title='bbox 592 561 634 590; x_wconf 83' lang='lat' dir='ltr'><strong>ibi</strong></span> <span class='ocrx_word' id='word_1_51' title='bbox 659 558 757 600; x_wconf 87' lang='lat' dir='ltr'><strong>aliqui</strong></span> <span class='ocrx_word' id='word_1_52' title='bbox 778 558 953 589; x_wconf 67' lang='lat' dir='ltr'><strong>Christiani</strong></span> <span class='ocrx_word' id='word_1_53' title='bbox 976 556 1099 594; x_wconf 86' lang='lat' dir='ltr'><strong>adhuc,</strong></span> <span class='ocrx_word' id='word_1_54' title='bbox 1137 557 1196 587; x_wconf 85' lang='lat' dir='ltr'><strong>sed</strong></span> 
     </span>
     <span class='ocr_line' id='line_1_9' title="bbox 224 600 1195 642; baseline -0.005 -7"><span class='ocrx_word' id='word_1_55' title='bbox 224 610 330 635; x_wconf 75' lang='lat' dir='ltr'><strong>tamen</strong></span> <span class='ocrx_word' id='word_1_56' title='bbox 355 602 492 640; x_wconf 85' lang='lat' dir='ltr'><strong>latitant,</strong></span> <span class='ocrx_word' id='word_1_57' title='bbox 515 608 546 633; x_wconf 91' lang='lat' dir='ltr'><strong>et</strong></span> <span class='ocrx_word' id='word_1_58' title='bbox 570 612 636 633; x_wconf 88' lang='lat' dir='ltr'><strong>nou</strong></span> <span class='ocrx_word' id='word_1_59' title='bbox 659 601 777 633; x_wconf 77' lang='lat' dir='ltr'><strong>liabent</strong></span> <span class='ocrx_word' id='word_1_60' title='bbox 802 600 953 642; x_wconf 87' lang='lat' dir='ltr'><strong>publicos</strong></span> <span class='ocrx_word' id='word_1_61' title='bbox 984 609 1195 641; x_wconf 84' lang='lat' dir='ltr'><strong>congressus.</strong></span> 
     </span>
    </p>
   </div>
   <div class='ocr_carea' id='block_1_3' title="bbox 341 763 1088 819">
    <p class='ocr_par' dir='ltr' id='par_1_3' title="bbox 341 763 1088 819">
     <span class='ocr_line' id='line_1_10' title="bbox 341 763 1088 819; baseline -0.007 -10"><span class='ocrx_word' id='word_1_62' title='bbox 341 769 460 809; x_wconf 79' lang='lat' dir='ltr'><strong>&#39;Nunc</strong></span> <span class='ocrx_word' id='word_1_63' title='bbox 493 768 670 808; x_wconf 80' lang='lat' dir='ltr'><strong>dicemus</strong></span> <span class='ocrx_word' id='word_1_64' title='bbox 702 765 849 819; x_wconf 86' lang='lat' dir='ltr'><strong>aliquid</strong></span> <span class='ocrx_word' id='word_1_65' title='bbox 882 765 933 805; x_wconf 90' lang='lat' dir='ltr'><strong>de</strong></span> <span class='ocrx_word' id='word_1_66' title='bbox 966 763 1088 805; x_wconf 81' lang='lat' dir='ltr'><strong>festo:</strong></span> 
     </span>
    </p>
   </div>
   <div class='ocr_carea' id='block_1_4' title="bbox 222 856 1195 1155">
    <p class='ocr_par' dir='ltr' id='par_1_4' title="bbox 222 856 1195 1155">
     <span class='ocr_line' id='line_1_11' title="bbox 309 856 1195 890; baseline 0 -2"><span class='ocrx_word' id='word_1_67' title='bbox 309 860 408 890; x_wconf 80' lang='lat' dir='ltr'><strong>Scitis</strong></span> <span class='ocrx_word' id='word_1_68' title='bbox 442 859 526 890; x_wconf 79' lang='lat' dir='ltr'><strong>hanc</strong></span> <span class='ocrx_word' id='word_1_69' title='bbox 560 857 764 888; x_wconf 87' lang='lat' dir='ltr'><strong>Dominicam</strong></span> <span class='ocrx_word' id='word_1_70' title='bbox 799 856 958 887; x_wconf 88' lang='lat' dir='ltr'><strong>nominari</strong></span> <span class='ocrx_word' id='word_1_71' title='bbox 996 858 1195 888; x_wconf 65' lang='lat' dir='ltr'><strong>Dominio-am</strong></span> 
     </span>
     <span class='ocr_line' id='line_1_12' title="bbox 228 898 1195 937; baseline -0.005 -3"><span class='ocrx_word' id='word_1_72' title='bbox 228 905 401 934; x_wconf 72' lang='lat' dir='ltr'><strong>TrinilaHs.</strong></span> <span class='ocrx_word' id='word_1_73' title='bbox 468 902 562 932; x_wconf 83' lang='lat' dir='ltr'><strong>Bono</strong></span> <span class='ocrx_word' id='word_1_74' title='bbox 589 901 672 931; x_wconf 89' lang='lat' dir='ltr'><strong>enim</strong></span> <span class='ocrx_word' id='word_1_75' title='bbox 703 898 841 930; x_wconf 74' lang='lat' dir='ltr'><strong>consilio</strong></span> <span class='ocrx_word' id='word_1_76' title='bbox 870 905 918 930; x_wconf 86' lang='lat' dir='ltr'><strong>est</strong></span> <span class='ocrx_word' id='word_1_77' title='bbox 943 899 1135 937; x_wconf 89' lang='lat' dir='ltr'><strong>institutum,</strong></span> <span class='ocrx_word' id='word_1_78' title='bbox 1160 904 1195 930; x_wconf 93' lang='lat' dir='ltr'><strong>ut</strong></span> 
     </span>
     <span class='ocr_line' id='line_1_13' title="bbox 222 942 1193 976; baseline -0.003 0"><span class='ocrx_word' id='word_1_79' title='bbox 222 945 372 976; x_wconf 82' lang='lat' dir='ltr'><strong>homines</strong></span> <span class='ocrx_word' id='word_1_80' title='bbox 402 945 548 976; x_wconf 79' lang='lat' dir='ltr'><strong>audirent</strong></span> <span class='ocrx_word' id='word_1_81' title='bbox 580 953 783 974; x_wconf 86' lang='lat' dir='ltr'><strong>communem</strong></span> <span class='ocrx_word' id='word_1_82' title='bbox 813 942 994 973; x_wconf 81' lang='lat' dir='ltr'><strong>doctrinam</strong></span> <span class='ocrx_word' id='word_1_83' title='bbox 1025 942 1065 972; x_wconf 89' lang='lat' dir='ltr'><strong>de</strong></span> <span class='ocrx_word' id='word_1_84' title='bbox 1088 942 1193 973; x_wconf 88' lang='lat' dir='ltr'><strong>tribus</strong></span> 
     </span>
     <span class='ocr_line' id='line_1_14' title="bbox 222 983 1195 1029; baseline -0.004 -10"><span class='ocrx_word' id='word_1_85' title='bbox 222 989 385 1029; x_wconf 76' lang='lat' dir='ltr'><strong>personis,</strong></span> <span class='ocrx_word' id='word_1_86' title='bbox 410 998 494 1028; x_wconf 82' lang='lat' dir='ltr'><strong>quac</strong></span> <span class='ocrx_word' id='word_1_87' title='bbox 518 993 569 1017; x_wconf 80' lang='lat' dir='ltr'><strong>est</strong></span> <span class='ocrx_word' id='word_1_88' title='bbox 592 996 693 1026; x_wconf 80' lang='lat' dir='ltr'><strong>saepe</strong></span> <span class='ocrx_word' id='word_1_89' title='bbox 716 985 894 1026; x_wconf 81' lang='lat' dir='ltr'><strong>repetenda</strong></span> <span class='ocrx_word' id='word_1_90' title='bbox 917 985 949 1014; x_wconf 92' lang='lat' dir='ltr'><strong>in</strong></span> <span class='ocrx_word' id='word_1_91' title='bbox 973 983 1141 1022; x_wconf 77' lang='lat' dir='ltr'><strong>Ecclesia,</strong></span> <span class='ocrx_word' id='word_1_92' title='bbox 1163 991 1195 1016; x_wconf 86' lang='lat' dir='ltr'><strong>et</strong></span> 
     </span>
     <span class='ocr_line' id='line_1_15' title="bbox 222 1026 1195 1071; baseline -0.004 -9"><span class='ocrx_word' id='word_1_93' title='bbox 222 1031 376 1062; x_wconf 83' lang='lat' dir='ltr'><strong>intuenda</strong></span> <span class='ocrx_word' id='word_1_94' title='bbox 400 1031 430 1060; x_wconf 87' lang='lat' dir='ltr'><strong>in</strong></span> <span class='ocrx_word' id='word_1_95' title='bbox 455 1029 641 1071; x_wconf 77' lang='lat' dir='ltr'><strong>quotidiana</strong></span> <span class='ocrx_word' id='word_1_96' title='bbox 665 1029 883 1064; x_wconf 84' lang='lat' dir='ltr'><strong>invocatione,</strong></span> <span class='ocrx_word' id='word_1_97' title='bbox 908 1033 938 1058; x_wconf 90' lang='lat' dir='ltr'><strong>et</strong></span> <span class='ocrx_word' id='word_1_98' title='bbox 952 1026 1195 1067; x_wconf 81' lang='lat' dir='ltr'><strong>simplicissime</strong></span> 
     </span>
     <span class='ocr_line' id='line_1_16' title="bbox 222 1071 965 1104; baseline -0.004 0"><span class='ocrx_word' id='word_1_99' title='bbox 222 1080 254 1104; x_wconf 90' lang='lat' dir='ltr'><strong>et</strong></span> <span class='ocrx_word' id='word_1_100' title='bbox 276 1074 458 1104; x_wconf 66' lang='lat' dir='ltr'><strong>recti&lt;si111e</strong></span> <span class='ocrx_word' id='word_1_101' title='bbox 482 1073 577 1102; x_wconf 83' lang='lat' dir='ltr'><strong>debet</strong></span> <span class='ocrx_word' id='word_1_102' title='bbox 602 1081 678 1102; x_wconf 56' lang='lat' dir='ltr'><strong>esse</strong></span> <span class='ocrx_word' id='word_1_103' title='bbox 701 1077 780 1101; x_wconf 80' lang='lat' dir='ltr'><strong>nota.</strong></span> <span class='ocrx_word' id='word_1_104' title='bbox 804 1071 965 1102; x_wconf 85' lang='lat' dir='ltr'><strong>omuibus.</strong></span> 
     </span>
     <span class='ocr_line' id='line_1_17' title="bbox 222 1113 1194 1155; baseline -0.004 -7"><span class='ocrx_word' id='word_1_105' title='bbox 222 1123 285 1147; x_wconf 89' lang='lat' dir='ltr'><strong>tem</strong></span> <span class='ocrx_word' id='word_1_106' title='bbox 309 1117 426 1147; x_wconf 80' lang='lat' dir='ltr'><strong>auditis</strong></span> <span class='ocrx_word' id='word_1_107' title='bbox 451 1115 690 1155; x_wconf 73' lang='lat' dir='ltr'><strong>descriptiones</strong></span> <span class='ocrx_word' id='word_1_108' title='bbox 714 1113 831 1144; x_wconf 79' lang='lat' dir='ltr'><strong>harum</strong></span> <span class='ocrx_word' id='word_1_109' title='bbox 855 1124 983 1152; x_wconf 74' lang='lat' dir='ltr'><strong>vocum,</strong></span> <span class='ocrx_word' id='word_1_110' title='bbox 1003 1114 1078 1154; x_wconf 88' lang='lat' dir='ltr'><strong>quid</strong></span> <span class='ocrx_word' id='word_1_111' title='bbox 1093 1113 1194 1155; x_wconf 84' lang='lat' dir='ltr'><strong>signi-</strong></span> 
     </span>
    </p>
   </div>
   <div class='ocr_carea' id='block_1_5' title="bbox 221 1156 1221 1241">
    <p class='ocr_par' dir='ltr' id='par_1_5' title="bbox 221 1156 1221 1241">
     <span class='ocr_line' id='line_1_18' title="bbox 221 1156 1221 1202; baseline -0.004 -12"><span class='ocrx_word' id='word_1_112' title='bbox 221 1158 296 1190; x_wconf 84' lang='lat' dir='ltr'><strong>ficet</strong></span> <span class='ocrx_word' id='word_1_113' title='bbox 317 1159 474 1195; x_wconf 81' lang='lat' dir='ltr'><strong>Persona,</strong></span> <span class='ocrx_word' id='word_1_114' title='bbox 498 1157 673 1194; x_wconf 72' lang='grc' dir='ltr'><em>ὗπόστασις,</em></span> <span class='ocrx_word' id='word_1_115' title='bbox 696 1156 793 1195; x_wconf 79' lang='grc' dir='ltr'><em>ου’σία,</em></span> <span class='ocrx_word' id='word_1_116' title='bbox 817 1156 981 1197; x_wconf 88' lang='lat' dir='ltr'><strong>quomodo</strong></span> <span class='ocrx_word' id='word_1_117' title='bbox 1005 1157 1194 1187; x_wconf 82' lang='lat' dir='ltr'><strong>discernan-</strong></span> <span class='ocrx_word' id='word_1_118' title='bbox 1219 1170 1221 1202; x_wconf 59' lang='lat'><strong>¹,</strong></span> 
     </span>
     <span class='ocr_line' id='line_1_19' title="bbox 221 1198 1221 1241; baseline -0.003 -9"><span class='ocrx_word' id='word_1_119' title='bbox 221 1208 274 1233; x_wconf 85' lang='lat' dir='ltr'><strong>tur</strong></span> <span class='ocrx_word' id='word_1_120' title='bbox 292 1201 390 1232; x_wconf 83' lang='lat' dir='ltr'><strong>Patet·</strong></span> <span class='ocrx_word' id='word_1_121' title='bbox 424 1207 455 1232; x_wconf 87' lang='lat' dir='ltr'><strong>et</strong></span> <span class='ocrx_word' id='word_1_122' title='bbox 488 1200 601 1238; x_wconf 75' lang='lat' dir='ltr'><strong>Filius,</strong></span> <span class='ocrx_word' id='word_1_123' title='bbox 636 1209 738 1241; x_wconf 84' lang='lat' dir='ltr'><strong>quare</strong></span> <span class='ocrx_word' id='word_1_124' title='bbox 762 1198 862 1230; x_wconf 84' lang='lat' dir='ltr'><strong>Filius</strong></span> <span class='ocrx_word' id='word_1_125' title='bbox 887 1200 1072 1230; x_wconf 84' lang='lat' dir='ltr'><strong>nominetur</strong></span> <span class='ocrx_word' id='word_1_126' title='bbox 1097 1199 1193 1238; x_wconf 70' lang='grc' dir='ltr'><em>λόγος,</em></span> <span class='ocrx_word' id='word_1_127' title='bbox 1219 1205 1221 1223; x_wconf 64' lang='lat'><em>³</em></span> 
     </span>
    </p>
   </div>
   <div class='ocr_carea' id='block_1_6' title="bbox 221 1242 1194 1319">
    <p class='ocr_par' dir='ltr' id='par_1_6' title="bbox 221 1242 1194 1319">
     <span class='ocr_line' id='line_1_20' title="bbox 222 1242 1194 1286; baseline -0.002 -11"><span class='ocrx_word' id='word_1_128' title='bbox 222 1255 322 1286; x_wconf 88' lang='lat' dir='ltr'><strong>quare</strong></span> <span class='ocrx_word' id='word_1_129' title='bbox 354 1245 452 1282; x_wconf 76' lang='grc' dir='ltr'><em>εἴκων,</em></span> <span class='ocrx_word' id='word_1_130' title='bbox 488 1244 575 1275; x_wconf 89' lang='lat' dir='ltr'><strong>unde</strong></span> <span class='ocrx_word' id='word_1_131' title='bbox 609 1244 650 1274; x_wconf 84' lang='lat' dir='ltr'><strong>sit</strong></span> <span class='ocrx_word' id='word_1_132' title='bbox 685 1252 804 1273; x_wconf 91' lang='lat' dir='ltr'><strong>nomen</strong></span> <span class='ocrx_word' id='word_1_133' title='bbox 835 1242 988 1283; x_wconf 72' lang='lat' dir='ltr'><strong>Spiritus,</strong></span> <span class='ocrx_word' id='word_1_134' title='bbox 1021 1253 1120 1283; x_wconf 81' lang='lat' dir='ltr'><strong>quare</strong></span> <span class='ocrx_word' id='word_1_135' title='bbox 1147 1243 1194 1273; x_wconf 78' lang='lat' dir='ltr'><strong>sic</strong></span> 
     </span>
     <span class='ocr_line' id='line_1_21' title="bbox 221 1288 357 1319; baseline -0.015 0"><span class='ocrx_word' id='word_1_136' title='bbox 221 1288 357 1319; x_wconf 84' lang='lat' dir='ltr'><strong>dicatur.</strong></span> 
     </span>
    </p>
   </div>
   <div class='ocr_carea' id='block_1_7' title="bbox 284 1451 1151 1570">
    <p class='ocr_par' dir='ltr' id='par_1_7' title="bbox 284 1451 1151 1570">
     <span class='ocr_line' id='line_1_22' title="bbox 284 1451 1151 1507; baseline -0.003 -14"><span class='ocrx_word' id='word_1_137' title='bbox 284 1454 353 1494; x_wconf 76' lang='lat' dir='ltr'><strong>Ad</strong></span> <span class='ocrx_word' id='word_1_138' title='bbox 393 1468 512 1507; x_wconf 90' lang='lat' dir='ltr'><strong>quem</strong></span> <span class='ocrx_word' id='word_1_139' title='bbox 553 1452 675 1492; x_wconf 84' lang='lat' dir='ltr'><strong>finem</strong></span> <span class='ocrx_word' id='word_1_140' title='bbox 707 1451 918 1492; x_wconf 86' lang='lat' dir='ltr'><strong>referenda</strong></span> <span class='ocrx_word' id='word_1_141' title='bbox 959 1459 1020 1491; x_wconf 79' lang='lat' dir='ltr'><strong>est</strong></span> <span class='ocrx_word' id='word_1_142' title='bbox 1051 1452 1151 1491; x_wconf 83' lang='lat' dir='ltr'><strong>haec</strong></span> 
     </span>
     <span class='ocr_line' id='line_1_23' title="bbox 637 1529 843 1570; baseline -0.005 -1"><span class='ocrx_word' id='word_1_143' title='bbox 637 1529 843 1570; x_wconf 71' lang='lat' dir='ltr'><strong>doctrina?</strong></span> 
     </span>
    </p>
   </div>
   <div class='ocr_carea' id='block_1_8' title="bbox 221 1628 1200 2262">
    <p class='ocr_par' dir='ltr' id='par_1_8' title="bbox 221 1628 1200 2262">
     <span class='ocr_line' id='line_1_24' title="bbox 308 1628 1196 1671; baseline -0.003 -10"><span class='ocrx_word' id='word_1_144' title='bbox 308 1630 517 1670; x_wconf 82' lang='lat' dir='ltr'><strong>Respondeo.</strong></span> <span class='ocrx_word' id='word_1_145' title='bbox 575 1628 618 1660; x_wconf 87' lang='lat' dir='ltr'><strong>Ut</strong></span> <span class='ocrx_word' id='word_1_146' title='bbox 652 1630 757 1671; x_wconf 77' lang='lat' dir='ltr'><strong>possit</strong></span> <span class='ocrx_word' id='word_1_147' title='bbox 793 1629 863 1660; x_wconf 85' lang='lat' dir='ltr'><strong>fieri</strong></span> <span class='ocrx_word' id='word_1_148' title='bbox 897 1629 1074 1665; x_wconf 80' lang='lat' dir='ltr'><strong>invocatio,</strong></span> <span class='ocrx_word' id='word_1_149' title='bbox 1109 1629 1196 1659; x_wconf 88' lang='lat' dir='ltr'><strong>sicut</strong></span> 
     </span>
     <span class='ocr_line' id='line_1_25' title="bbox 222 1673 1197 1714; baseline -0.004 -9"><span class='ocrx_word' id='word_1_150' title='bbox 222 1679 329 1705; x_wconf 81' lang='lat' dir='ltr'><strong>textus</strong></span> <span class='ocrx_word' id='word_1_151' title='bbox 355 1674 477 1714; x_wconf 83' lang='lat' dir='ltr'><strong>inquit:</strong></span> <span class='ocrx_word' id='word_1_152' title='bbox 511 1675 579 1704; x_wconf 72' lang='lat' dir='ltr'><strong>Veri</strong></span> <span class='ocrx_word' id='word_1_153' title='bbox 600 1675 790 1704; x_wconf 73' lang='lat' dir='ltr'><strong>adoratores</strong></span> <span class='ocrx_word' id='word_1_154' title='bbox 812 1673 994 1703; x_wconf 73' lang='lat' dir='ltr'><strong>adorabunt</strong></span> <span class='ocrx_word' id='word_1_155' title='bbox 1013 1673 1141 1703; x_wconf 77' lang='lat' dir='ltr'><strong>Patrem</strong></span> <span class='ocrx_word' id='word_1_156' title='bbox 1164 1674 1197 1702; x_wconf 78' lang='lat' dir='ltr'><strong>in</strong></span> 
     </span>
     <span class='ocr_line' id='line_1_26' title="bbox 222 1715 1195 1757; baseline -0.004 -9"><span class='ocrx_word' id='word_1_157' title='bbox 222 1717 347 1757; x_wconf 75' lang='lat' dir='ltr'><strong>›Splritn</strong></span> <span class='ocrx_word' id='word_1_158' title='bbox 369 1721 402 1747; x_wconf 74' lang='lat' dir='ltr'><strong>et</strong></span> <span class='ocrx_word' id='word_1_159' title='bbox 421 1720 560 1747; x_wconf 70' lang='lat' dir='ltr'><strong>veritate.</strong></span> <span class='ocrx_word' id='word_1_160' title='bbox 607 1716 747 1756; x_wconf 83' lang='lat' dir='ltr'><strong>Oportet</strong></span> <span class='ocrx_word' id='word_1_161' title='bbox 782 1715 923 1745; x_wconf 79' lang='lat' dir='ltr'><strong>discerni</strong></span> <span class='ocrx_word' id='word_1_162' title='bbox 954 1715 1195 1745; x_wconf 69' lang='lat' dir='ltr'><strong>invocationem</strong></span> 
     </span>
     <span class='ocr_line' id='line_1_27' title="bbox 221 1757 1196 1797; baseline -0.003 -7"><span class='ocrx_word' id='word_1_163' title='bbox 221 1759 393 1790; x_wconf 74' lang='lat' dir='ltr'><strong>Ecclesiae</strong></span> <span class='ocrx_word' id='word_1_164' title='bbox 418 1758 610 1789; x_wconf 67' lang='lat' dir='ltr'><strong>ablitlmica</strong></span> <span class='ocrx_word' id='word_1_165' title='bbox 666 1758 714 1789; x_wconf 91' lang='lat' dir='ltr'><strong>Tu</strong></span> <span class='ocrx_word' id='word_1_166' title='bbox 738 1759 897 1797; x_wconf 73' lang='lat' dir='ltr'><strong>incipiens</strong></span> <span class='ocrx_word' id='word_1_167' title='bbox 923 1758 1116 1794; x_wconf 83' lang='lat' dir='ltr'><strong>orationem,</strong></span> <span class='ocrx_word' id='word_1_168' title='bbox 1142 1757 1196 1787; x_wconf 88' lang='lat' dir='ltr'><strong>de—</strong></span> 
     </span>
     <span class='ocr_line' id='line_1_28' title="bbox 222 1800 1196 1843; baseline -0.002 -11"><span class='ocrx_word' id='word_1_169' title='bbox 222 1803 281 1833; x_wconf 85' lang='lat' dir='ltr'><strong>bes</strong></span> <span class='ocrx_word' id='word_1_170' title='bbox 304 1804 462 1843; x_wconf 80' lang='lat' dir='ltr'><strong>cogitare,</strong></span> <span class='ocrx_word' id='word_1_171' title='bbox 485 1802 558 1843; x_wconf 87' lang='lat' dir='ltr'><strong>quid</strong></span> <span class='ocrx_word' id='word_1_172' title='bbox 584 1802 731 1839; x_wconf 75' lang='lat' dir='ltr'><strong>invoces,</strong></span> <span class='ocrx_word' id='word_1_173' title='bbox 756 1801 832 1842; x_wconf 92' lang='lat' dir='ltr'><strong>quid</strong></span> <span class='ocrx_word' id='word_1_174' title='bbox 856 1800 983 1831; x_wconf 87' lang='lat' dir='ltr'><strong>intersit</strong></span> <span class='ocrx_word' id='word_1_175' title='bbox 1006 1801 1090 1830; x_wconf 85' lang='lat' dir='ltr'><strong>inter</strong></span> <span class='ocrx_word' id='word_1_176' title='bbox 1108 1806 1196 1830; x_wconf 83' lang='lat' dir='ltr'><strong>tuam</strong></span> 
     </span>
     <span class='ocr_line' id='line_1_29' title="bbox 223 1842 1195 1881; baseline -0.004 -5"><span class='ocrx_word' id='word_1_177' title='bbox 223 1847 414 1881; x_wconf 73' lang='lat' dir='ltr'><strong>orationem,</strong></span> <span class='ocrx_word' id='word_1_178' title='bbox 451 1851 482 1875; x_wconf 85' lang='lat' dir='ltr'><strong>et</strong></span> <span class='ocrx_word' id='word_1_179' title='bbox 518 1845 709 1875; x_wconf 59' lang='lat' dir='ltr'><strong>litlinicam:</strong></span> <span class='ocrx_word' id='word_1_180' title='bbox 744 1854 786 1874; x_wconf 89' lang='lat' dir='ltr'><strong>an</strong></span> <span class='ocrx_word' id='word_1_181' title='bbox 822 1844 974 1874; x_wconf 82' lang='lat' dir='ltr'><strong>exaudiat</strong></span> <span class='ocrx_word' id='word_1_182' title='bbox 1018 1849 1050 1873; x_wconf 86' lang='lat' dir='ltr'><strong>te</strong></span> <span class='ocrx_word' id='word_1_183' title='bbox 1090 1842 1195 1873; x_wconf 87' lang='lat' dir='ltr'><strong>Deus.</strong></span> 
     </span>
     <span class='ocr_line' id='line_1_30' title="bbox 223 1886 1196 1929; baseline -0.003 -10"><span class='ocrx_word' id='word_1_184' title='bbox 223 1887 468 1929; x_wconf 71' lang='lat' dir='ltr'><strong>simplicissime</strong></span> <span class='ocrx_word' id='word_1_185' title='bbox 490 1886 608 1928; x_wconf 81' lang='lat' dir='ltr'><strong>loquor</strong></span> <span class='ocrx_word' id='word_1_186' title='bbox 621 1889 660 1918; x_wconf 89' lang='lat' dir='ltr'><strong>de</strong></span> <span class='ocrx_word' id='word_1_187' title='bbox 674 1886 725 1917; x_wconf 83' lang='lat' dir='ltr'><strong>his</strong></span> <span class='ocrx_word' id='word_1_188' title='bbox 739 1888 850 1923; x_wconf 77' lang='lat' dir='ltr'><strong>rebus,</strong></span> <span class='ocrx_word' id='word_1_189' title='bbox 875 1887 949 1927; x_wconf 87' lang='lat' dir='ltr'><strong>quia</strong></span> <span class='ocrx_word' id='word_1_190' title='bbox 970 1895 1083 1916; x_wconf 86' lang='lat' dir='ltr'><strong>omnes</strong></span> <span class='ocrx_word' id='word_1_191' title='bbox 1101 1895 1196 1926; x_wconf 87' lang='lat' dir='ltr'><strong>opor-</strong></span> 
     </span>
     <span class='ocr_line' id='line_1_31' title="bbox 223 1928 1196 1970; baseline -0.003 -8"><span class='ocrx_word' id='word_1_192' title='bbox 223 1937 268 1962; x_wconf 89' lang='lat' dir='ltr'><strong>tet</strong></span> <span class='ocrx_word' id='word_1_193' title='bbox 287 1932 372 1962; x_wconf 86' lang='lat' dir='ltr'><strong>scire</strong></span> <span class='ocrx_word' id='word_1_194' title='bbox 396 1930 480 1961; x_wconf 77' lang='lat' dir='ltr'><strong>liano</strong></span> <span class='ocrx_word' id='word_1_195' title='bbox 504 1931 693 1960; x_wconf 83' lang='lat' dir='ltr'><strong>doctrinam.</strong></span> <span class='ocrx_word' id='word_1_196' title='bbox 740 1928 902 1960; x_wconf 76' lang='lat' dir='ltr'><strong>Dominus</strong></span> <span class='ocrx_word' id='word_1_197' title='bbox 922 1929 1038 1970; x_wconf 84' lang='lat' dir='ltr'><strong>inquit:</strong></span> <span class='ocrx_word' id='word_1_198' title='bbox 1061 1930 1126 1960; x_wconf 81' lang='lat' dir='ltr'><strong>Nos</strong></span> <span class='ocrx_word' id='word_1_199' title='bbox 1149 1931 1196 1959; x_wconf 83' lang='lat' dir='ltr'><strong>in-</strong></span> 
     </span>
     <span class='ocr_line' id='line_1_32' title="bbox 222 1972 1196 2012; baseline -0.003 -7"><span class='ocrx_word' id='word_1_200' title='bbox 222 1983 378 2011; x_wconf 78' lang='lat' dir='ltr'><strong>vocamus,</strong></span> <span class='ocrx_word' id='word_1_201' title='bbox 412 1974 495 2012; x_wconf 76' lang='lat' dir='ltr'><strong>qnod</strong></span> <span class='ocrx_word' id='word_1_202' title='bbox 514 1977 643 2009; x_wconf 73' lang='lat' dir='ltr'><strong>scimus,</strong></span> <span class='ocrx_word' id='word_1_203' title='bbox 683 1972 740 2003; x_wconf 68' lang='lat' dir='ltr'><strong>Vos</strong></span> <span class='ocrx_word' id='word_1_204' title='bbox 762 1973 915 2011; x_wconf 77' lang='lat' dir='ltr'><strong>adoratis,</strong></span> <span class='ocrx_word' id='word_1_205' title='bbox 948 1973 1033 2011; x_wconf 72' lang='lat' dir='ltr'><strong>quod</strong></span> <span class='ocrx_word' id='word_1_206' title='bbox 1058 1974 1196 2002; x_wconf 44' lang='lat' dir='ltr'><strong>nesscz&#39;a&#39;s.</strong></span> 
     </span>
     <span class='ocr_line' id='line_1_33' title="bbox 224 2013 1197 2051; baseline -0.003 -4"><span class='ocrx_word' id='word_1_207' title='bbox 224 2016 400 2047; x_wconf 82' lang='lat' dir='ltr'><strong>Praeterea</strong></span> <span class='ocrx_word' id='word_1_208' title='bbox 417 2017 580 2046; x_wconf 70' lang='lat' dir='ltr'><strong>innovatio</strong></span> <span class='ocrx_word' id='word_1_209' title='bbox 605 2016 697 2045; x_wconf 82' lang='lat' dir='ltr'><strong>nobis</strong></span> <span class='ocrx_word' id='word_1_210' title='bbox 721 2021 769 2045; x_wconf 76' lang='lat' dir='ltr'><strong>cst</strong></span> <span class='ocrx_word' id='word_1_211' title='bbox 794 2025 919 2045; x_wconf 84' lang='lat' dir='ltr'><strong>summa</strong></span> <span class='ocrx_word' id='word_1_212' title='bbox 943 2013 1139 2051; x_wconf 83' lang='lat' dir='ltr'><strong>consolatio,</strong></span> <span class='ocrx_word' id='word_1_213' title='bbox 1162 2019 1197 2044; x_wconf 93' lang='lat' dir='ltr'><strong>ut</strong></span> 
     </span>
     <span class='ocr_line' id='line_1_34' title="bbox 224 2057 1196 2097; baseline -0.003 -7"><span class='ocrx_word' id='word_1_214' title='bbox 224 2057 381 2090; x_wconf 81' lang='lat' dir='ltr'><strong>Salomon</strong></span> <span class='ocrx_word' id='word_1_215' title='bbox 396 2059 490 2089; x_wconf 87' lang='lat' dir='ltr'><strong>dicit:</strong></span> <span class='ocrx_word' id='word_1_216' title='bbox 518 2060 544 2089; x_wconf 85' lang='lat' dir='ltr'><em>T</em></span> <span class='ocrx_word' id='word_1_217' title='bbox 542 2062 630 2089; x_wconf 67' lang='lat' dir='ltr'><strong>urstis</strong></span> <span class='ocrx_word' id='word_1_218' title='bbox 650 2061 829 2097; x_wconf 50' lang='lat' dir='ltr'><strong>&amp;russiam</strong></span> <span class='ocrx_word' id='word_1_219' title='bbox 853 2062 902 2088; x_wconf 76' lang='lat' dir='ltr'><strong>est</strong></span> <span class='ocrx_word' id='word_1_220' title='bbox 923 2067 1035 2089; x_wconf 82' lang='lat' dir='ltr'><strong>nomen</strong></span> <span class='ocrx_word' id='word_1_221' title='bbox 1055 2059 1196 2088; x_wconf 75' lang='lat' dir='ltr'><strong>Domini.-</strong></span> 
     </span>
     <span class='ocr_line' id='line_1_35' title="bbox 223 2098 1196 2140; baseline -0.002 -8"><span class='ocrx_word' id='word_1_222' title='bbox 223 2102 255 2132; x_wconf 89' lang='lat' dir='ltr'><strong>id</strong></span> <span class='ocrx_word' id='word_1_223' title='bbox 279 2107 339 2139; x_wconf 85' lang='lat' dir='ltr'><strong>est,</strong></span> <span class='ocrx_word' id='word_1_224' title='bbox 362 2102 537 2132; x_wconf 79' lang='lat' dir='ltr'><strong>invocatio.</strong></span> <span class='ocrx_word' id='word_1_225' title='bbox 571 2100 664 2136; x_wconf 82' lang='lat' dir='ltr'><strong>Quae</strong></span> <span class='ocrx_word' id='word_1_226' title='bbox 687 2106 795 2140; x_wconf 78' lang='lat' dir='ltr'><strong>potest</strong></span> <span class='ocrx_word' id='word_1_227' title='bbox 819 2110 895 2130; x_wconf 82' lang='lat' dir='ltr'><strong>esse</strong></span> <span class='ocrx_word' id='word_1_228' title='bbox 919 2101 1020 2130; x_wconf 90' lang='lat' dir='ltr'><strong>maior</strong></span> <span class='ocrx_word' id='word_1_229' title='bbox 1044 2098 1196 2131; x_wconf 79' lang='lat' dir='ltr'><strong>consola-</strong></span> 
     </span>
     <span class='ocr_line' id='line_1_36' title="bbox 225 2142 1196 2186; baseline -0.002 -11"><span class='ocrx_word' id='word_1_230' title='bbox 225 2145 281 2182; x_wconf 88' lang='lat' dir='ltr'><strong>tio,</strong></span> <span class='ocrx_word' id='word_1_231' title='bbox 305 2145 381 2186; x_wconf 89' lang='lat' dir='ltr'><strong>quid</strong></span> <span class='ocrx_word' id='word_1_232' title='bbox 407 2143 532 2175; x_wconf 75' lang='lat' dir='ltr'><strong>consilii</strong></span> <span class='ocrx_word' id='word_1_233' title='bbox 557 2144 588 2174; x_wconf 88' lang='lat' dir='ltr'><strong>in</strong></span> <span class='ocrx_word' id='word_1_234' title='bbox 611 2144 710 2174; x_wconf 83' lang='lat' dir='ltr'><strong>tantis</strong></span> <span class='ocrx_word' id='word_1_235' title='bbox 731 2142 1000 2173; x_wconf 73' lang='lat' dir='ltr'><strong>confusionibus?</strong></span> <span class='ocrx_word' id='word_1_236' title='bbox 1024 2143 1083 2173; x_wconf 81' lang='lat' dir='ltr'><strong>nisi</strong></span> <span class='ocrx_word' id='word_1_237' title='bbox 1109 2143 1196 2184; x_wconf 88' lang='lat' dir='ltr'><strong>quod</strong></span> 
     </span>
     <span class='ocr_line' id='line_1_37' title="bbox 226 2185 1200 2226; baseline -0.001 -8"><span class='ocrx_word' id='word_1_238' title='bbox 226 2187 348 2218; x_wconf 70' lang='lat' dir='ltr'><strong>Paulus</strong></span> <span class='ocrx_word' id='word_1_239' title='bbox 372 2187 464 2218; x_wconf 83' lang='lat' dir='ltr'><strong>dicit:</strong></span> <span class='ocrx_word' id='word_1_240' title='bbox 498 2189 560 2218; x_wconf 73' lang='lat' dir='ltr'><strong>Iste</strong></span> <span class='ocrx_word' id='word_1_241' title='bbox 578 2195 706 2226; x_wconf 78' lang='lat' dir='ltr'><strong>pauper</strong></span> <span class='ocrx_word' id='word_1_242' title='bbox 728 2188 874 2217; x_wconf 70' lang='lat' dir='ltr'><strong>cluniaci!</strong></span> <span class='ocrx_word' id='word_1_243' title='bbox 895 2187 939 2217; x_wconf 82' lang='lat' dir='ltr'><strong>ad</strong></span> <span class='ocrx_word' id='word_1_244' title='bbox 958 2185 1137 2224; x_wconf 79' lang='lat' dir='ltr'><strong>Dominum,</strong></span> <span class='ocrx_word' id='word_1_245' title='bbox 1167 2190 1200 2218; x_wconf 86' lang='lat' dir='ltr'><strong>et</strong></span> 
     </span>
     <span class='ocr_line' id='line_1_38' title="bbox 225 2230 664 2262; baseline -0.002 -1"><span class='ocrx_word' id='word_1_246' title='bbox 225 2231 379 2262; x_wconf 71' lang='lat' dir='ltr'><strong>Dominus</strong></span> <span class='ocrx_word' id='word_1_247' title='bbox 400 2230 564 2261; x_wconf 64' lang='lat' dir='ltr'><strong>exaudivit</strong></span> <span class='ocrx_word' id='word_1_248' title='bbox 583 2239 664 2260; x_wconf 85' lang='lat' dir='ltr'><strong>eum.</strong></span> 
     </span>
    </p>
   </div>
   <div class='ocr_carea' id='block_1_9' title="bbox 228 2394 1197 2444">
    <p class='ocr_par' dir='ltr' id='par_1_9' title="bbox 228 2394 1197 2444">
     <span class='ocr_line' id='line_1_39' title="bbox 228 2394 1197 2444; baseline -0.001 -9"><span class='ocrx_word' id='word_1_249' title='bbox 228 2394 341 2444; x_wconf 85' lang='lat' dir='ltr'><strong>Quae</strong></span> <span class='ocrx_word' id='word_1_250' title='bbox 374 2403 466 2436; x_wconf 72' lang='lat' dir='ltr'><strong>sunt</strong></span> <span class='ocrx_word' id='word_1_251' title='bbox 497 2395 743 2435; x_wconf 85' lang='lat' dir='ltr'><strong>differentiae</strong></span> <span class='ocrx_word' id='word_1_252' title='bbox 777 2395 879 2434; x_wconf 87' lang='lat' dir='ltr'><strong>inter</strong></span> <span class='ocrx_word' id='word_1_253' title='bbox 901 2394 1197 2434; x_wconf 82' lang='lat' dir='ltr'><strong>invocationem</strong></span> 
     </span>
    </p>
   </div>
   <div class='ocr_carea' id='block_1_10' title="bbox 443 2471 989 2512">
    <p class='ocr_par' dir='ltr' id='par_1_10' title="bbox 443 2471 989 2512">
     <span class='ocr_line' id='line_1_40' title="bbox 443 2471 989 2512; baseline 0 -2"><span class='ocrx_word' id='word_1_254' title='bbox 443 2472 639 2512; x_wconf 75' lang='lat' dir='ltr'><strong>Ecclesiae</strong></span> <span class='ocrx_word' id='word_1_255' title='bbox 672 2478 714 2511; x_wconf 80' lang='lat' dir='ltr'><strong>et</strong></span> <span class='ocrx_word' id='word_1_256' title='bbox 753 2471 989 2511; x_wconf 71' lang='lat' dir='ltr'><strong>Ethnicam‘?</strong></span> 
     </span>
    </p>
   </div>
   <div class='ocr_carea' id='block_1_11' title="bbox 228 2568 1201 2697">
    <p class='ocr_par' dir='ltr' id='par_1_11' title="bbox 228 2568 1201 2697">
     <span class='ocr_line' id='line_1_41' title="bbox 313 2568 1201 2608; baseline -0.002 -7"><span class='ocrx_word' id='word_1_257' title='bbox 313 2571 417 2602; x_wconf 81' lang='lat' dir='ltr'><strong>Duae.</strong></span> <span class='ocrx_word' id='word_1_258' title='bbox 442 2570 515 2602; x_wconf 85' lang='lat' dir='ltr'><strong>Una</strong></span> <span class='ocrx_word' id='word_1_259' title='bbox 538 2571 578 2602; x_wconf 89' lang='lat' dir='ltr'><strong>de</strong></span> <span class='ocrx_word' id='word_1_260' title='bbox 602 2571 757 2608; x_wconf 80' lang='lat' dir='ltr'><strong>essentia,</strong></span> <span class='ocrx_word' id='word_1_261' title='bbox 780 2577 811 2601; x_wconf 87' lang='lat' dir='ltr'><strong>et</strong></span> <span class='ocrx_word' id='word_1_262' title='bbox 834 2570 935 2601; x_wconf 84' lang='lat' dir='ltr'><strong>altera</strong></span> <span class='ocrx_word' id='word_1_263' title='bbox 960 2571 1000 2600; x_wconf 90' lang='lat' dir='ltr'><strong>de</strong></span> <span class='ocrx_word' id='word_1_264' title='bbox 1020 2568 1201 2600; x_wconf 83' lang='lat' dir='ltr'><strong>voluntate.</strong></span> 
     </span>
     <span class='ocr_line' id='line_1_42' title="bbox 228 2613 1200 2654; baseline -0.002 -9"><span class='ocrx_word' id='word_1_265' title='bbox 228 2613 354 2645; x_wconf 82' lang='lat' dir='ltr'><strong>Ethnici</strong></span> <span class='ocrx_word' id='word_1_266' title='bbox 379 2624 443 2643; x_wconf 84' lang='lat' dir='ltr'><strong>non</strong></span> <span class='ocrx_word' id='word_1_267' title='bbox 468 2615 621 2644; x_wconf 83' lang='lat' dir='ltr'><strong>invocant</strong></span> <span class='ocrx_word' id='word_1_268' title='bbox 646 2624 757 2644; x_wconf 84' lang='lat' dir='ltr'><strong>verum</strong></span> <span class='ocrx_word' id='word_1_269' title='bbox 783 2613 905 2649; x_wconf 83' lang='lat' dir='ltr'><strong>Deum,</strong></span> <span class='ocrx_word' id='word_1_270' title='bbox 937 2614 991 2654; x_wconf 88' lang='lat' dir='ltr'><strong>qui</strong></span> <span class='ocrx_word' id='word_1_271' title='bbox 1015 2623 1052 2643; x_wconf 86' lang='lat' dir='ltr'><strong>se</strong></span> <span class='ocrx_word' id='word_1_272' title='bbox 1075 2613 1124 2643; x_wconf 89' lang='lat' dir='ltr'><strong>sic</strong></span> <span class='ocrx_word' id='word_1_273' title='bbox 1148 2623 1200 2653; x_wconf 90' lang='lat' dir='ltr'><strong>pa-</strong></span> 
     </span>
     <span class='ocr_line' id='line_1_43' title="bbox 229 2655 1201 2697; baseline -0.003 -9"><span class='ocrx_word' id='word_1_274' title='bbox 229 2655 351 2691; x_wconf 76' lang='lat' dir='ltr'><strong>tefecit.</strong></span> <span class='ocrx_word' id='word_1_275' title='bbox 385 2657 472 2690; x_wconf 69' lang='lat' dir='ltr'><strong>duod</strong></span> <span class='ocrx_word' id='word_1_276' title='bbox 494 2657 535 2687; x_wconf 79' lang='lat' dir='ltr'><strong>sit</strong></span> <span class='ocrx_word' id='word_1_277' title='bbox 558 2657 655 2687; x_wconf 80' lang='lat' dir='ltr'><strong>Pater</strong></span> <span class='ocrx_word' id='word_1_278' title='bbox 678 2663 852 2693; x_wconf 77' lang='lat' dir='ltr'><strong>aeternus,</strong></span> <span class='ocrx_word' id='word_1_279' title='bbox 886 2656 939 2696; x_wconf 91' lang='lat' dir='ltr'><strong>qui</strong></span> <span class='ocrx_word' id='word_1_280' title='bbox 971 2655 1082 2697; x_wconf 87' lang='lat' dir='ltr'><strong>genuit</strong></span> <span class='ocrx_word' id='word_1_281' title='bbox 1107 2656 1201 2694; x_wconf 70' lang='grc' dir='ltr'><em>λόγον,</em></span> 
     </span>
    </p>
   </div>
   <div class='ocr_carea' id='block_1_12' title="bbox 857 203 1586 240">
    <p class='ocr_par' dir='ltr' id='par_1_12' title="bbox 857 203 1586 240">
     <span class='ocr_line' id='line_1_44' title="bbox 857 203 1586 240; baseline -0.005 0"><span class='ocrx_word' id='word_1_282' title='bbox 857 208 968 240; x_wconf 80' lang='lat' dir='ltr'><strong>PfflL.</strong></span> <span class='ocrx_word' id='word_1_283' title='bbox 991 206 1093 239; x_wconf 85' lang='lat' dir='ltr'><strong>MEL.</strong></span> <span class='ocrx_word' id='word_1_284' title='bbox 1117 205 1302 238; x_wconf 79' lang='lat' dir='ltr'>SCRIPTA</span> <span class='ocrx_word' id='word_1_285' title='bbox 1325 203 1586 236; x_wconf 80' lang='lat' dir='ltr'><strong>EXEGEthA.</strong></span> 
     </span>
    </p>
   </div>
   <div class='ocr_carea' id='block_1_13' title="bbox 1011 1071 1221 1110">
    <p class='ocr_par' dir='ltr' id='par_1_13' title="bbox 1011 1071 1221 1110">
     <span class='ocr_line' id='line_1_45' title="bbox 1011 1071 1221 1110; baseline 0.01 -9"><span class='ocrx_word' id='word_1_286' title='bbox 1011 1071 1119 1110; x_wconf 78' lang='lat' dir='ltr'><strong>Saepe</strong></span> <span class='ocrx_word' id='word_1_287' title='bbox 1138 1081 1194 1101; x_wconf 88' lang='lat' dir='ltr'><strong>au·</strong></span> <span class='ocrx_word' id='word_1_288' title='bbox 1219 1080 1221 1103; x_wconf 69' lang='grc' dir='ltr'><strong><em>ῖ</em></strong></span> 
     </span>
    </p>
   </div>
   <div class='ocr_carea' id='block_1_14' title="bbox 2185 203 2225 236">
    <p class='ocr_par' dir='ltr' id='par_1_14' title="bbox 2185 203 2225 236">
     <span class='ocr_line' id='line_1_46' title="bbox 2185 203 2225 236; baseline 0.025 -1"><span class='ocrx_word' id='word_1_289' title='bbox 2185 203 2225 236; x_wconf 78' lang='lat'><strong>16</strong></span> 
     </span>
    </p>
   </div>
   <div class='ocr_carea' id='block_1_15' title="bbox 1246 296 2225 725">
    <p class='ocr_par' dir='ltr' id='par_1_15' title="bbox 1246 296 2225 725">
     <span class='ocr_line' id='line_1_47' title="bbox 1249 296 2225 340; baseline 0.002 -11"><span class='ocrx_word' id='word_1_290' title='bbox 1249 304 1281 329; x_wconf 90' lang='lat' dir='ltr'><strong>et</strong></span> <span class='ocrx_word' id='word_1_291' title='bbox 1299 296 1412 336; x_wconf 76' lang='lat' dir='ltr'><strong>Filius,</strong></span> <span class='ocrx_word' id='word_1_292' title='bbox 1442 300 1495 339; x_wconf 87' lang='lat' dir='ltr'><strong>qui</strong></span> <span class='ocrx_word' id='word_1_293' title='bbox 1519 305 1570 330; x_wconf 89' lang='lat' dir='ltr'><strong>est</strong></span> <span class='ocrx_word' id='word_1_294' title='bbox 1592 298 1696 337; x_wconf 66' lang='lat' dir='ltr'><strong>idrag:</strong></span> <span class='ocrx_word' id='word_1_295' title='bbox 1729 304 1761 329; x_wconf 89' lang='lat' dir='ltr'><strong>et</strong></span> <span class='ocrx_word' id='word_1_296' title='bbox 1784 297 1925 339; x_wconf 80' lang='lat' dir='ltr'><strong>Spiritus</strong></span> <span class='ocrx_word' id='word_1_297' title='bbox 1949 304 2100 337; x_wconf 74' lang='lat' dir='ltr'><strong>sanetus,</strong></span> <span class='ocrx_word' id='word_1_298' title='bbox 2127 300 2182 340; x_wconf 88' lang='lat' dir='ltr'><strong>qui</strong></span> <span class='ocrx_word' id='word_1_299' title='bbox 2204 310 2225 331; x_wconf 72' lang='lat' dir='ltr'><strong>a</strong></span> 
     </span>
     <span class='ocr_line' id='line_1_48' title="bbox 1250 339 2223 383; baseline 0.002 -12"><span class='ocrx_word' id='word_1_300' title='bbox 1250 340 1347 372; x_wconf 73' lang='lat' dir='ltr'><strong>Patre</strong></span> <span class='ocrx_word' id='word_1_301' title='bbox 1369 346 1401 372; x_wconf 87' lang='lat' dir='ltr'><strong>et</strong></span> <span class='ocrx_word' id='word_1_302' title='bbox 1424 339 1506 372; x_wconf 91' lang='lat' dir='ltr'><strong>Filio</strong></span> <span class='ocrx_word' id='word_1_303' title='bbox 1530 342 1694 382; x_wconf 86' lang='lat' dir='ltr'><strong>procedit:</strong></span> <span class='ocrx_word' id='word_1_304' title='bbox 1713 346 1744 372; x_wconf 88' lang='lat' dir='ltr'><strong>et</strong></span> <span class='ocrx_word' id='word_1_305' title='bbox 1768 342 1856 383; x_wconf 85' lang='lat' dir='ltr'><strong>quod</strong></span> <span class='ocrx_word' id='word_1_306' title='bbox 1880 341 1967 381; x_wconf 64' lang='grc' dir='ltr'><em>λόγος</em></span> <span class='ocrx_word' id='word_1_307' title='bbox 1994 341 2036 372; x_wconf 91' lang='lat' dir='ltr'><strong>sit</strong></span> <span class='ocrx_word' id='word_1_308' title='bbox 2060 341 2223 381; x_wconf 70' lang='grc' dir='ltr'><em>ἐφιστάμε-</em></span> 
     </span>
     <span class='ocr_line' id='line_1_49' title="bbox 1247 383 2224 424; baseline 0.002 -10"><span class='ocrx_word' id='word_1_309' title='bbox 1247 396 1308 421; x_wconf 82' lang='grc' dir='ltr'><em>νον,</em></span> <span class='ocrx_word' id='word_1_310' title='bbox 1332 389 1365 415; x_wconf 88' lang='lat' dir='ltr'><strong>et</strong></span> <span class='ocrx_word' id='word_1_311' title='bbox 1387 385 1501 423; x_wconf 82' lang='grc' dir='ltr'><em>πνεῦμα</em></span> <span class='ocrx_word' id='word_1_312' title='bbox 1523 385 1566 415; x_wconf 88' lang='lat' dir='ltr'><strong>sit</strong></span> <span class='ocrx_word' id='word_1_313' title='bbox 1584 383 1796 424; x_wconf 73' lang='grc' dir='ltr'><em>ὑφιστάμενον,</em></span> <span class='ocrx_word' id='word_1_314' title='bbox 1825 394 1891 415; x_wconf 88' lang='lat' dir='ltr'><strong>non</strong></span> <span class='ocrx_word' id='word_1_315' title='bbox 1919 383 2134 416; x_wconf 87' lang='lat' dir='ltr'><strong>accidentalis</strong></span> <span class='ocrx_word' id='word_1_316' title='bbox 2158 395 2224 416; x_wconf 87' lang='lat' dir='ltr'><strong>mo-</strong></span> 
     </span>
     <span class='ocr_line' id='line_1_50' title="bbox 1248 425 2225 470; baseline 0.002 -13"><span class='ocrx_word' id='word_1_317' title='bbox 1248 433 1311 457; x_wconf 86' lang='lat' dir='ltr'><strong>tus.</strong></span> <span class='ocrx_word' id='word_1_318' title='bbox 1373 425 1425 458; x_wconf 92' lang='lat' dir='ltr'><strong>De</strong></span> <span class='ocrx_word' id='word_1_319' title='bbox 1448 426 1499 458; x_wconf 83' lang='lat' dir='ltr'><strong>his</strong></span> <span class='ocrx_word' id='word_1_320' title='bbox 1524 428 1623 458; x_wconf 83' lang='lat' dir='ltr'><strong>rebus</strong></span> <span class='ocrx_word' id='word_1_321' title='bbox 1653 427 1705 468; x_wconf 81' lang='lat' dir='ltr'><strong>pie</strong></span> <span class='ocrx_word' id='word_1_322' title='bbox 1733 432 1765 457; x_wconf 90' lang='lat' dir='ltr'><strong>et</strong></span> <span class='ocrx_word' id='word_1_323' title='bbox 1793 433 1984 458; x_wconf 86' lang='lat' dir='ltr'><strong>reverenter</strong></span> <span class='ocrx_word' id='word_1_324' title='bbox 2011 428 2225 470; x_wconf 84' lang='lat' dir='ltr'><strong>cogitandum</strong></span> 
     </span>
     <span class='ocr_line' id='line_1_51' title="bbox 1248 468 2224 511; baseline 0.001 -12"><span class='ocrx_word' id='word_1_325' title='bbox 1248 475 1316 500; x_wconf 88' lang='lat' dir='ltr'><strong>est:</strong></span> <span class='ocrx_word' id='word_1_326' title='bbox 1357 475 1388 500; x_wconf 88' lang='lat' dir='ltr'><strong>et</strong></span> <span class='ocrx_word' id='word_1_327' title='bbox 1421 470 1515 501; x_wconf 84' lang='lat' dir='ltr'><strong>scitis</strong></span> <span class='ocrx_word' id='word_1_328' title='bbox 1549 480 1611 500; x_wconf 84' lang='lat' dir='ltr'><strong>nos</strong></span> <span class='ocrx_word' id='word_1_329' title='bbox 1645 470 1676 500; x_wconf 88' lang='lat' dir='ltr'><strong>in</strong></span> <span class='ocrx_word' id='word_1_330' title='bbox 1709 468 1816 500; x_wconf 82' lang='lat' dir='ltr'><strong>forma</strong></span> <span class='ocrx_word' id='word_1_331' title='bbox 1849 470 1969 502; x_wconf 82' lang='lat' dir='ltr'><strong>usitata</strong></span> <span class='ocrx_word' id='word_1_332' title='bbox 2008 471 2224 511; x_wconf 72' lang='lat' dir='ltr'><strong>precationis«</strong></span> 
     </span>
     <span class='ocr_line' id='line_1_52' title="bbox 1249 512 2223 554; baseline 0.003 -13"><span class='ocrx_word' id='word_1_333' title='bbox 1249 512 1464 553; x_wconf 79' lang='lat' dir='ltr'><strong>Omnipotens</strong></span> <span class='ocrx_word' id='word_1_334' title='bbox 1488 518 1621 543; x_wconf 86' lang='lat' dir='ltr'><strong>aeterne</strong></span> <span class='ocrx_word' id='word_1_335' title='bbox 1645 512 1747 550; x_wconf 82' lang='lat' dir='ltr'><strong>Deus,</strong></span> <span class='ocrx_word' id='word_1_336' title='bbox 1770 518 1833 543; x_wconf 88' lang='lat' dir='ltr'><strong>etc.</strong></span> <span class='ocrx_word' id='word_1_337' title='bbox 1857 522 1989 553; x_wconf 84' lang='lat' dir='ltr'><strong>semper</strong></span> <span class='ocrx_word' id='word_1_338' title='bbox 2007 513 2223 554; x_wconf 85' lang='lat' dir='ltr'><strong>comprehen-</strong></span> 
     </span>
     <span class='ocr_line' id='line_1_53' title="bbox 1247 553 2224 597; baseline 0.002 -12"><span class='ocrx_word' id='word_1_339' title='bbox 1247 554 1326 586; x_wconf 90' lang='lat' dir='ltr'><strong>dere</strong></span> <span class='ocrx_word' id='word_1_340' title='bbox 1350 555 1525 586; x_wconf 75' lang='lat' dir='ltr'><strong>discrimen</strong></span> <span class='ocrx_word' id='word_1_341' title='bbox 1548 565 1781 596; x_wconf 85' lang='lat' dir='ltr'><strong>personarum:</strong></span> <span class='ocrx_word' id='word_1_342' title='bbox 1804 554 1884 586; x_wconf 90' lang='lat' dir='ltr'><strong>Eam</strong></span> <span class='ocrx_word' id='word_1_343' title='bbox 1901 553 2037 587; x_wconf 85' lang='lat' dir='ltr'><strong>sormam</strong></span> <span class='ocrx_word' id='word_1_344' title='bbox 2050 566 2151 597; x_wconf 79' lang='lat' dir='ltr'><strong>saepe</strong></span> <span class='ocrx_word' id='word_1_345' title='bbox 2175 567 2224 588; x_wconf 87' lang='lat' dir='ltr'><strong>re-</strong></span> 
     </span>
     <span class='ocr_line' id='line_1_54' title="bbox 1247 596 2224 640; baseline 0.002 -12"><span class='ocrx_word' id='word_1_346' title='bbox 1247 598 1400 638; x_wconf 77' lang='lat' dir='ltr'><strong>petimus,</strong></span> <span class='ocrx_word' id='word_1_347' title='bbox 1425 604 1459 629; x_wconf 89' lang='lat' dir='ltr'><strong>ut</strong></span> <span class='ocrx_word' id='word_1_348' title='bbox 1481 597 1712 629; x_wconf 82' lang='lat' dir='ltr'><strong>assuefaciatis</strong></span> <span class='ocrx_word' id='word_1_349' title='bbox 1737 607 1798 628; x_wconf 65' lang='lat' dir='ltr'><strong>vos</strong></span> <span class='ocrx_word' id='word_1_350' title='bbox 1816 598 1858 628; x_wconf 89' lang='lat' dir='ltr'><strong>ad</strong></span> <span class='ocrx_word' id='word_1_351' title='bbox 1871 596 1970 629; x_wconf 84' lang='lat' dir='ltr'><strong>talem</strong></span> <span class='ocrx_word' id='word_1_352' title='bbox 1993 598 2135 640; x_wconf 80' lang='lat' dir='ltr'><strong>aliquam</strong></span> <span class='ocrx_word' id='word_1_353' title='bbox 2158 597 2224 630; x_wconf 85' lang='lat' dir='ltr'><strong>sor-</strong></span> 
     </span>
     <span class='ocr_line' id='line_1_55' title="bbox 1246 640 2224 681; baseline 0.001 -10"><span class='ocrx_word' id='word_1_354' title='bbox 1246 651 1331 671; x_wconf 87' lang='lat' dir='ltr'><strong>mam</strong></span> <span class='ocrx_word' id='word_1_355' title='bbox 1354 641 1565 681; x_wconf 84' lang='lat' dir='ltr'><strong>precationis.</strong></span> <span class='ocrx_word' id='word_1_356' title='bbox 1634 641 1712 672; x_wconf 76' lang='lat' dir='ltr'><strong>Scio</strong></span> <span class='ocrx_word' id='word_1_357' title='bbox 1747 640 1891 672; x_wconf 68' lang='lat' dir='ltr'><strong>{uturum</strong></span> <span class='ocrx_word' id='word_1_358' title='bbox 1925 648 2000 681; x_wconf 86' lang='lat' dir='ltr'><strong>post</strong></span> <span class='ocrx_word' id='word_1_359' title='bbox 2029 652 2134 672; x_wconf 89' lang='lat' dir='ltr'><strong>annos</strong></span> <span class='ocrx_word' id='word_1_360' title='bbox 2158 652 2224 673; x_wconf 87' lang='lat' dir='ltr'><strong>non</strong></span> 
     </span>
     <span class='ocr_line' id='line_1_56' title="bbox 1247 682 2139 725; baseline 0.002 -11"><span class='ocrx_word' id='word_1_361' title='bbox 1247 682 1381 720; x_wconf 85' lang='lat' dir='ltr'><strong>multos,</strong></span> <span class='ocrx_word' id='word_1_362' title='bbox 1406 690 1440 715; x_wconf 90' lang='lat' dir='ltr'><strong>ut</strong></span> <span class='ocrx_word' id='word_1_363' title='bbox 1463 694 1528 714; x_wconf 90' lang='lat' dir='ltr'><strong>nou</strong></span> <span class='ocrx_word' id='word_1_364' title='bbox 1552 684 1717 724; x_wconf 86' lang='lat' dir='ltr'><strong>poeniteat</strong></span> <span class='ocrx_word' id='word_1_365' title='bbox 1742 693 1802 714; x_wconf 88' lang='lat' dir='ltr'><strong>vos</strong></span> <span class='ocrx_word' id='word_1_366' title='bbox 1825 684 1919 715; x_wconf 80' lang='lat' dir='ltr'><strong>istius</strong></span> <span class='ocrx_word' id='word_1_367' title='bbox 1943 682 2139 725; x_wconf 84' lang='lat' dir='ltr'><strong>diligentiae.</strong></span> 
     </span>
    </p>
   </div>
   <div class='ocr_carea' id='block_1_16' title="bbox 1246 873 2222 993">
    <p class='ocr_par' dir='ltr' id='par_1_16' title="bbox 1246 873 2222 993">
     <span class='ocr_line' id='line_1_57' title="bbox 1246 873 2222 931; baseline 0.003 -18"><span class='ocrx_word' id='word_1_368' title='bbox 1246 874 1322 914; x_wconf 89' lang='lat' dir='ltr'><strong>Dic</strong></span> <span class='ocrx_word' id='word_1_369' title='bbox 1354 873 1631 916; x_wconf 79' lang='lat' dir='ltr'><strong>definitionem</strong></span> <span class='ocrx_word' id='word_1_370' title='bbox 1663 889 1874 931; x_wconf 84' lang='lat' dir='ltr'><strong>personae:</strong></span> <span class='ocrx_word' id='word_1_371' title='bbox 1909 874 2018 926; x_wconf 78' lang='lat' dir='ltr'><strong>Quid</strong></span> <span class='ocrx_word' id='word_1_372' title='bbox 2040 876 2222 916; x_wconf 83' lang='lat' dir='ltr'><strong>nomina-</strong></span> 
     </span>
     <span class='ocr_line' id='line_1_58' title="bbox 1555 953 1920 993; baseline 0 -1"><span class='ocrx_word' id='word_1_373' title='bbox 1555 967 1644 993; x_wconf 86' lang='lat' dir='ltr'><strong>mus</strong></span> <span class='ocrx_word' id='word_1_374' title='bbox 1678 953 1920 992; x_wconf 82' lang='lat' dir='ltr'><strong>Personam?</strong></span> 
     </span>
    </p>
   </div>
   <div class='ocr_carea' id='block_1_17' title="bbox 1218 1015 1221 1061">
    <p class='ocr_par' dir='ltr' id='par_1_17' title="bbox 1218 1015 1221 1061">
     <span class='ocr_line' id='line_1_59' title="bbox 1218 1015 1221 1061; baseline 0 0"><span class='ocrx_word' id='word_1_375' title='bbox 1218 1015 1221 1061; x_wconf 64' lang='lat' dir='ltr'><strong>&#39;t</strong></span> 
     </span>
    </p>
   </div>
   <div class='ocr_carea' id='block_1_18' title="bbox 1219 1075 2244 2491">
    <p class='ocr_par' dir='ltr' id='par_1_18' title="bbox 1219 1075 2244 2491">
     <span class='ocr_line' id='line_1_60' title="bbox 1219 1075 2223 1117; baseline 0.004 -11"><span class='ocrx_word' id='word_1_376' title='bbox 1219 1106 1220 1115; x_wconf 23' lang='lat'>¹</span> <span class='ocrx_word' id='word_1_377' title='bbox 1331 1075 1543 1117; x_wconf 78' lang='lat' dir='ltr'><strong>Respondeo,</strong></span> <span class='ocrx_word' id='word_1_378' title='bbox 1612 1077 1772 1116; x_wconf 84' lang='lat' dir='ltr'><strong>Persona,</strong></span> <span class='ocrx_word' id='word_1_379' title='bbox 1806 1085 1855 1110; x_wconf 87' lang='lat' dir='ltr'><strong>est</strong></span> <span class='ocrx_word' id='word_1_380' title='bbox 1889 1079 2077 1110; x_wconf 84' lang='lat' dir='ltr'><strong>subsistens</strong></span> <span class='ocrx_word' id='word_1_381' title='bbox 2100 1080 2223 1116; x_wconf 85' lang='lat' dir='ltr'><strong>vivum,</strong></span> 
     </span>
     <span class='ocr_line' id='line_1_61' title="bbox 1219 1118 2223 1162; baseline 0.004 -13"><span class='ocrx_word' id='word_1_382' title='bbox 1219 1141 1221 1158; x_wconf 69' lang='grc'><strong>,</strong></span> <span class='ocrx_word' id='word_1_383' title='bbox 1246 1118 1462 1157; x_wconf 74' lang='lat' dir='ltr'><strong>individuum,</strong></span> <span class='ocrx_word' id='word_1_384' title='bbox 1484 1118 1687 1162; x_wconf 83' lang='lat' dir='ltr'><strong>intelligens,</strong></span> <span class='ocrx_word' id='word_1_385' title='bbox 1716 1120 2041 1155; x_wconf 86' lang='lat' dir='ltr'><strong>incommunicabile,</strong></span> <span class='ocrx_word' id='word_1_386' title='bbox 2076 1130 2142 1153; x_wconf 89' lang='lat' dir='ltr'><strong>non</strong></span> <span class='ocrx_word' id='word_1_387' title='bbox 2170 1132 2223 1153; x_wconf 85' lang='lat' dir='ltr'><strong>su-</strong></span> 
     </span>
     <span class='ocr_line' id='line_1_62' title="bbox 1219 1159 2224 1205; baseline 0.003 -13"><span class='ocrx_word' id='word_1_388' title='bbox 1219 1159 1221 1168; x_wconf 79' lang='lat'><em>&#39;</em></span> <span class='ocrx_word' id='word_1_389' title='bbox 1246 1167 1423 1193; x_wconf 88' lang='lat' dir='ltr'><strong>stentatum</strong></span> <span class='ocrx_word' id='word_1_390' title='bbox 1447 1163 1479 1192; x_wconf 93' lang='lat' dir='ltr'><strong>in</strong></span> <span class='ocrx_word' id='word_1_391' title='bbox 1502 1161 1579 1193; x_wconf 88' lang='lat' dir='ltr'><strong>alio.</strong></span> <span class='ocrx_word' id='word_1_392' title='bbox 1625 1164 1681 1194; x_wconf 90' lang='lat' dir='ltr'><strong>Sic</strong></span> <span class='ocrx_word' id='word_1_393' title='bbox 1704 1163 1868 1205; x_wconf 84' lang='lat' dir='ltr'><strong>loquimur</strong></span> <span class='ocrx_word' id='word_1_394' title='bbox 1890 1165 1922 1195; x_wconf 87' lang='lat' dir='ltr'><strong>in</strong></span> <span class='ocrx_word' id='word_1_395' title='bbox 1945 1163 2107 1196; x_wconf 84' lang='lat' dir='ltr'><strong>Ecclesia.</strong></span> <span class='ocrx_word' id='word_1_396' title='bbox 2153 1164 2224 1195; x_wconf 82' lang='lat' dir='ltr'><strong>Hoc</strong></span> 
     </span>
     <span class='ocr_line' id='line_1_63' title="bbox 1246 1203 2223 1246; baseline 0.004 -12"><span class='ocrx_word' id='word_1_397' title='bbox 1246 1211 1355 1235; x_wconf 89' lang='lat' dir='ltr'><strong>autem</strong></span> <span class='ocrx_word' id='word_1_398' title='bbox 1379 1203 1565 1242; x_wconf 90' lang='lat' dir='ltr'><strong>voluerunt,</strong></span> <span class='ocrx_word' id='word_1_399' title='bbox 1590 1207 1643 1246; x_wconf 89' lang='lat' dir='ltr'><strong>qui</strong></span> <span class='ocrx_word' id='word_1_400' title='bbox 1666 1207 1803 1246; x_wconf 87' lang='lat' dir='ltr'><strong>primum</strong></span> <span class='ocrx_word' id='word_1_401' title='bbox 1827 1207 1877 1237; x_wconf 79' lang='lat' dir='ltr'><strong>usi</strong></span> <span class='ocrx_word' id='word_1_402' title='bbox 1901 1214 1977 1238; x_wconf 84' lang='lat' dir='ltr'><strong>sunt</strong></span> <span class='ocrx_word' id='word_1_403' title='bbox 2000 1208 2065 1238; x_wconf 88' lang='lat' dir='ltr'><strong>isto</strong></span> <span class='ocrx_word' id='word_1_404' title='bbox 2079 1209 2223 1239; x_wconf 86' lang='lat' dir='ltr'><strong>vocabu-</strong></span> 
     </span>
     <span class='ocr_line' id='line_1_64' title="bbox 1247 1246 2244 1290; baseline 0.004 -13"><span class='ocrx_word' id='word_1_405' title='bbox 1247 1246 1292 1284; x_wconf 90' lang='lat' dir='ltr'><strong>lo,</strong></span> <span class='ocrx_word' id='word_1_406' title='bbox 1318 1247 1405 1288; x_wconf 85' lang='lat' dir='ltr'><strong>qood</strong></span> <span class='ocrx_word' id='word_1_407' title='bbox 1427 1248 1513 1287; x_wconf 71' lang='grc' dir='ltr'><em>λόγος</em></span> <span class='ocrx_word' id='word_1_408' title='bbox 1532 1258 1596 1279; x_wconf 87' lang='lat' dir='ltr'><strong>non</strong></span> <span class='ocrx_word' id='word_1_409' title='bbox 1621 1250 1661 1279; x_wconf 89' lang='lat' dir='ltr'><strong>sit</strong></span> <span class='ocrx_word' id='word_1_410' title='bbox 1682 1249 1839 1280; x_wconf 86' lang='lat' dir='ltr'><strong>accidens</strong></span> <span class='ocrx_word' id='word_1_411' title='bbox 1862 1250 2024 1290; x_wconf 80' lang='lat' dir='ltr'><strong>quiddam.</strong></span> <span class='ocrx_word' id='word_1_412' title='bbox 2069 1249 2142 1280; x_wconf 91' lang='lat' dir='ltr'><strong>Non</strong></span> <span class='ocrx_word' id='word_1_413' title='bbox 2173 1256 2244 1281; x_wconf 85' lang='lat' dir='ltr'><strong>est·</strong></span> 
     </span>
     <span class='ocr_line' id='line_1_65' title="bbox 1248 1297 2224 1333; baseline 0.004 -14"><span class='ocrx_word' id='word_1_414' title='bbox 1248 1300 1304 1320; x_wconf 88' lang='lat' dir='ltr'><strong>aer</strong></span> <span class='ocrx_word' id='word_1_415' title='bbox 1327 1300 1521 1330; x_wconf 71' lang='lat' dir='ltr'><strong>percussus.</strong></span> <span class='ocrx_word' id='word_1_416' title='bbox 1545 1297 1580 1322; x_wconf 92' lang='lat' dir='ltr'><strong>ut</strong></span> <span class='ocrx_word' id='word_1_417' title='bbox 1603 1299 1717 1322; x_wconf 83' lang='lat' dir='ltr'><strong>noster</strong></span> <span class='ocrx_word' id='word_1_418' title='bbox 1739 1302 1867 1329; x_wconf 83' lang='lat' dir='ltr'><strong>sermo,</strong></span> <span class='ocrx_word' id='word_1_419' title='bbox 1900 1302 2008 1333; x_wconf 87' lang='lat' dir='ltr'><strong>neque</strong></span> <span class='ocrx_word' id='word_1_420' title='bbox 2031 1297 2083 1323; x_wconf 81' lang='lat' dir='ltr'><strong>est</strong></span> <span class='ocrx_word' id='word_1_421' title='bbox 2106 1302 2224 1324; x_wconf 83' lang='lat' dir='ltr'><strong>evane-</strong></span> 
     </span>
     <span class='ocr_line' id='line_1_66' title="bbox 1247 1333 2224 1377; baseline 0.003 -14"><span class='ocrx_word' id='word_1_422' title='bbox 1247 1342 1346 1363; x_wconf 83' lang='lat' dir='ltr'><strong>scens</strong></span> <span class='ocrx_word' id='word_1_423' title='bbox 1369 1333 1493 1374; x_wconf 85' lang='lat' dir='ltr'><strong>imago:</strong></span> <span class='ocrx_word' id='word_1_424' title='bbox 1523 1333 1582 1372; x_wconf 90' lang='lat' dir='ltr'><strong>Ut,</strong></span> <span class='ocrx_word' id='word_1_425' title='bbox 1611 1335 1742 1375; x_wconf 83' lang='lat' dir='ltr'><strong>quando</strong></span> <span class='ocrx_word' id='word_1_426' title='bbox 1766 1341 1801 1365; x_wconf 90' lang='lat' dir='ltr'><strong>tu</strong></span> <span class='ocrx_word' id='word_1_427' title='bbox 1824 1333 1948 1365; x_wconf 83' lang='lat' dir='ltr'><strong>formas</strong></span> <span class='ocrx_word' id='word_1_428' title='bbox 1981 1336 2155 1377; x_wconf 82' lang='lat' dir='ltr'><strong>imaginem</strong></span> <span class='ocrx_word' id='word_1_429' title='bbox 2180 1336 2224 1366; x_wconf 89' lang='lat' dir='ltr'><strong>tui</strong></span> 
     </span>
     <span class='ocr_line' id='line_1_67' title="bbox 1247 1376 2221 1419; baseline 0.003 -14"><span class='ocrx_word' id='word_1_430' title='bbox 1247 1376 1364 1416; x_wconf 83' lang='lat' dir='ltr'><strong>patriS‚</strong></span> <span class='ocrx_word' id='word_1_431' title='bbox 1400 1376 1552 1417; x_wconf 83' lang='lat' dir='ltr'><strong>cogitans</strong></span> <span class='ocrx_word' id='word_1_432' title='bbox 1587 1377 1628 1408; x_wconf 90' lang='lat' dir='ltr'><strong>de</strong></span> <span class='ocrx_word' id='word_1_433' title='bbox 1662 1384 1717 1408; x_wconf 87' lang='lat' dir='ltr'><strong>tuo</strong></span> <span class='ocrx_word' id='word_1_434' title='bbox 1742 1384 1851 1418; x_wconf 88' lang='lat' dir='ltr'><strong>patre;</strong></span> <span class='ocrx_word' id='word_1_435' title='bbox 1885 1387 1924 1407; x_wconf 92' lang='lat' dir='ltr'><strong>ea</strong></span> <span class='ocrx_word' id='word_1_436' title='bbox 1947 1378 2055 1419; x_wconf 86' lang='lat' dir='ltr'><strong>imago</strong></span> <span class='ocrx_word' id='word_1_437' title='bbox 2079 1388 2145 1408; x_wconf 90' lang='lat' dir='ltr'><strong>non</strong></span> <span class='ocrx_word' id='word_1_438' title='bbox 2169 1384 2221 1409; x_wconf 89' lang='lat' dir='ltr'><strong>est</strong></span> 
     </span>
     <span class='ocr_line' id='line_1_68' title="bbox 1221 1418 2223 1460; baseline 0.003 -12"><span class='ocrx_word' id='word_1_439' title='bbox 1221 1443 1223 1448; x_wconf 87' lang='lat'><em>.</em></span> <span class='ocrx_word' id='word_1_440' title='bbox 1246 1418 1454 1459; x_wconf 77' lang='grc' dir='ltr'><em>ὑφιστάμενον,</em></span> <span class='ocrx_word' id='word_1_441' title='bbox 1488 1419 1549 1449; x_wconf 85' lang='lat' dir='ltr'><strong>sed</strong></span> <span class='ocrx_word' id='word_1_442' title='bbox 1572 1420 1741 1457; x_wconf 87' lang='lat' dir='ltr'><strong>accidens,</strong></span> <span class='ocrx_word' id='word_1_443' title='bbox 1775 1426 1807 1451; x_wconf 91' lang='lat' dir='ltr'><strong>et</strong></span> <span class='ocrx_word' id='word_1_444' title='bbox 1830 1420 1982 1460; x_wconf 78' lang='lat' dir='ltr'><strong>quiddam</strong></span> <span class='ocrx_word' id='word_1_445' title='bbox 2006 1430 2223 1451; x_wconf 80' lang='lat' dir='ltr'><strong>evanescens.</strong></span> 
     </span>
     <span class='ocr_line' id='line_1_69' title="bbox 1221 1461 2224 1504; baseline 0.003 -13"><span class='ocrx_word' id='word_1_446' title='bbox 1221 1483 1222 1491; x_wconf 40' lang='lat'>1</span> <span class='ocrx_word' id='word_1_447' title='bbox 1248 1461 1311 1493; x_wconf 88' lang='lat' dir='ltr'><strong>Sed</strong></span> <span class='ocrx_word' id='word_1_448' title='bbox 1335 1461 1434 1492; x_wconf 89' lang='lat' dir='ltr'><strong>Pater</strong></span> <span class='ocrx_word' id='word_1_449' title='bbox 1456 1468 1611 1493; x_wconf 80' lang='lat' dir='ltr'><strong>aeternus</strong></span> <span class='ocrx_word' id='word_1_450' title='bbox 1634 1473 1711 1493; x_wconf 77' lang='lat' dir='ltr'><strong>sese</strong></span> <span class='ocrx_word' id='word_1_451' title='bbox 1734 1464 1876 1500; x_wconf 74' lang='lat' dir='ltr'><strong>intuens,</strong></span> <span class='ocrx_word' id='word_1_452' title='bbox 1903 1463 2009 1504; x_wconf 71' lang='lat' dir='ltr'><strong>gignit</strong></span> <span class='ocrx_word' id='word_1_453' title='bbox 2039 1463 2224 1504; x_wconf 84' lang='lat' dir='ltr'><strong>imaginem,</strong></span> 
     </span>
     <span class='ocr_line' id='line_1_70' title="bbox 1221 1504 2225 1547; baseline 0.003 -13"><span class='ocrx_word' id='word_1_454' title='bbox 1221 1519 1223 1524; x_wconf 46' lang='grc' dir='ltr'><em>ν</em></span> <span class='ocrx_word' id='word_1_455' title='bbox 1248 1515 1334 1545; x_wconf 67' lang='lat' dir='ltr'><strong>quae</strong></span> <span class='ocrx_word' id='word_1_456' title='bbox 1357 1511 1407 1535; x_wconf 77' lang='lat' dir='ltr'><strong>cst</strong></span> <span class='ocrx_word' id='word_1_457' title='bbox 1431 1505 1517 1544; x_wconf 70' lang='grc' dir='ltr'><em>λόγος</em></span> <span class='ocrx_word' id='word_1_458' title='bbox 1539 1516 1604 1535; x_wconf 88' lang='lat' dir='ltr'><strong>non</strong></span> <span class='ocrx_word' id='word_1_459' title='bbox 1629 1515 1853 1543; x_wconf 83' lang='lat' dir='ltr'><strong>evanescenS,</strong></span> <span class='ocrx_word' id='word_1_460' title='bbox 1885 1516 1943 1546; x_wconf 84' lang='lat' dir='ltr'><strong>per</strong></span> <span class='ocrx_word' id='word_1_461' title='bbox 1965 1516 2062 1547; x_wconf 87' lang='lat' dir='ltr'><strong>quam</strong></span> <span class='ocrx_word' id='word_1_462' title='bbox 2084 1504 2225 1547; x_wconf 87' lang='lat' dir='ltr'><strong>loquens</strong></span> 
     </span>
     <span class='ocr_line' id='line_1_71' title="bbox 1222 1548 2224 1589; baseline 0.003 -12"><span class='ocrx_word' id='word_1_463' title='bbox 1222 1558 1223 1583; x_wconf 66' lang='lat'><em>3</em></span> <span class='ocrx_word' id='word_1_464' title='bbox 1249 1548 1394 1578; x_wconf 86' lang='lat' dir='ltr'><strong>condidit</strong></span> <span class='ocrx_word' id='word_1_465' title='bbox 1416 1557 1530 1578; x_wconf 88' lang='lat' dir='ltr'><strong>omnes</strong></span> <span class='ocrx_word' id='word_1_466' title='bbox 1555 1554 1736 1583; x_wconf 80' lang='lat' dir='ltr'><strong>creaturas,</strong></span> <span class='ocrx_word' id='word_1_467' title='bbox 1761 1559 1845 1589; x_wconf 89' lang='lat' dir='ltr'><strong>quae</strong></span> <span class='ocrx_word' id='word_1_468' title='bbox 1868 1554 1944 1579; x_wconf 82' lang='lat' dir='ltr'><strong>sunt</strong></span> <span class='ocrx_word' id='word_1_469' title='bbox 1968 1550 1998 1579; x_wconf 92' lang='lat' dir='ltr'><strong>in</strong></span> <span class='ocrx_word' id='word_1_470' title='bbox 2023 1554 2092 1580; x_wconf 82' lang='lat' dir='ltr'><strong>tota</strong></span> <span class='ocrx_word' id='word_1_471' title='bbox 2115 1559 2224 1580; x_wconf 85' lang='lat' dir='ltr'><strong>rerum</strong></span> 
     </span>
     <span class='ocr_line' id='line_1_72' title="bbox 1222 1590 2222 1632; baseline 0.002 -11"><span class='ocrx_word' id='word_1_472' title='bbox 1222 1595 1223 1600; x_wconf 62' lang='lat'>¹</span> <span class='ocrx_word' id='word_1_473' title='bbox 1248 1597 1374 1621; x_wconf 24' lang='lat' dir='ltr'><strong>naturai</strong></span> <span class='ocrx_word' id='word_1_474' title='bbox 1421 1590 1512 1622; x_wconf 87' lang='lat' dir='ltr'><strong>Sicut</strong></span> <span class='ocrx_word' id='word_1_475' title='bbox 1536 1591 1665 1621; x_wconf 82' lang='lat' dir='ltr'><strong>dicitur:</strong></span> <span class='ocrx_word' id='word_1_476' title='bbox 1689 1592 1802 1623; x_wconf 79' lang='lat' dir='ltr'><strong>Onme&#39;a</strong></span> <span class='ocrx_word' id='word_1_477' title='bbox 1822 1602 1884 1632; x_wconf 85' lang='lat' dir='ltr'><strong>per</strong></span> <span class='ocrx_word' id='word_1_478' title='bbox 1905 1592 2006 1631; x_wconf 75' lang='lat' dir='ltr'><strong>ipsum</strong></span> <span class='ocrx_word' id='word_1_479' title='bbox 2026 1595 2120 1632; x_wconf 75' lang='lat' dir='ltr'><strong>facta</strong></span> <span class='ocrx_word' id='word_1_480' title='bbox 2141 1597 2222 1623; x_wconf 80' lang='lat' dir='ltr'><strong>sunt.</strong></span> 
     </span>
     <span class='ocr_line' id='line_1_73' title="bbox 1334 1633 2223 1674; baseline 0.003 -11"><span class='ocrx_word' id='word_1_481' title='bbox 1334 1633 1432 1668; x_wconf 79' lang='lat' dir='ltr'><strong>Quod</strong></span> <span class='ocrx_word' id='word_1_482' title='bbox 1455 1633 1563 1664; x_wconf 86' lang='lat' dir='ltr'><strong>Latini</strong></span> <span class='ocrx_word' id='word_1_483' title='bbox 1587 1644 1761 1674; x_wconf 83' lang='lat' dir='ltr'><strong>personam</strong></span> <span class='ocrx_word' id='word_1_484' title='bbox 1781 1641 1813 1665; x_wconf 81' lang='lat' dir='ltr'><strong>et</strong></span> <span class='ocrx_word' id='word_1_485' title='bbox 1826 1635 2026 1671; x_wconf 81' lang='lat' dir='ltr'><strong>subsistens,</strong></span> <span class='ocrx_word' id='word_1_486' title='bbox 2048 1635 2079 1665; x_wconf 92' lang='lat' dir='ltr'><strong>id</strong></span> <span class='ocrx_word' id='word_1_487' title='bbox 2104 1634 2223 1666; x_wconf 79' lang='lat' dir='ltr'><strong>Graeci</strong></span> 
     </span>
     <span class='ocr_line' id='line_1_74' title="bbox 1247 1673 2226 1719; baseline 0.002 -13"><span class='ocrx_word' id='word_1_488' title='bbox 1247 1673 1413 1707; x_wconf 69' lang='grc' dir='ltr'><em>ὑπόστασιν</em></span> <span class='ocrx_word' id='word_1_489' title='bbox 1432 1683 1463 1707; x_wconf 91' lang='lat' dir='ltr'><strong>et</strong></span> <span class='ocrx_word' id='word_1_490' title='bbox 1485 1675 1683 1717; x_wconf 74' lang='grc' dir='ltr'><em>ὑφιστάμενον</em></span> <span class='ocrx_word' id='word_1_491' title='bbox 1707 1678 1868 1708; x_wconf 73' lang='lat' dir='ltr'><strong>dixerunt.</strong></span> <span class='ocrx_word' id='word_1_492' title='bbox 1900 1677 1969 1708; x_wconf 87' lang='lat' dir='ltr'><strong>Sed</strong></span> <span class='ocrx_word' id='word_1_493' title='bbox 1992 1684 2088 1708; x_wconf 83' lang='lat' dir='ltr'><strong>vetus</strong></span> <span class='ocrx_word' id='word_1_494' title='bbox 2111 1676 2226 1719; x_wconf 83' lang='lat' dir='ltr'><strong>lingua</strong></span> 
     </span>
     <span class='ocr_line' id='line_1_75' title="bbox 1247 1718 2225 1761; baseline 0.001 -12"><span class='ocrx_word' id='word_1_495' title='bbox 1247 1718 1364 1750; x_wconf 85' lang='lat' dir='ltr'><strong>Latina</strong></span> <span class='ocrx_word' id='word_1_496' title='bbox 1386 1718 1483 1750; x_wconf 87' lang='lat' dir='ltr'><strong>aliter</strong></span> <span class='ocrx_word' id='word_1_497' title='bbox 1506 1730 1637 1761; x_wconf 86' lang='lat' dir='ltr'><strong>quoque</strong></span> <span class='ocrx_word' id='word_1_498' title='bbox 1661 1726 1798 1759; x_wconf 71' lang='lat' dir='ltr'><strong>usurpat</strong></span> <span class='ocrx_word' id='word_1_499' title='bbox 1821 1718 2019 1751; x_wconf 79' lang='lat' dir='ltr'><strong>vocabulum</strong></span> <span class='ocrx_word' id='word_1_500' title='bbox 2049 1730 2225 1760; x_wconf 87' lang='lat' dir='ltr'><strong>personae,</strong></span> 
     </span>
     <span class='ocr_line' id='line_1_76' title="bbox 1247 1762 2226 1803; baseline 0.002 -11"><span class='ocrx_word' id='word_1_501' title='bbox 1247 1772 1306 1803; x_wconf 88' lang='lat' dir='ltr'><strong>pro</strong></span> <span class='ocrx_word' id='word_1_502' title='bbox 1331 1772 1370 1792; x_wconf 90' lang='lat' dir='ltr'><strong>eo</strong></span> <span class='ocrx_word' id='word_1_503' title='bbox 1394 1763 1481 1803; x_wconf 90' lang='lat' dir='ltr'><strong>quod</strong></span> <span class='ocrx_word' id='word_1_504' title='bbox 1504 1772 1567 1792; x_wconf 77' lang='lat' dir='ltr'><strong>nos</strong></span> <span class='ocrx_word' id='word_1_505' title='bbox 1582 1762 1736 1793; x_wconf 79' lang='lat' dir='ltr'><strong>Germani</strong></span> <span class='ocrx_word' id='word_1_506' title='bbox 1756 1763 1905 1800; x_wconf 70' lang='lat' dir='ltr'><strong>dicimus,</strong></span> <span class='ocrx_word' id='word_1_507' title='bbox 1929 1765 1980 1794; x_wconf 79' lang='lat' dir='ltr'><strong>ein</strong></span> <span class='ocrx_word' id='word_1_508' title='bbox 2003 1764 2102 1799; x_wconf 67' lang='lat' dir='ltr'><strong>larse,</strong></span> <span class='ocrx_word' id='word_1_509' title='bbox 2125 1773 2143 1793; x_wconf 86' lang='lat' dir='ltr'><strong>a</strong></span> <span class='ocrx_word' id='word_1_510' title='bbox 2163 1772 2226 1803; x_wconf 84' lang='lat' dir='ltr'><strong>per</strong></span> 
     </span>
     <span class='ocr_line' id='line_1_77' title="bbox 1248 1803 2225 1846; baseline 0 -11"><span class='ocrx_word' id='word_1_511' title='bbox 1248 1811 1279 1835; x_wconf 89' lang='lat' dir='ltr'><strong>et</strong></span> <span class='ocrx_word' id='word_1_512' title='bbox 1303 1815 1389 1844; x_wconf 84' lang='lat' dir='ltr'><strong>sono,</strong></span> <span class='ocrx_word' id='word_1_513' title='bbox 1414 1806 1645 1845; x_wconf 83' lang='lat' dir='ltr'><strong>compositum:</strong></span> <span class='ocrx_word' id='word_1_514' title='bbox 1669 1807 1743 1846; x_wconf 84' lang='lat' dir='ltr'><strong>quia</strong></span> <span class='ocrx_word' id='word_1_515' title='bbox 1765 1815 1908 1845; x_wconf 84' lang='lat' dir='ltr'><strong>peream</strong></span> <span class='ocrx_word' id='word_1_516' title='bbox 1927 1815 2052 1835; x_wconf 86' lang='lat' dir='ltr'><strong>sonans</strong></span> <span class='ocrx_word' id='word_1_517' title='bbox 2070 1803 2225 1846; x_wconf 79' lang='lat' dir='ltr'><strong>loquitur,</strong></span> 
     </span>
     <span class='ocr_line' id='line_1_78' title="bbox 1247 1848 2224 1889; baseline 0 -11"><span class='ocrx_word' id='word_1_518' title='bbox 1247 1855 1366 1889; x_wconf 88' lang='lat' dir='ltr'><strong>postea</strong></span> <span class='ocrx_word' id='word_1_519' title='bbox 1389 1854 1580 1889; x_wconf 83' lang='lat' dir='ltr'><strong>usurpatum</strong></span> <span class='ocrx_word' id='word_1_520' title='bbox 1605 1854 1655 1878; x_wconf 83' lang='lat' dir='ltr'><strong>est</strong></span> <span class='ocrx_word' id='word_1_521' title='bbox 1680 1849 1720 1878; x_wconf 89' lang='lat' dir='ltr'><strong>de</strong></span> <span class='ocrx_word' id='word_1_522' title='bbox 1733 1848 2054 1888; x_wconf 81' lang='lat' dir='ltr'><strong>repraesentatione,</strong></span> <span class='ocrx_word' id='word_1_523' title='bbox 2078 1857 2224 1887; x_wconf 84' lang='lat' dir='ltr'><strong>persona</strong></span> 
     </span>
     <span class='ocr_line' id='line_1_79' title="bbox 1247 1889 2224 1932; baseline -0.002 -10"><span class='ocrx_word' id='word_1_524' title='bbox 1247 1897 1299 1922; x_wconf 79' lang='lat' dir='ltr'><strong>est</strong></span> <span class='ocrx_word' id='word_1_525' title='bbox 1332 1891 1486 1932; x_wconf 82' lang='lat' dir='ltr'><strong>quiddam</strong></span> <span class='ocrx_word' id='word_1_526' title='bbox 1519 1897 1774 1931; x_wconf 78' lang='lat' dir='ltr'><strong>repraesentans</strong></span> <span class='ocrx_word' id='word_1_527' title='bbox 1809 1889 1962 1921; x_wconf 86' lang='lat' dir='ltr'><strong>alterum:</strong></span> <span class='ocrx_word' id='word_1_528' title='bbox 1997 1896 2047 1927; x_wconf 90' lang='lat' dir='ltr'><strong>ut,</strong></span> <span class='ocrx_word' id='word_1_529' title='bbox 2081 1889 2224 1921; x_wconf 83' lang='lat' dir='ltr'><strong>Roscius</strong></span> 
     </span>
     <span class='ocr_line' id='line_1_80' title="bbox 1247 1931 2225 1975; baseline 0 -12"><span class='ocrx_word' id='word_1_530' title='bbox 1247 1934 1385 1965; x_wconf 86' lang='lat' dir='ltr'><strong>sustinet</strong></span> <span class='ocrx_word' id='word_1_531' title='bbox 1410 1944 1587 1974; x_wconf 82' lang='lat' dir='ltr'><strong>personam</strong></span> <span class='ocrx_word' id='word_1_532' title='bbox 1611 1934 1887 1975; x_wconf 82' lang='lat' dir='ltr'><strong>Agamemnonis:</strong></span> <span class='ocrx_word' id='word_1_533' title='bbox 1923 1933 1964 1963; x_wconf 90' lang='lat' dir='ltr'><strong>ibi</strong></span> <span class='ocrx_word' id='word_1_534' title='bbox 1999 1939 2049 1963; x_wconf 85' lang='lat' dir='ltr'><strong>est</strong></span> <span class='ocrx_word' id='word_1_535' title='bbox 2073 1932 2104 1962; x_wconf 86' lang='lat' dir='ltr'><strong>in</strong></span> <span class='ocrx_word' id='word_1_536' title='bbox 2130 1931 2225 1964; x_wconf 83' lang='lat' dir='ltr'><strong>Rela-</strong></span> 
     </span>
     <span class='ocr_line' id='line_1_81' title="bbox 1249 1975 2224 2017; baseline 0 -10"><span class='ocrx_word' id='word_1_537' title='bbox 1249 1977 1351 2007; x_wconf 89' lang='lat' dir='ltr'><strong>tione:</strong></span> <span class='ocrx_word' id='word_1_538' title='bbox 1383 1977 1413 2007; x_wconf 90' lang='lat' dir='ltr'><strong>id</strong></span> <span class='ocrx_word' id='word_1_539' title='bbox 1448 1984 1510 2014; x_wconf 83' lang='lat' dir='ltr'><strong>est,</strong></span> <span class='ocrx_word' id='word_1_540' title='bbox 1544 1977 1710 2017; x_wconf 79' lang='lat' dir='ltr'><strong>signiiicat</strong></span> <span class='ocrx_word' id='word_1_541' title='bbox 1745 1982 1859 2017; x_wconf 79' lang='lat' dir='ltr'><strong>gestus</strong></span> <span class='ocrx_word' id='word_1_542' title='bbox 1894 1981 1924 2005; x_wconf 85' lang='lat' dir='ltr'><strong>et</strong></span> <span class='ocrx_word' id='word_1_543' title='bbox 1960 1975 2104 2005; x_wconf 78' lang='lat' dir='ltr'><strong>li&#39;tbitum</strong></span> <span class='ocrx_word' id='word_1_544' title='bbox 2135 1976 2224 2017; x_wconf 76' lang='lat' dir='ltr'><strong>Aga-</strong></span> 
     </span>
     <span class='ocr_line' id='line_1_82' title="bbox 1248 2017 2224 2056; baseline -0.001 -6"><span class='ocrx_word' id='word_1_545' title='bbox 1248 2020 1442 2050; x_wconf 83' lang='lat' dir='ltr'><strong>memnonis,</strong></span> <span class='ocrx_word' id='word_1_546' title='bbox 1510 2019 1675 2050; x_wconf 84' lang='lat' dir='ltr'><strong>Interdum</strong></span> <span class='ocrx_word' id='word_1_547' title='bbox 1699 2019 1795 2049; x_wconf 72' lang='lat' dir='ltr'><strong>ctiam</strong></span> <span class='ocrx_word' id='word_1_548' title='bbox 1820 2019 1860 2048; x_wconf 91' lang='lat' dir='ltr'><strong>de</strong></span> <span class='ocrx_word' id='word_1_549' title='bbox 1884 2017 1996 2048; x_wconf 79' lang='lat' dir='ltr'><strong>officio</strong></span> <span class='ocrx_word' id='word_1_550' title='bbox 2021 2019 2153 2049; x_wconf 89' lang='lat' dir='ltr'><strong>dicitur:</strong></span> <span class='ocrx_word' id='word_1_551' title='bbox 2176 2024 2224 2056; x_wconf 85' lang='lat' dir='ltr'><strong>ut,</strong></span> 
     </span>
     <span class='ocr_line' id='line_1_83' title="bbox 1248 2060 2224 2104; baseline -0.003 -11"><span class='ocrx_word' id='word_1_552' title='bbox 1248 2073 1365 2104; x_wconf 82' lang='lat' dir='ltr'><strong>gerere</strong></span> <span class='ocrx_word' id='word_1_553' title='bbox 1387 2072 1564 2102; x_wconf 87' lang='lat' dir='ltr'><strong>personam</strong></span> <span class='ocrx_word' id='word_1_554' title='bbox 1587 2060 1743 2092; x_wconf 72' lang='lat' dir='ltr'><strong>consulis.</strong></span> <span class='ocrx_word' id='word_1_555' title='bbox 1795 2060 1936 2095; x_wconf 82' lang='lat' dir='ltr'><strong>Quando</strong></span> <span class='ocrx_word' id='word_1_556' title='bbox 1960 2061 2034 2091; x_wconf 89' lang='lat' dir='ltr'><strong>dico</strong></span> <span class='ocrx_word' id='word_1_557' title='bbox 2057 2068 2126 2092; x_wconf 86' lang='lat' dir='ltr'><strong>tres</strong></span> <span class='ocrx_word' id='word_1_558' title='bbox 2150 2071 2224 2101; x_wconf 90' lang='lat' dir='ltr'><strong>per-</strong></span> 
     </span>
     <span class='ocr_line' id='line_1_84' title="bbox 1248 2104 2224 2143; baseline -0.002 -7"><span class='ocrx_word' id='word_1_559' title='bbox 1248 2116 1350 2136; x_wconf 72' lang='lat' dir='ltr'><strong>sonas</strong></span> <span class='ocrx_word' id='word_1_560' title='bbox 1374 2105 1563 2142; x_wconf 81' lang='lat' dir='ltr'><strong>divinitatis,</strong></span> <span class='ocrx_word' id='word_1_561' title='bbox 1585 2105 1628 2135; x_wconf 88' lang='lat' dir='ltr'><strong>ibi</strong></span> <span class='ocrx_word' id='word_1_562' title='bbox 1651 2111 1701 2135; x_wconf 80' lang='lat' dir='ltr'><strong>est</strong></span> <span class='ocrx_word' id='word_1_563' title='bbox 1725 2105 1755 2134; x_wconf 93' lang='lat' dir='ltr'><strong>in</strong></span> <span class='ocrx_word' id='word_1_564' title='bbox 1781 2104 2046 2143; x_wconf 85' lang='lat' dir='ltr'><strong>praedicamento</strong></span> <span class='ocrx_word' id='word_1_565' title='bbox 2065 2104 2224 2134; x_wconf 83' lang='lat' dir='ltr'><strong>Substan-</strong></span> 
     </span>
     <span class='ocr_line' id='line_1_85' title="bbox 1248 2144 2224 2188; baseline -0.003 -9"><span class='ocrx_word' id='word_1_566' title='bbox 1248 2150 1322 2179; x_wconf 72' lang='lat' dir='ltr'><strong>tIae.</strong></span> <span class='ocrx_word' id='word_1_567' title='bbox 1347 2149 1430 2179; x_wconf 90' lang='lat' dir='ltr'><strong>Sunt</strong></span> <span class='ocrx_word' id='word_1_568' title='bbox 1453 2154 1520 2178; x_wconf 86' lang='lat' dir='ltr'><strong>tres</strong></span> <span class='ocrx_word' id='word_1_569' title='bbox 1545 2153 1667 2177; x_wconf 84' lang='lat' dir='ltr'><strong>tantum</strong></span> <span class='ocrx_word' id='word_1_570' title='bbox 1693 2157 1856 2188; x_wconf 83' lang='lat' dir='ltr'><strong>personae</strong></span> <span class='ocrx_word' id='word_1_571' title='bbox 1879 2146 2043 2185; x_wconf 75' lang='grc' dir='ltr'><em>ὁμοοιῖσιοι,</em></span> <span class='ocrx_word' id='word_1_572' title='bbox 2067 2156 2130 2177; x_wconf 89' lang='lat' dir='ltr'><strong>non</strong></span> <span class='ocrx_word' id='word_1_573' title='bbox 2155 2144 2224 2187; x_wconf 88' lang='lat' dir='ltr'><strong>plu-</strong></span> 
     </span>
     <span class='ocr_line' id='line_1_86' title="bbox 1248 2187 2222 2232; baseline -0.003 -10"><span class='ocrx_word' id='word_1_574' title='bbox 1248 2201 1315 2229; x_wconf 64' lang='grc' dir='ltr'><strong>τες,</strong></span> <span class='ocrx_word' id='word_1_575' title='bbox 1338 2201 1399 2222; x_wconf 91' lang='lat' dir='ltr'><strong>nec</strong></span> <span class='ocrx_word' id='word_1_576' title='bbox 1422 2190 1615 2232; x_wconf 83' lang='lat' dir='ltr'><strong>pauciores;</strong></span> <span class='ocrx_word' id='word_1_577' title='bbox 1638 2191 1713 2231; x_wconf 88' lang='lat' dir='ltr'><strong>quia</strong></span> <span class='ocrx_word' id='word_1_578' title='bbox 1740 2189 1893 2220; x_wconf 82' lang='lat' dir='ltr'><strong>divinitas</strong></span> <span class='ocrx_word' id='word_1_579' title='bbox 1916 2191 1966 2220; x_wconf 90' lang='lat' dir='ltr'><strong>sic</strong></span> <span class='ocrx_word' id='word_1_580' title='bbox 1994 2199 2033 2220; x_wconf 86' lang='lat' dir='ltr'><strong>se</strong></span> <span class='ocrx_word' id='word_1_581' title='bbox 2058 2187 2222 2230; x_wconf 81' lang='lat' dir='ltr'><strong>patefacit,</strong></span> 
     </span>
     <span class='ocr_line' id='line_1_87' title="bbox 1248 2231 2221 2273; baseline -0.003 -8"><span class='ocrx_word' id='word_1_582' title='bbox 1248 2241 1280 2265; x_wconf 87' lang='lat' dir='ltr'><strong>et</strong></span> <span class='ocrx_word' id='word_1_583' title='bbox 1315 2235 1378 2265; x_wconf 80' lang='lat' dir='ltr'><strong>hae</strong></span> <span class='ocrx_word' id='word_1_584' title='bbox 1411 2240 1479 2265; x_wconf 86' lang='lat' dir='ltr'><strong>tres</strong></span> <span class='ocrx_word' id='word_1_585' title='bbox 1509 2243 1673 2273; x_wconf 86' lang='lat' dir='ltr'><strong>personae</strong></span> <span class='ocrx_word' id='word_1_586' title='bbox 1696 2232 1804 2263; x_wconf 84' lang='lat' dir='ltr'><strong>omnia</strong></span> <span class='ocrx_word' id='word_1_587' title='bbox 1827 2238 2035 2269; x_wconf 82' lang='lat' dir='ltr'><strong>creaverunt,</strong></span> <span class='ocrx_word' id='word_1_588' title='bbox 2059 2238 2089 2262; x_wconf 89' lang='lat' dir='ltr'><strong>et</strong></span> <span class='ocrx_word' id='word_1_589' title='bbox 2112 2231 2221 2263; x_wconf 82' lang='lat' dir='ltr'><strong>adhuc</strong></span> 
     </span>
     <span class='ocr_line' id='line_1_88' title="bbox 1248 2273 2224 2317; baseline -0.002 -10"><span class='ocrx_word' id='word_1_590' title='bbox 1248 2283 1445 2309; x_wconf 80' lang='lat' dir='ltr'><strong>sustentant.</strong></span> <span class='ocrx_word' id='word_1_591' title='bbox 1512 2275 1624 2317; x_wconf 84' lang='lat' dir='ltr'><strong>Agunt</strong></span> <span class='ocrx_word' id='word_1_592' title='bbox 1648 2281 1754 2306; x_wconf 87' lang='lat' dir='ltr'><strong>autem</strong></span> <span class='ocrx_word' id='word_1_593' title='bbox 1777 2275 1841 2305; x_wconf 89' lang='lat' dir='ltr'><strong>hoc</strong></span> <span class='ocrx_word' id='word_1_594' title='bbox 1865 2276 1994 2306; x_wconf 82' lang='lat' dir='ltr'><strong>ordine:</strong></span> <span class='ocrx_word' id='word_1_595' title='bbox 2029 2273 2130 2306; x_wconf 86' lang='lat' dir='ltr'><strong>Filius</strong></span> <span class='ocrx_word' id='word_1_596' title='bbox 2154 2274 2224 2316; x_wconf 77' lang='lat' dir='ltr'><strong>agit</strong></span> 
     </span>
     <span class='ocr_line' id='line_1_89' title="bbox 1249 2317 2224 2361; baseline -0.005 -9"><span class='ocrx_word' id='word_1_597' title='bbox 1249 2330 1308 2361; x_wconf 85' lang='lat' dir='ltr'><strong>per</strong></span> <span class='ocrx_word' id='word_1_598' title='bbox 1330 2331 1379 2359; x_wconf 87' lang='lat' dir='ltr'><strong>se,</strong></span> <span class='ocrx_word' id='word_1_599' title='bbox 1401 2321 1461 2352; x_wconf 90' lang='lat' dir='ltr'><strong>sed</strong></span> <span class='ocrx_word' id='word_1_600' title='bbox 1484 2329 1549 2349; x_wconf 81' lang='lat' dir='ltr'><strong>non</strong></span> <span class='ocrx_word' id='word_1_601' title='bbox 1572 2330 1592 2349; x_wconf 88' lang='lat' dir='ltr'><strong>a</strong></span> <span class='ocrx_word' id='word_1_602' title='bbox 1615 2329 1663 2349; x_wconf 88' lang='lat' dir='ltr'><strong>se.</strong></span> <span class='ocrx_word' id='word_1_603' title='bbox 1731 2318 1786 2349; x_wconf 86' lang='lat' dir='ltr'><strong>Sic</strong></span> <span class='ocrx_word' id='word_1_604' title='bbox 1820 2319 1960 2358; x_wconf 79' lang='lat' dir='ltr'><strong>Spiritus</strong></span> <span class='ocrx_word' id='word_1_605' title='bbox 1993 2323 2128 2349; x_wconf 79' lang='lat' dir='ltr'><strong>sanctus</strong></span> <span class='ocrx_word' id='word_1_606' title='bbox 2156 2317 2224 2358; x_wconf 85' lang='lat' dir='ltr'><strong>agit</strong></span> 
     </span>
     <span class='ocr_line' id='line_1_90' title="bbox 1248 2360 2223 2404; baseline -0.005 -9"><span class='ocrx_word' id='word_1_607' title='bbox 1248 2373 1308 2404; x_wconf 89' lang='lat' dir='ltr'><strong>per</strong></span> <span class='ocrx_word' id='word_1_608' title='bbox 1331 2374 1380 2401; x_wconf 86' lang='lat' dir='ltr'><strong>se,</strong></span> <span class='ocrx_word' id='word_1_609' title='bbox 1404 2364 1464 2394; x_wconf 89' lang='lat' dir='ltr'><strong>sed</strong></span> <span class='ocrx_word' id='word_1_610' title='bbox 1487 2372 1553 2392; x_wconf 92' lang='lat' dir='ltr'><strong>non</strong></span> <span class='ocrx_word' id='word_1_611' title='bbox 1577 2371 1596 2392; x_wconf 87' lang='lat' dir='ltr'><strong>a</strong></span> <span class='ocrx_word' id='word_1_612' title='bbox 1619 2371 1667 2392; x_wconf 87' lang='lat' dir='ltr'><strong>se.</strong></span> <span class='ocrx_word' id='word_1_613' title='bbox 1690 2360 1773 2391; x_wconf 87' lang='lat' dir='ltr'><strong>Tota</strong></span> <span class='ocrx_word' id='word_1_614' title='bbox 1792 2361 1956 2398; x_wconf 79' lang='lat' dir='ltr'><strong>divinitas,</strong></span> <span class='ocrx_word' id='word_1_615' title='bbox 1979 2370 2037 2391; x_wconf 89' lang='lat' dir='ltr'><strong>seu</strong></span> <span class='ocrx_word' id='word_1_616' title='bbox 2061 2366 2129 2391; x_wconf 87' lang='lat' dir='ltr'><strong>tres</strong></span> <span class='ocrx_word' id='word_1_617' title='bbox 2152 2369 2223 2400; x_wconf 82' lang='lat' dir='ltr'><strong>per-</strong></span> 
     </span>
     <span class='ocr_line' id='line_1_91' title="bbox 1249 2404 2223 2445; baseline -0.005 -7"><span class='ocrx_word' id='word_1_618' title='bbox 1249 2417 1354 2438; x_wconf 88' lang='lat' dir='ltr'><strong>sonae</strong></span> <span class='ocrx_word' id='word_1_619' title='bbox 1372 2404 1468 2437; x_wconf 81' lang='lat' dir='ltr'><strong>simut</strong></span> <span class='ocrx_word' id='word_1_620' title='bbox 1491 2411 1591 2445; x_wconf 80' lang='lat' dir='ltr'><strong>agunt</strong></span> <span class='ocrx_word' id='word_1_621' title='bbox 1614 2404 1733 2441; x_wconf 88' lang='lat' dir='ltr'><strong>omnia,</strong></span> <span class='ocrx_word' id='word_1_622' title='bbox 1757 2414 1841 2445; x_wconf 86' lang='lat' dir='ltr'><strong>quae</strong></span> <span class='ocrx_word' id='word_1_623' title='bbox 1863 2410 1981 2445; x_wconf 83' lang='lat' dir='ltr'><strong>agunt,</strong></span> <span class='ocrx_word' id='word_1_624' title='bbox 2016 2408 2149 2434; x_wconf 81' lang='lat' dir='ltr'><strong>servata</strong></span> <span class='ocrx_word' id='word_1_625' title='bbox 2179 2408 2223 2433; x_wconf 73' lang='lat' dir='ltr'><strong>ta-</strong></span> 
     </span>
     <span class='ocr_line' id='line_1_92' title="bbox 1249 2448 1923 2491; baseline -0.009 -9"><span class='ocrx_word' id='word_1_626' title='bbox 1249 2461 1323 2482; x_wconf 85' lang='lat' dir='ltr'><strong>men</strong></span> <span class='ocrx_word' id='word_1_627' title='bbox 1346 2449 1546 2491; x_wconf 87' lang='lat' dir='ltr'><strong>proprietate</strong></span> <span class='ocrx_word' id='word_1_628' title='bbox 1568 2448 1726 2488; x_wconf 87' lang='lat' dir='ltr'><strong>cuiusque</strong></span> <span class='ocrx_word' id='word_1_629' title='bbox 1750 2456 1923 2488; x_wconf 85' lang='lat' dir='ltr'><strong>personae.</strong></span> 
     </span>
    </p>
   </div>
  </div>
 </body>
</html>
