2374 2985
233 217 276 249 99

234 313 275 342 ab
300 324 338 344 co
365 312 578 353 Baptisnnnn:
612 311 741 342 subiicit
764 322 801 341 se
824 309 880 341 illi.
905 316 935 341 et
959 310 1053 351 quati
1076 309 1204 340 ordina-

234 356 331 386 tionis·
356 366 434 385 sua:-
458 356 499 385 ad
525 355 751 392 ministerium,
775 354 996 385 testimonium
1015 354 1056 383 ab
1071 362 1110 382 eo
1123 353 1214 392 petit.

321 398 410 428 Ilaec
431 404 507 429 sunt
531 397 705 428 manifesta
730 397 928 434 testimonia,
952 396 1072 437 quibus
1097 406 1212 436 appro-

233 442 330 472 batur
354 442 502 471 doctrina
521 447 552 471 ct·
575 441 705 471 vocatio
729 439 893 471 Iohannis.
929 439 995 469 sed
1017 439 1158 469 maxime
1177 437 1211 469 il-

232 483 337 515 lustre
355 491 403 514 est
426 484 568 512 ostensio
592 483 778 512 rlivim‘tntis.
825 482 977 512 Exhibita
1000 488 1052 512 est
1075 480 1210 512 Iohanni

872 216 980 247 1³111L.
1008 215 1109 247 MEL.
1134 214 1321 247 SCRIPTA
1344 214 1606 248 EXEGETICA.

233 528 316 558 visio
340 526 526 564 manifesta,
550 527 582 556 in
607 537 670 567 qua
693 525 852 557 revelavit,
876 536 912 555 se
936 525 962 554 ci
989 524 1153 562 divinitas,
1179 531 1211 555 et
1235 547 1238 556 .

233 571 409 601 discrimen
434 571 527 600 trium
551 579 765 609 personarum
789 567 898 608 palam
922 568 1133 597 eio--tcnsum
1146 572 1208 598 cst.

319 613 427 643 Credo
462 611 574 643 multis
609 613 734 642 sanctis
769 611 996 652 spectantibus
1031 609 1209 641 exhibitam

233 667 309 687 esse
333 666 403 686 cam
417 656 584 686 visionem.
599 655 714 693 Maria,
738 655 941 685 auditoribus
955 653 1125 690 Iohannis,
1144 664 1208 684 ma-

233 710 296 742 gna
332 706 425 739 parte
457 697 576 740 populi.
623 698 696 728 Non
720 699 804 728 enim
829 696 934 733 clam,
967 706 1076 737 neque
1099 697 1130 726 in
1154 706 1207 727 an-

232 741 312 784 gulo
336 743 479 772 obscuro
503 742 589 773 facta
613 747 673 771 cst.
697 740 737 771 Et
761 740 884 779 scripta
908 744 960 769 est
982 745 1117 779 propter
1134 749 1208 777 nos,

232 791 266 816 nt
289 785 362 815 inde
386 785 550 815 discamus
576 784 757 815 doctrinam
782 783 822 812 de
840 782 1008 813 Trinitate.
1054 781 1208 817 Quando-

234 838 361 869 cunque
386 828 500 869 incipis
525 827 766 868 pret-ationem,
792 826 903 867 cogita
927 831 958 855 te
981 830 1072 855 stare
1096 826 1127 855 in
1150 824 1207 856 illa

234 872 316 911 ripa,
340 877 370 901 et
395 881 469 901 css-c
493 876 715 911 spectatorem
738 868 824 899 illius
844 868 1012 899 mirandae
1036 867 1208 899 revelatio-

231 915 299 945 nis:
328 914 358 944 in
389 924 453 954 qua
482 921 578 955 pater
607 920 761 943 aeternus
785 911 921 943 clamat:
954 911 1018 940 Hic
1037 915 1084 941 est
1108 912 1208 942 Filius

231 967 313 985 meas
346 956 487 986 {Illos-ms.
536 955 634 986 Filius
669 961 763 985 stans
792 955 824 985 in
848 954 983 985 flumine
1007 955 1207 995 baptizatur:

232 1000 372 1040 Spiritus
414 1005 549 1030 sanctus
590 998 760 1029 descendit
800 998 832 1028 in
871 998 984 1039 specie
1022 997 1206 1028 columbae.

230 1041 330 1073 Nulla
359 1044 420 1072 iam
452 1042 627 1083 perspicua
658 1041 823 1071 distinctio
844 1051 1063 1081 personarum
1086 1041 1117 1070 in
1139 1039 1207 1072 ulla

229 1086 354 1116 visione
378 1083 508 1126 legitur.
531 1085 600 1115 Etsi
625 1084 723 1125 igitur
745 1094 811 1114 non
836 1084 1018 1115 circumivit
1031 1083 1208 1122 lohannes,

229 1134 262 1160 et
285 1128 409 1159 curavit
428 1135 598 1169 aegrotos,
623 1130 708 1158 sicut
732 1126 885 1158 Christus
909 1125 1002 1158 fecit:
1023 1132 1132 1157 tamen
1151 1126 1207 1157 ha·

229 1172 298 1202 buit
321 1181 381 1202 sua
405 1172 602 1205 testimonia,
627 1180 734 1212 eaque
758 1170 840 1201 satis
864 1168 1040 1201 mirabilia:
1075 1176 1106 1200 et
1132 1170 1208 1210 quia

229 1213 381 1245 Christus
415 1215 578 1255 approbat
601 1214 671 1244 eius
695 1213 895 1251 doctrinam,
929 1214 1025 1244 etiam
1049 1211 1207 1243 miracula

229 1256 349 1288 Christi
384 1258 514 1294 onmia,
554 1257 674 1298 quibus
708 1255 917 1287 confirmavit
949 1266 1045 1286 suam
1077 1266 1207 1293 vocem,

227 1306 305 1332 sunt
338 1299 434 1331 simul
468 1301 654 1342 obsignatio
678 1299 848 1331 doctrinae
871 1299 1037 1330 Iohannis.
1083 1298 1206 1330 Audia-

227 1353 300 1374 mus
334 1344 433 1386 igitur
455 1354 546 1381 eum,
579 1350 735 1384 tanquam
759 1343 929 1374 doctorem
951 1340 1140 1375 Ecclesiae,
1175 1348 1207 1373 et

227 1387 357 1428 quidem
379 1398 479 1418 unum
501 1397 542 1418 ex
565 1386 765 1428 praecipuis.

333 1509 449 1560 Quae
482 1509 644 1550 fuerunt
676 1508 867 1549 exercitia
897 1508 1115 1549 Iohannis?

311 1609 522 1641 Describitur
545 1610 576 1640 in
599 1608 845 1651 Evangelistis,
875 1609 1038 1650 asperitas
1068 1614 1100 1639 et
1123 1608 1208 1639 duri—

228 1654 292 1684 ties
315 1655 402 1686 vitae
425 1654 507 1684 eius.
552 1652 645 1684 Vixit
667 1653 699 1683 in
722 1653 874 1690 deserto,
896 1652 929 1682 id
954 1658 1018 1690 est,
1042 1652 1077 1683 in
1100 1652 1208 1694 regio-

228 1707 271 1728 ne
294 1695 381 1727 ultra
402 1695 575 1727 Iordanem
599 1705 718 1726 versus
740 1695 898 1726 Arabiam
921 1695 1099 1733 desertam,
1123 1704 1209 1736 quae

228 1739 335 1770 minus
359 1737 419 1770 fuit
441 1738 529 1770 culta
552 1745 584 1770 et
606 1737 742 1775 fertiliS‚
767 1748 865 1779 quam
888 1736 942 1769 ille
966 1737 1209 1779 pulcherrimus

228 1783 358 1820 hortus,
383 1783 436 1823 qui
461 1788 532 1813 erat
555 1782 603 1812 cis
626 1781 810 1812 Iordanem.
845 1780 1210 1812 Vestimentumhabuit

231 1835 271 1856 ex
294 1825 368 1866 pilis
393 1824 616 1856 camelomm:
661 1824 764 1856 Cibus
788 1822 919 1855 suerunt
944 1823 1113 1862 locustae,
1137 1825 1209 1856 sive

231 1869 353 1906 cancri,
378 1869 449 1899 sive
471 1869 647 1906 insectum,
669 1874 700 1899 et
720 1865 785 1899 mel
807 1866 973 1899 silvestre.

399 2016 526 2058 Sunte
557 2016 674 2057 nobis
705 2017 781 2056 ista
814 2015 1036 2056 imitando?

317 2117 456 2153 Quoties
491 2127 592 2158 opera
625 2115 764 2148 aliorum
785 2121 1031 2157 proponuntur,
1065 2116 1210 2148 sciamus

231 2170 308 2192 esse
342 2161 531 2191 discrimina
563 2159 792 2195 vocationum,
826 2164 859 2190 et
891 2159 1016 2200 gradus
1044 2165 1209 2191 Virtutum.

230 2203 375 2234 Imitetur
398 2214 479 2245 ergo
502 2205 730 2244 unusquisque
753 2212 806 2240 ea,
829 2212 914 2243 quac
937 2211 1019 2233 suae
1042 2203 1208 2234 vocationi

232 2252 432 2287 competunt,
455 2253 488 2277 et
510 2247 652 2278 imitetur
674 2255 734 2286 pro
757 2255 819 2276 sua
842 2245 1077 2276 mediocritate.

317 2290 455 2330 Semper
476 2299 613 2331 operum
635 2288 818 2320 alienorum
840 2288 975 2319 imitatio
998 2288 1095 2319 (lebet
1119 2289 1208 2319 insti-

233 2333 278 2362 tui
301 2334 481 2363 secandum
506 2332 666 2374 cuiusque
688 2331 909 2368 vocationem,
943 2336 975 2361 et
998 2336 1033 2362 ut
1057 2332 1208 2363 conside-

232 2383 345 2407 rentur
370 2382 505 2406 nostrae
527 2376 615 2407 vires
640 2381 671 2406 et
694 2375 793 2405 dona.
828 2374 933 2405 Nobis
955 2384 1022 2405 non
1045 2380 1095 2405 est
1118 2385 1207 2406 man-

234 2419 311 2449 data
333 2419 481 2459 migratio
506 2428 547 2449 ex
576 2419 714 2450 urbibus
739 2418 771 2448 in
794 2416 870 2449 loca
893 2418 1035 2448 deserta.
1081 2416 1209 2449 Conve-

233 2461 341 2492 niebat
368 2462 429 2492 hoc
452 2462 619 2493 vocationi
642 2461 813 2498 lohanniS,
836 2460 926 2502 quod
950 2460 981 2490 in
1006 2461 1139 2491 deserto
1162 2461 1208 2493 vi-

233 2505 350 2540 vebatg
373 2511 448 2535 tuae
471 2515 536 2535 non
561 2505 726 2536 convenit.
772 2504 828 2534 Sic
851 2504 959 2534 victus
972 2502 1126 2534 Iohannis
1150 2503 1211 2535 fuit

234 2545 361 2584 exilior,
386 2553 415 2577 et
439 2548 570 2589 species
595 2549 742 2578 ciborum
766 2552 797 2577 et
808 2547 948 2578 vestium
961 2547 1211 2578 accommodata

233 2590 277 2621 ad
299 2589 486 2630 qualitatem
509 2590 574 2622 loci
596 2591 692 2621 istius
715 2590 855 2628 deserti,
879 2590 953 2628 etsi,
975 2594 1010 2620 ut
1033 2595 1148 2620 contra
1165 2588 1210 2621 le-

235 2642 310 2674 gem
332 2632 421 2670 fecit,
445 2634 532 2674 quod
555 2634 710 2665 discessit
733 2644 752 2664 a
776 2631 916 2674 templo3
961 2633 1010 2663 sic
1033 2638 1112 2674 puto
1135 2643 1210 2664 eum

234 2674 384 2707 voluisse
418 2682 535 2707 contra
568 2675 675 2719 legem
708 2677 750 2708 de
784 2676 933 2708 ciborum
966 2676 1209 2708 discriminibus

2184 219 2245 251 100

1267 308 1390 343 facere,
1424 316 1457 341 ut
1491 310 1681 340 ostenderet
1704 312 1801 341 tinem
1821 320 1898 341 csse
1922 310 2055 351 politiae
2079 320 2107 343 et
2133 322 2244 344 sacer-

1267 353 1344 384 dotii
1369 352 1500 383 Iudaici.
1524 358 1553 383 ct
1573 351 1641 384 tolli
1666 354 1853 384 discrimina
1877 364 1998 391 rerum,
2022 362 2244 396 quaetantum

1267 395 1496 427 ceremonialia
1521 401 1651 427 essent:
1682 402 1715 426 ut
1740 397 1874 427 dicitur:
1920 396 1990 425 Lac
2013 402 2042 427 et
2066 398 2244 437 Prophetae

1264 449 1356 478 usque
1379 439 1422 467 ml
1433 438 1609 469 Iohannem.
1657 438 1736 477 Lex,
1759 438 1885 471 scilicet
1911 440 2153 472 ccremonialis.

1350 481 1420 512 Nos
1444 483 1605 512 imitemur
1627 492 1748 523 genus,
1773 492 1837 513 non
1858 484 2002 522 speciem
2017 495 2164 525 operum,
2183 493 2243 516 scu

1262 525 1417 556 virtutum
1441 525 1612 560 Iohannis3
1635 526 1665 555 id
1690 532 1757 563 est,
1786 526 2034 566 temperantiam
2061 527 2148 566 eius,
2173 526 2243 558 dili-

1262 568 1406 609 gentiam
1429 569 1462 598 in
1487 566 1616 604 officio,
1651 569 1836 608 patientiam
1860 569 1892 599 in
1916 568 2104 607 laboribus
2131 570 2241 611 αὐτάρ-

1261 622 1341 641 κειαν
1364 611 1396 641 in
1421 612 1513 643 cibo,
1550 612 1688 648 vestitu,
1725 617 1756 642 et
1779 610 1852 641 aliis
1876 612 1976 642 rebus
2002 613 2241 652 pertinentibus

1260 653 1303 684 ad
1326 654 1422 684 huius
1446 655 1532 684 vitae
1555 655 1842 685 sustentationem.
1888 654 1963 684 Non
1982 656 2142 686 debemus
2166 656 2242 687 hinc

1261 701 1415 728 extruere
1447 706 1567 728 novam
1590 696 1811 728 monasticen.
1857 696 1972 732 Qualis
2007 700 2167 737 κακοζηλία
2190 708 2242 730 es-

1261 745 1332 777 set,
1368 741 1395 770 si
1430 739 1535 771 velles
1569 739 1664 771 simili
1701 747 1793 772 veste
1816 740 1885 771 uti?
1920 747 1952 771 et
1975 740 2100 782 fingere
2122 748 2154 773 te
2176 742 2242 773 lic-c

1261 783 1360 813 modo
1383 792 1460 814 esse
1482 782 1660 814 Iohannem
1684 790 1739 815 aut
1763 783 1890 814 Elium?
1923 783 2007 814 Nam
2026 784 2068 814 de
2090 784 2165 815 Elia
2186 787 2241 816 ‹lc-

1260 825 1431 864 scribitur,
1467 827 1556 868 quod
1579 827 1694 857 eodem
1718 837 1841 869 genere
1864 827 2004 858 vestitus
2028 826 2125 858 fuerit
2147 838 2240 859 usuS.

1262 867 1390 898 cuculla
1418 880 1479 898 uon
1511 871 1595 909 facit
1621 870 1820 904 Monachum,
1855 880 1950 909 neque
1977 870 2107 909 deponit
2130 871 2239 900 Mona·

1261 911 1356 940 elium.
1382 912 1438 943 Sic
1462 913 1546 943 vetis
1570 922 1637 943 non
1661 912 1740 944 facit
1763 912 1941 944 Iohannem
1965 919 2021 944 aut
2044 912 2162 952 Eliam,
2186 920 2242 945 aut

1260 953 1357 986 alium
1382 956 1556 997 quendam.

1346 997 1498 1040 Angelus
1522 999 1623 1039 inquit
1648 999 1688 1029 de
1701 998 1863 1030 Iohanne:
1887 998 1959 1028 Nou
1984 999 2063 1027 bibet
2086 1002 2188 1028 vinum
2211 1003 2241 1029 ct

1260 1041 1399 1069 siceram.
1445 1040 1543 1076 Quod
1577 1043 1731 1083 congruit
1769 1052 1842 1073 cuin
1873 1042 2098 1083 descriptione
2133 1041 2240 1073 Naza-

1260 1094 1422 1119 raeoruin⁷
1447 1083 1554 1124 qualis
1578 1082 1637 1114 fuit
1660 1085 1815 1116 Samson.
1860 1083 2015 1116 Christus
2040 1084 2099 1114 ait:
2153 1084 2243 1115 Venit

1260 1125 1425 1160 Iohannes,
1450 1137 1510 1156 non
1534 1126 1637 1155 bibens
1666 1137 1721 1156 nec
1744 1128 1853 1162 eden-r,
1893 1128 1923 1158 id
1945 1134 2011 1159 est.
2035 1126 2095 1157 fuit
2120 1133 2242 1169 tempe-

1261 1170 1483 1208 rantissimus,
1516 1171 1710 1211 parcissime
1734 1171 1801 1201 edit
1824 1176 1857 1201 et
1880 1171 1970 1201 bibit.
2016 1169 2157 1205 Quando
2182 1180 2240 1202 vo-

1260 1211 1368 1244 lumus
1392 1223 1469 1243 esse
1487 1213 1603 1244 intenti
1626 1213 1658 1243 in
1682 1213 1890 1254 precatione,
1923 1219 2055 1253 oportet
2077 1212 2242 1245 hominem

1260 1265 1337 1286 esse
1366 1257 1514 1287 sobrium
1543 1261 1575 1287 et
1603 1261 1853 1296 temperantem.
1900 1256 2067 1286 Invocatio
2096 1255 2241 1287 hominis

1260 1299 1353 1336 ebrii,
1377 1305 1429 1329 est
1450 1299 1597 1339 precatio
1611 1299 1718 1330 ebria:
1740 1309 1825 1328 wenn
1847 1309 1916 1328 man
1939 1298 2002 1328 voll
2022 1298 2086 1328 und
2109 1297 2168 1328 toll
2187 1300 2242 1337 ist,

1259 1351 1294 1370 so
1317 1341 1400 1373 belet
1421 1341 1505 1371 siclis
1526 1341 1622 1371 niz-lit.
1658 1342 1765 1373 Nemo
1788 1340 1907 1382 plenus
1930 1342 2006 1373 cibo
2029 1348 2060 1373 et
2074 1346 2156 1383 potu
2170 1341 2241 1373 ido-

1258 1394 1342 1416 neus
1365 1390 1417 1416 est
1438 1385 1480 1416 ad
1502 1385 1740 1426 precationem.

1541 1532 1652 1584 Quid
1683 1540 1777 1574 sunt
1808 1530 1962 1580 ἀκρίδες.

1347 1641 1503 1673 Perottus
1536 1640 1615 1673 fecit
1648 1651 1691 1673 ex
1725 1642 1814 1683 ἀκρὶς
1848 1642 2036 1671 swnmt'tutes
2067 1640 2241 1672 herbarum:

1261 1686 1324 1717 sed
1357 1683 1494 1717 ridicule
1523 1685 1588 1716 hoc
1620 1686 1667 1716 ita
1686 1684 1786 1716 finxit.
1833 1683 2010 1725 Plaerique
2032 1693 2148 1715 omnes
2171 1693 2243 1715 ver·

1260 1734 1333 1760 tunt
1355 1728 1500 1758 locustas.
1546 1728 1618 1759 Nos
1636 1739 1703 1760 uno
1721 1727 1853 1759 nomine
1864 1726 2072 1768 appellamus
2086 1725 2243 1769 gryllum,

1263 1771 1422 1810 cicadam,
1441 1770 1619 1809 locustam,
1641 1770 1878 1801 heasclerecken:
1903 1771 1965 1801 sed
1987 1776 2096 1801 tamen
2119 1775 2171 1801 est
2183 1767 2245 1801 dif-

1261 1814 1403 1847 ferentia
1425 1815 1511 1846 inter
1533 1813 1712 1852 vocabula,
1737 1820 1768 1846 et
1782 1824 1895 1845 eorum
1907 1812 2103 1855 significata.
2140 1812 2245 1853 Grylli

1262 1864 1339 1889 sunt
1361 1858 1394 1888 in
1427 1858 1540 1898 partis.
1588 1857 1729 1887 cicadae
1751 1863 1826 1888 sunt
1850 1866 2004 1893 canorae,
2028 1856 2169 1887 insident
2190 1866 2245 1887 ar-

1263 1901 1417 1940 boribuS,
1452 1906 1485 1932 et
1517 1906 1595 1931 sunt
1628 1901 1770 1932 maiores
1803 1910 1902 1941 quam
1931 1897 2040 1940 grylli.
2085 1898 2244 1928 Locustas

1262 1954 1325 1976 nos
1350 1955 1417 1975 non
1439 1943 1610 1976 habemus.
1651 1943 1739 1974 Ante
1761 1952 1868 1974 annos
1892 1948 2000 1972 tamen
2023 1940 2152 1983 aliquot
2174 1952 2243 1973 ma-

1262 1988 1337 2030 gnis
1360 1987 1546 2029 agminibus
1570 1987 1761 2018 ceciderunt
1790 1986 1822 2016 in
1850 1984 2015 2026 aliquibus
2045 1983 2132 2015 locis
2161 1983 2244 2016 Ger-

1262 2031 1411 2069 maniae,
1445 2035 1477 2061 et
1504 2035 1676 2061 vastarunt
1698 2030 1807 2060 omnia
1830 2029 1861 2059 in
1886 2028 2023 2069 campis.
2069 2027 2244 2059 Habebant

1263 2073 1414 2107 cucullos
1447 2072 1574 2104 similes
1605 2071 1702 2114 pileis
1735 2071 1903 2110 Turcicis,
1936 2078 1969 2102 et
2003 2076 2080 2103 sunt
2112 2069 2243 2113 effigies

1262 2117 1457 2150 Turcarum.

1348 2159 1474 2191 Plinius
1497 2159 1612 2190 scribit
1637 2156 1786 2190 locustas
1815 2156 1920 2188 fuisse
1941 2157 1973 2188 in
1997 2157 2080 2188 cibis
2104 2157 2242 2187 usitatas

1262 2202 1486 2234 Orientalibus
1509 2200 1658 2243 populis,
1686 2201 1881 2243 praesertim
1905 2200 2055 2237 Parthis,
2083 2199 2161 2230 dicit
2183 2208 2242 2230 eas

1261 2256 1340 2278 esse
1372 2247 1403 2277 in
1427 2245 1510 2276 cibis
1533 2251 1658 2286 gratas.
1703 2244 1874 2274 Fortassis
1904 2250 1955 2275 est
1977 2242 2088 2284 aliqua
2110 2243 2241 2283 species

1260 2289 1465 2322 locustarum
1488 2297 1553 2320 non
1576 2294 1751 2325 venenata,
1774 2296 1860 2328 quae
1882 2285 1941 2318 suit
1961 2285 2141 2317 vescendo.

1263 2437 1401 2489 Qualis
1433 2444 1494 2477 est
1524 2435 1661 2476 sabula
1694 2435 1746 2475 de
1778 2435 1924 2476 cicadis
1956 2434 2066 2489 apud
2088 2438 2239 2490 poetas,

1420 2545 1525 2585 quae
1557 2530 1673 2570 nobis
1704 2537 1798 2570 sunt
1829 2528 2088 2570 notissimae?

1348 2631 1494 2663 Cicadae
1517 2634 1640 2662 canunt
1661 2630 1693 2661 in
1717 2640 1849 2662 aurora.
1882 2630 1958 2662 Ideo
1981 2628 2115 2671 fingitur
2130 2626 2242 2659 Titho-

1262 2686 1325 2708 nus
1358 2675 1431 2706 sive
1463 2672 1550 2705 filius
1573 2673 1645 2705 sive
1674 2671 1776 2704 frater
1799 2673 2036 2705 Laomedontis
2059 2677 2175 2713 raptus
2199 2671 2240 2702 ab
