2374 2985
232 194 271 226 19
837 187 947 220 Ptin„
969 185 1072 218 MEL.
1097 184 1280 218 SCRIPTA
1304 181 1566 215 EXEGETicA.
2177 185 2219 218 20

231 293 352 324 vester,
369 296 453 327 quae
475 293 618 326 persona
640 281 818 324 alloquitur
839 280 1024 313 Ecclesiam
1047 279 1198 311 omnibus

231 329 442 370 temporibus.
854 360 859 369 Ι

316 371 395 404 Mihi
418 372 502 402 bene
523 368 642 410 placet,
666 368 752 409 quod
771 365 953 407 vulgarius⁹
973 374 1046 395 cum
1065 363 1198 393 dicitur:

231 415 330 445 Dedit
363 414 455 452 leyem
488 414 519 441 ιή
553 422 642 440 numu
671 410 868 442 mediatoris,
898 406 1051 447 intelligit
1080 406 1124 436 ibi
1147 405 1197 435 Fi-

231 457 325 494 lium;
349 457 424 498 quia
448 454 501 486 ille
523 460 619 485 sonat
642 453 761 494 legem,
786 450 945 482 satisfacit
969 449 1034 490 legi
1057 459 1116 489 pro
1139 457 1197 478 no-

230 501 295 538 bis,
318 506 351 531 et
374 498 513 529 restituit
535 496 642 538 legem
666 497 697 526 in
720 495 828 531 nobis,
853 499 887 524 ut
910 493 1001 523 dicit:
1036 491 1107 520 Νοιι
1129 493 1198 519 veui

231 543 348 573 solvere
381 541 492 580 leyem,
526 540 580 569 sed
613 538 744 577 implere.
807 536 894 571 Quot
926 535 1031 565 modis
1066 531 1198 573 implet?

233 586 259 616 l.
284 583 431 626 perfecta
453 593 514 614 sua
537 582 737 616 obe‹licntia;
759 580 790 610 2.
815 577 1004 613 derivando,
1029 574 1082 607 vel
1104 576 1197 606 susti-

231 629 339 659 nendo
363 637 423 668 pro
446 626 541 656 nobis
564 634 721 665 poenam3
749 622 780 653 3.
803 620 1005 652 restituendo
1034 619 1066 649 in
1089 618 1196 649 nobis.

232 671 260 702 4,
285 670 483 706 sanciendo,
515 668 600 708 quod
636 668 732 697 docet.
767 663 852 695 illam
883 661 988 703 legem
1019 671 1096 692 esse
1124 661 1198 691 reti-

232 714 384 749 nendam,
406 721 471 742 non
494 709 705 741 abolendam:
729 708 818 738 Sicut
841 705 991 743 α’νιιίὀμοι
1014 703 1140 741 volunt,
1163 709 1198 734 ut

232 754 286 787 lex
310 754 377 793 illa,
400 764 483 795 quae
506 759 555 784 est
580 750 722 782 moralis,
747 748 905 781 deleatur,
925 747 1197 788 quemadmodum

232 797 285 829 lex
316 799 355 829 de
385 807 450 827 non
481 795 607 826 edenda
638 803 754 829 carne,
786 800 1000 831 nequaquam.
1053 789 1119 820 lmo
1138 798 1198 827 per

228 841 318 879 fidem
341 839 510 869 stabilimus
532 838 641 876 layum,
671 835 770 875 inquit
796 832 928 864 l'aulus.
974 831 1199 863 Christus-est

233 882 339 913 faetus
363 893 422 922 pro
446 881 541 911 nobis
565 885 746 920 peccatum,
770 880 801 905 at
824 877 871 904 itus
894 875 972 913 leyis
993 876 1026 903 in
1048 875 1136 903 nobis
1155 884 1197 902 re-

232 927 388 955 etituatur.

319 966 520 998 Athanasius
551 969 658 995 movet
688 962 932 1003 quaestionem,
965 969 1067 1001 quare
1096 958 1197 990 Filius

232 1010 449 1050 assumpserit
472 1007 642 1038 humanam
666 1010 831 1041 naturam,
862 1009 893 1033 ct
916 1013 981 1033 non
1006 1002 1121 1040 Pater,
1145 1008 1200 1033 aut

233 1052 373 1093 Spiritus
397 1057 548 1081 sanctus:
582 1050 680 1086 Quia,
703 1047 823 1088 inquit,
853 1046 1003 1086 congruit
1026 1055 1103 1076 esse
1126 1055 1199 1085 per-

233 1105 347 1126 sonam
370 1095 547 1125 mittentem
571 1098 602 1122 ct
621 1093 772 1125 miss-aim
796 1089 892 1119 Pater
911 1094 961 1118 est
980 1088 1109 1119 mittens
1128 1098 1199 1128 per·

232 1147 333 1171 sona,
364 1143 394 1167 ct
423 1134 522 1166 Filius
552 1135 670 1170 missa3
704 1133 793 1173 Ergo
824 1131 928 1172 magis
952 1131 1123 1171 congruit,
1147 1130 1198 1160 Fi-

232 1179 310 1210 lium
332 1188 502 1210 assumere
530 1177 704 1207 humanam
735 1181 900 1211 naturam,
931 1184 1027 1215 quam
1058 1173 1198 1203 Patrem.

232 1221 361 1253 Deinde
384 1222 488 1262 magis
511 1219 575 1250 hoc
599 1219 750 1260 congruit
774 1227 946 1257 personae,
971 1225 1055 1257 quae
1074 1222 1124 1246 cst
1143 1216 1199 1245 im-

232 1265 372 1296 mediate
404 1265 528 1304 imago,
568 1268 601 1293 ut
637 1263 667 1292 in
702 1261 798 1291 nobis
832 1260 983 1290 restituat
1017 1258 1197 1299 imaginem.

233 1307 439 1347 Augustinus
469 1306 564 1336 etiam
596 1305 687 1335 dicit:
721 1303 793 1332 Non
816 1303 1011 1331 conveniebat
1035 1301 1115 1329 dnos
1138 1310 1200 1329 csse

234 1350 341 1379 Filios.
372 1349 437 1379 Sed
461 1349 488 1378 si
508 1348 646 1387 Spiritus
671 1352 809 1377 sanctus
832 1344 1066 1384 assumpsisset
1088 1342 1200 1376 huma-

234 1403 309 1423 nam
343 1397 508 1428 naturam,
542 1396 619 1420 tunc
654 1389 794 1420 fuissent
829 1388 893 1418 cluo
928 1385 1015 1423 Filii,
1050 1386 1136 1424 λόγος
1170 1391 1200 1416 et

232 1435 359 1472 πνεῦμα.
414 1433 505 1464 Haec
539 1433 688 1464 videntur
717 1440 794 1462 esse
821 1428 976 1470 puerilia,
1012 1429 1052 1459 de
1082 1429 1200 1469 quibus

234 1488 319 1508 nunc
342 1477 490 1513 dicimus,
513 1476 572 1506 sed
596 1476 626 1505 in
646 1473 702 1505 illa
725 1473 928 1510 aeternitate,
952 1481 1090 1502 caussas
1113 1470 1201 1502 illius

233 1519 412 1551 admirandi
435 1517 563 1549 consilii
586 1517 720 1558 propius
745 1516 1038 1548 considerabimus

236 1675 451 1725 Quomodo
490 1674 712 1713 declaratur
751 1672 963 1726 appellatio
1005 1670 1202 1725 Spiritus?

319 1763 417 1796 Nulla
439 1770 490 1795 est
513 1764 646 1804 propior
669 1762 843 1793 similitudo
869 1762 909 1793 de
927 1761 1013 1800 Deo,
1033 1772 1127 1803 quam
1145 1771 1203 1792 na-

235 1815 307 1840 tura
330 1807 489 1845 hominis,
514 1806 564 1838 vel
588 1807 704 1837 anima.

257 1981 371 2031 Quae
403 1990 495 2021 sunt
526 1980 737 2034 praecipua
771 1979 809 2017 in
840 1978 1020 2027 homine,
1053 1978 1118 2017 vel
1149 1977 1189 2017 in

638 2055 794 2095 anima?

325 2157 474 2189 Potentia
498 2165 704 2196 cognoscens
728 2155 799 2185 sive
823 2164 929 2184 mens:
965 2153 1144 2194 Cogitatio,
1174 2158 1205 2183 et

239 2201 387 2242 spiritus',
417 2200 487 2230 sive
510 2199 609 2229 motio
637 2197 691 2229 vel
722 2197 866 2237 agitatio.
917 2195 1011 2226 Mens
1041 2196 1139 2225 habet
1168 2205 1205 2226 se

239 2244 324 2274 sicut
343 2243 451 2273 Pater.
496 2241 624 2272 Deinde
644 2240 811 2280 cogitatio,
831 2249 914 2279 quae
937 2244 986 2268 est.
1010 2238 1117 2278 imago
1140 2236 1204 2267 for-

239 2292 342 2323 mata,
378 2284 477 2316 habet
510 2294 547 2314 se
581 2285 664 2313 sicut
700 2282 816 2319 filius,
858 2280 909 2312 vel
944 2282 1050 2320 potius
1084 2291 1203 2310 sermo.

238 2327 360 2366 Tertio,
384 2338 456 2358 oum
481 2333 530 2357 cst
554 2325 692 2356 ἦρι-11111141
718 2325 883 2365 cogitatio,
904 2334 942 2354 ca
967 2324 1074 2353 statim
1099 2324 1204 2353 vibrat

240 2381 317 2407 cor,
340 2377 372 2401 et
395 2370 430 2400 fit
453 2370 551 2400 motio
576 2367 627 2399 vel
650 2368 783 2409 agitatio
808 2367 935 2401 coi‘dis,
965 2366 1049 2406 quod
1075 2371 1125 2395 cst
1148 2366 1204 2395 mi-

240 2412 352 2444 rabile.
398 2412 536 2447 Quando
561 2418 595 2441 tu
620 2411 747 2451 cogitas
772 2411 812 2440 dc
836 2409 963 2439 inimico
989 2415 1059 2445 tuo,
1084 2408 1124 2438 dc
1147 2407 1204 2438 ho-

240 2456 335 2492 mine,
358 2465 452 2496 quem
476 2454 584 2491 odisti,
608 2460 685 2483 tunc
710 2451 832 2483 formas
857 2451 1099 2492 cogitationem.
1145 2450 1204 2480 Co-

240 2499 352 2539 gitatio
375 2499 437 2528 ista
460 2498 568 2527 statim
593 2497 742 2526 verberat
768 2505 835 2525 cor.
890 2494 922 2524 ln
949 2494 1046 2523 corde
1071 2493 1204 2533 spiritus

241 2541 389 2581 erumpit,
408 2546 515 2570 movet,
535 2538 737 2579 sanguinem,
756 2545 785 2568 et
806 2537 911 2567 otnnia
932 2537 1087 2572 nwnfflra,
1105 2535 1205 2565 sentis

241 2593 353 2613 veram
376 2582 624 2613 commotionem
648 2582 678 2611 in
703 2586 771 2611 toto
796 2589 945 2619 corpore.
980 2578 1133 2617 Spi:·ituS‚
1153 2579 1204 2618 qui

242 2630 416 2666 generatur
438 2625 470 2655 in
496 2625 616 2661 corde,
649 2629 699 2654 est
730 2622 948 2653 immediatum
973 2630 1150 2661 organum,
1173 2625 1205 2650 et

1250 277 1498 307 instrumentum
1526 280 1634 306 motus
1662 276 1694 306 in
1718 276 1869 308 omnibus
1891 276 2076 308 affectibus.

1251 319 1350 350 Patre
1373 324 1405 349 et
1427 317 1508 348 Filio
1531 318 1680 358 procedit
1701 319 1828 357 πνεῦμα.
1905 356 1909 357 ⁷

1335 360 1396 391 Hit:
1425 360 1563 401 Spiritus
1594 370 1653 391 seu
1681 361 1836 402 agitatio,
1866 371 1932 392 non
1955 361 2062 393 solum
2086 362 2220 404 copulat

1250 403 1380 434 Patrem
1403 409 1434 434 ct
1457 402 1588 440 Filium,
1618 403 1677 433 sed
1701 404 1797 434 etiam
1821 402 1923 435 efficit
1946 405 1976 435 in
2000 406 2096 436 nobis
2120 407 2219 437 actio-

1250 457 1310 477 nes
1334 453 1365 477 et
1388 452 1513 483 motus,
1542 444 1649 487 qualis
1678 453 1727 476 est
1751 446 1822 486 ipse
1844 445 1954 484 Deus,
1983 449 2087 479 sentis
2110 455 2219 480 motus

1249 489 1383 526 amoris,
1401 487 1555 526 laetitiae,
1572 488 1826 524 misericordiae,
1840 495 1871 520 et
1883 489 2019 520 aliorum
2035 491 2221 529 affectuum,

1250 532 1304 573 qni
1327 537 1402 562 sunt
1426 531 1456 561 in
1481 530 1565 561 Deo.
1619 530 1704 560 lstos
1728 538 1836 562 motus
1860 533 1920 563 etsi
1943 534 2046 563 sentis
2068 535 2219 572 tenuiter,

1250 575 1354 605 sentis
1379 580 1498 604 tamen.
1544 573 1579 604 ld
1608 574 1734 603 debetis
1761 584 1946 615 agnoscere
1975 577 2005 606 in
2031 586 2107 606 vera
2130 577 2220 607 invo-

1251 617 1390 654 catione,
1403 616 1458 647 ubi
1477 621 1553 657 post
1571 617 1793 656 precationem
1818 627 1876 647 cor
1898 618 2078 658 acquiescit
2091 619 2122 649 in
2137 619 2219 649 Deo.

1250 658 1308 689 llle
1326 667 1434 690 motus
1457 664 1508 689 est
1525 658 1667 699 Spiritus
1685 660 1791 689 sancti
1812 665 1931 696 motus,
1954 661 1994 690 de
2014 671 2079 701 quo
2099 660 2220 692 Paulus

1250 702 1342 733 dicit:
1377 702 1554 739 decepistis
1583 702 1750 740 Spiritwn,
1787 701 1965 730 clamantem
1995 703 2082 732 Abba
2111 704 2218 733 Pater.

1250 744 1392 780 Quando
1417 743 1524 775 David
1547 742 1629 784 fugit
1652 742 1749 780 Saul,
1778 746 1935 784 premitur
1965 744 2087 776 dolore.
2134 746 2220 777 ldem

1250 798 1364 818 onmes
1398 787 1555 817 sentimus
1590 787 1622 817 in
1656 787 1783 827 magnis
1819 786 1931 825 malis,
1964 789 2025 818 sed
2052 788 2148 829 erigit
2172 799 2220 827 se,

1250 830 1380 861 subiicit
1413 839 1451 859 se
1485 828 1645 860 voluntati
1681 828 1758 866 Dei,
1794 835 1825 859 et
1855 828 1933 862 facit
1961 831 2101 868 interea,
2136 840 2221 872 quae

1250 878 1326 903 sunt
1354 873 1415 903 viri
1437 870 1548 910 fortis,
1575 877 1668 912 parat
1692 870 1933 910 defensionem,
1962 879 1993 903 et
2022 883 2090 904 non
2114 873 2221 904 fremit

1249 915 1412 946 adversus
1440 913 1564 954 Deum,
1594 920 1627 944 ut
1657 914 1790 952 Cicero,
1819 916 1873 955 qui
1903 914 2077 946 exclamat:
2114 916 2223 945 Omnes

1250 958 1309 987 Dii
1329 959 1526 996 proiecerunt
1549 967 1614 985 noS.
1666 956 1731 987 Iste
1760 963 1810 987 est
1839 967 1957 988 sensus
1982 959 2090 989 carnis
2115 959 2145 989 in
2170 958 2222 989 Ci-

1252 1010 1384 1038 cerone,
1402 1006 1435 1030 et
1453 1005 1503 1029 est
1521 1010 1623 1037 mors,
1643 1009 1708 1029 non
1733 1005 1784 1030 est
1806 1006 1914 1030 motus
1938 1000 2079 1040 Spiritus
2102 1002 2220 1032 sancti.

1251 1044 1377 1074 Sensus
1400 1043 1542 1082 Spiritus
1566 1048 1616 1072 est
1639 1042 1704 1072 vita
1729 1048 1760 1072 et
1788 1040 1925 1073 laetitia:
1960 1042 2071 1074 Manet
2099 1042 2221 1074 laetitia

1252 1086 1284 1116 in
1317 1086 1476 1116 moriente
1509 1084 1658 1119 honiine3
1693 1090 1728 1114 ut
1756 1085 1872 1116 videtis
1901 1084 2021 1116 multos
2051 1087 2222 1117 discedere

1252 1138 1325 1159 cum
1358 1126 1498 1162 laetitia3
1519 1126 1574 1156 alii
1596 1136 1661 1157 non
1685 1125 1865 1164 laetantur,
1897 1128 1937 1158 ad
1963 1139 2046 1169 qnos
2070 1129 2223 1170 congruit

1251 1180 1386 1201 versus:
1433 1169 1562 1208 Vltaqnc
1603 1178 1668 1197 eum
1706 1171 1820 1207 glemitzc
1848 1170 1934 1208 fityil
1967 1171 2134 1210 iudiynata
2167 1171 2221 1201 sub

1251 1213 1380 1242 umbras.
1427 1210 1486 1242 iila
1509 1211 1629 1242 fiducia
1653 1216 1684 1241 ct
1706 1210 1830 1241 laetitia
1852 1213 2069 1252 acquiescens
2088 1214 2119 1243 in
2138 1213 2222 1251 Deo,

1252 1266 1336 1298 quae
1365 1256 1520 1292 sentitur,
1555 1259 1605 1284 est
1633 1259 1742 1283 motus
1766 1252 1819 1284 vel
1842 1255 1996 1294 agitatio,
2027 1266 2111 1296 quae
2137 1256 2223 1287 exci-

1252 1305 1338 1329 tatur
1361 1309 1381 1329 a
1405 1297 1528 1339 Spiritu
1551 1301 1684 1332 sancte,
1708 1296 1763 1336 qui
1786 1296 1919 1337 copulat
1942 1308 2003 1328 nos
2028 1308 2099 1329 cum
2124 1297 2223 1330 Patre

1252 1348 1285 1372 et
1308 1340 1402 1371 Filio.

1338 1383 1404 1414 lam
1428 1382 1586 1423 cogitate,
1615 1386 1736 1416 quanta
1759 1381 1823 1412 sint
1842 1381 1940 1419 haec,
1971 1382 2011 1412 de
2034 1383 2153 1423 quibus
2177 1383 2222 1414 di·

1254 1427 1368 1458 cimus.
1425 1425 1586 1456 Divinitas
1617 1423 1697 1454 nihil
1724 1430 1834 1464 potest
1862 1425 1966 1454 maius
1996 1425 2092 1463 dare,
2127 1435 2224 1466 quam

1254 1480 1291 1500 se
1320 1471 1438 1510 ipsam:
1468 1468 1567 1498 Pater
1594 1467 1649 1497 dat
1675 1476 1712 1497 se
1735 1467 1831 1497 nobis
1855 1468 1956 1497 misso
1979 1466 2074 1507 Filio,
2097 1474 2129 1498 et
2153 1468 2224 1508 Spi-

1254 1514 1317 1544 ritu
1340 1516 1469 1542 sancto.
1519 1508 1633 1540 Filium
1656 1509 1729 1546 dat,
1756 1515 1792 1539 ut
1814 1510 1856 1539 sit
1880 1510 2008 1540 victima
2031 1521 2091 1551 pro
2116 1511 2224 1548 nobis,

1255 1562 1287 1586 et
1309 1560 1343 1586 ut
1371 1555 1455 1584 idem
1486 1551 1539 1583 illc
1563 1551 1665 1582 Filius
1689 1552 1732 1581 sit
1755 1553 1786 1582 in
1811 1553 1906 1582 nobis
1931 1552 2049 1582 efficax
2072 1563 2130 1593 per
2154 1563 2223 1583 ver-

1256 1600 1332 1629 bum
1359 1594 1487 1628 vocale.
1543 1593 1648 1625 Simul
1679 1595 1773 1624 etiam
1805 1595 1900 1625 datur
1923 1594 2063 1635 Spiritus
2087 1601 2223 1626 sanctus

1254 1650 1314 1682 per
1342 1638 1474 1676 Filium,
1509 1643 1544 1668 ut
1580 1637 1681 1677 inquit
1715 1636 1936 1668 Athanasius:
1976 1637 2150 1677 Ubicunque
2178 1641 2223 1667 est

1253 1684 1393 1722 Spiritus
1415 1684 1550 1714 sauctus,
1575 1683 1620 1708 eit
1642 1679 1687 1707 ibi
1705 1689 1763 1716 per
1785 1679 1913 1709 verbum.
1959 1679 2049 1711 Haec
2073 1686 2148 1710 sunt
2172 1680 2224 1719 pie

1255 1732 1287 1757 et
1312 1729 1503 1756 reverenter
1533 1722 1730 1763 cogitanda,
1759 1727 1789 1752 et
1817 1722 2033 1763 agnoscenda
2063 1722 2224 1754 beneficia

1255 1770 1414 1800 immensa
1443 1765 1524 1803 Dei,
1559 1771 1589 1796 et
1620 1765 1768 1804 agendae
1798 1765 1925 1805 gratiae
1948 1763 2041 1803 Deo,
2076 1765 2163 1806 quod
2187 1775 2224 1795 se

1256 1810 1473 1842 communicat
1496 1807 1691 1839 hominibus.

1342 1852 1494 1884 Condidit
1517 1850 1610 1881 Deus
1633 1848 1815 1886 hominem,
1844 1855 1876 1879 et
1894 1847 1995 1879 voluit
2018 1850 2047 1879 in
2072 1859 2111 1879 eo
2135 1849 2224 1880 habi-

1257 1902 1344 1933 tare,
1374 1901 1405 1925 et
1433 1904 1470 1924 se
1499 1904 1538 1924 ac
1564 1891 1723 1922 beneficia
1747 1901 1808 1921 sua
1831 1890 2061 1922 transfundere
2084 1893 2116 1922 in
2141 1903 2222 1923 eum.

1257 1939 1362 1969 llomo
1397 1935 1544 1967 horribili
1578 1934 1786 1976 ingratudinc
1815 1944 1852 1963 se
1885 1934 2012 1964 avertit.
2064 1934 2109 1965 lbi
2134 1933 2225 1965 Deus

1256 1982 1361 2022 magis
1394 1989 1431 2010 se
1465 1979 1592 2010 dimittit
1636 1982 1750 2006 nostra
1786 1986 1917 2006 caussa.
1978 1977 2094 2007 lterum
2130 1978 2224 2008 nobis

1257 2025 1369 2061 adest,
1398 2023 1452 2053 dat
1480 2020 1613 2056 Filium,
1648 2029 1706 2058 per
1733 2028 1826 2058 quem
1851 2029 1912 2048 nos
1937 2019 1999 2049 sibi
2023 2018 2223 2056 reconciliat,

1257 2072 1373 2108 postea
1397 2065 1491 2095 mittit
1514 2063 1667 2103 Spiritum
1697 2061 1728 2091 in
1753 2071 1810 2090 cor
1834 2066 1942 2099 tunm,
1972 2063 2025 2102 qui
2049 2068 2099 2092 cst
2122 2063 2224 2103 agita-

1257 2116 1326 2146 tor,
1361 2115 1395 2139 ut
1429 2106 1583 2137 laetificet
1617 2114 1674 2134 cor
1709 2108 1813 2139 tuum,
1843 2102 1940 2134 saciat
1969 2111 2075 2135 motus
2099 2112 2223 2141 castos,

1256 2153 1381 2188 iustos,
1404 2158 1559 2184 veraceS,
1583 2145 1687 2187 qualis
1712 2151 1760 2176 est
1787 2145 1890 2176 Deus,
1946 2146 2037 2177 Dens
2067 2148 2150 2177 enim
2174 2154 2223 2177 est

1256 2195 1412 2230 essentia,
1436 2190 1564 2233 qualem
1589 2199 1625 2219 se
1649 2189 1805 2218 describit
1827 2189 1858 2218 in
1881 2188 1967 2230 lege,
1990 2190 2085 2229 iusta,
2108 2199 2222 2227 verax,

1256 2237 1401 2277 sapiens.

1342 2279 1408 2308 Ista
1438 2278 1469 2307 in
1497 2274 1741 2316 precationibus
1771 2274 1913 2314 cogitate
1937 2275 1976 2304 de
2000 2274 2168 2314 personiS,
2192 2280 2222 2305 et

1256 2322 1355 2363 petite
1385 2331 1404 2351 a
1433 2319 1523 2350 Deo:
1554 2316 1702 2359 1115ῐίίίοαἶ
1724 2326 1774 2346 1118
1803 2326 1861 2356 pcr
1885 2322 1914 2347 et
1940 2322 2073 2358 propter
2096 2315 2224 2354 Filium,

1257 2370 1288 2395 et
1310 2363 1454 2394 accende
1478 2371 1536 2392 cor
1560 2370 1665 2390 meum
1690 2358 1810 2398 Spiritu
1836 2366 1890 2389 tuo
1915 2366 2050 2397 sancto,
2074 2366 2107 2390 ut
2133 2358 2224 2389 Psal-

1257 2418 1328 2438 mus
1363 2406 1456 2446 petit:
1493 2404 1554 2433 Cor
1584 2401 1723 2430 mundum
1753 2412 1822 2429 crea
1852 2404 1882 2430 1¹11
1908 2412 1951 2430 me
1974 2402 2072 2431 Deus:
2106 2402 2138 2432 id
2162 2408 2224 2439 est,

1257 2448 1500 2480 mun-„liticatum
1539 2451 1674 2486 propter
1708 2443 1824 2474 Filium
1864 2444 1938 2475 fide.
1996 2444 2088 2476 Sicut
2126 2443 2224 2484 paulo

1257 2498 1332 2522 ante
1359 2491 1449 2521 dixit:
1479 2489 1622 2528 Ilyssopo
1652 2496 1695 2514 mc
1720 2497 1879 2525 asperqm:
1911 2487 1941 2517 id
1965 2493 2033 2525 est,
2065 2488 2223 2527 sanguine

1258 2534 1339 2564 Filii.
1384 2533 1535 2563 Nominat
1559 2538 1670 2571 typum
1696 2540 1754 2569 pro
1779 2530 1975 2569 significato.
2030 2529 2149 2561 Postea
2168 2529 2223 2559 ad-

1258 2577 1316 2607 dit:
1349 2576 1465 2605 quovst
1489 2576 1521 2603 in
1544 2584 1587 2602 ma
1610 2572 1760 2610 Spiritum
1784 2576 1914 2606 rer-tum,
1947 2573 1979 2602 id
2009 2578 2078 2609 est,
2112 2581 2223 2601 assen-

1258 2620 1389 2650 tientem
1423 2616 1642 2658 promissioni.
1699 2614 1791 2645 ltem:
1828 2615 1879 2643 Da
1908 2615 1981 2643 ηιίΙιί
2006 2615 2156 2653 Spiritum
2175 2614 2223 2651 fir-

2120 278 2176 311 Sic
2199 289 2219 310 a
