2343 2970
49 213 111 242 7:523

50 310 154 340 dicat:
187 307 235 338 Tu
258 304 358 336 stulte
381 303 510 340 nescis,
535 308 657 343 quanta
681 300 723 330 sit
747 297 850 329 moles
875 304 1026 339 peccato-

49 362 133 389 rum,
158 357 189 381 et
212 350 340 391 quoties
364 345 517 378 labantur
539 343 699 375 homines.

51 402 165 426 vetera
190 391 378 425 certamina.
425 388 545 430 Longo
581 393 727 427 tempore
762 383 823 414 hae
858 384 900 414 sit
934 393 1028 414 error

51 437 311 469 Novatianorum
334 434 365 464 in
388 430 555 468 Ecclesia,
579 436 611 460 et
631 434 707 459 sunt
732 426 841 458 sactae
866 426 1027 467 composi-

50 482 157 512 tiones
181 477 368 520 aliquando.
413 477 572 514 Tempore
596 470 828 513 Chrysostomi
853 479 1028 500 concesse-

52 530 137 557 runt,
173 529 206 554 ut
239 522 464 562 reciperentur
492 516 576 558 lapsi
606 512 719 545 semel.
766 512 1028 554 Chrysostomus

51 573 182 599 contra:
207 566 273 596 lino
297 562 412 604 inquit,
430 560 561 601 χιλιάκις
579 557 762 597 μεταιῑοήσας
784 559 827 591 εἰς
839 560 918 586 sitm.
944 554 1028 585 Nus-

52 621 149 651 quam
173 609 237 640 hoc
259 607 396 648 legitur,
432 604 494 635 nisi
513 603 601 644 apud
626 600 818 631 historicum
843 598 1028 629 Socratem.

52 652 154 685 Miror
177 663 195 683 a
219 651 359 683 caeteris
383 646 652 689 praetermissum
675 652 762 674 esse.
795 642 916 672 illt’llt'es
931 651 1029 681 ‹tyens

53 696 289 736 poeniteutiam,
312 691 528 734 1'nqredz’atur,
552 686 677 720 scilicet
702 685 743 716 ad
757 684 1031 721 communionem,

53 739 83 770 id
110 745 175 776 est,
198 749 260 779 ego
285 747 351 768 non
371 734 447 765 volo
462 741 631 764 numerum
646 729 875 760 remissionum
887 737 1030 768 ponere;

54 783 114 813 sed
149 782 412 823 quotiescunque
445 782 501 807 aut
536 781 734 816 quocunque
767 772 818 802 die
847 780 1030 802 conversus

57 825 153 856 {uerit
177 830 344 865 peccator,
378 827 411 852 ut
443 825 493 850 est
526 817 612 858 apud
637 813 858 852 Ezechielem,
883 824 948 844 non
973 823 1030 844 ero

57 879 182 899 memor
200 873 409 908 peccatorum
433 863 513 893 eius.
927 901 933 906 ·
1003 899 1010 906 .

145 910 280 941 Habetis
304 906 510 938 manifestum
541 900 724 942 exemplum
760 900 800 930 de
834 899 1030 940 recipiendis

58 954 162 995 lapsis
199 953 284 994 apud
319 948 454 981 Paulum
490 947 531 977 ad
562 943 762 977 Corinthios.
815 942 1031 974 Consuetudo

56 998 202 1038 privatae
235 992 453 1027 absolutionis
488 999 527 1021 eo
551 988 628 1019 mihi
659 987 766 1028 magis
794 984 922 1027 placet,
957 985 1031 1026 quia

57 1045 107 1070 est
134 1036 404 1069 cotnntonetactio
430 1038 546 1065 eontra
580 1031 804 1067 Novationos,
835 1038 1031 1070 quamquam
1057 1047 1059 1072 ἓ

56 1082 186 1123 quidam
206 1080 302 1113 valde
325 1080 553 1110 adversantur.
734 1116 740 1122 ι

143 1124 285 1154 Primum
304 1123 402 1164 igitur
421 1123 617 1151 mementote
636 1117 818 1146 doctrinam
838 1121 952 1145 contra
966 1114 1031 1144 No-

58 1168 208 1199 vatianus
234 1173 264 1197 et
290 1164 552 1197 consolationem
577 1159 818 1195 dulcissimam,
849 1159 879 1188 in
905 1167 968 1198 qua
992 1157 1032 1187 si-

57 1209 123 1241 nml
148 1216 196 1240 est
223 1206 497 1240 conimonet'zictio
517 1205 556 1235 de
570 1202 794 1244 magnitudine
806 1207 1031 1242 peccatorum.

57 1251 106 1284 llli
130 1253 335 1283 nominarunt
362 1261 398 1281 se
421 1248 584 1285 catharos,
607 1245 701 1287 quasi
726 1246 920 1285 possitessc
934 1243 1031 1273 homo

56 1296 128 1326 sine
152 1295 360 1326 immunditie.
407 1292 636 1322 Nazianzenus
664 1288 783 1328 inquit:
818 1288 906 1324 Quae
930 1287 1031 1316 stulci-

57 1340 104 1369 ίία
135 1339 166 1368 ln
192 1337 373 1369 Callmres?
407 1335 491 1376 quod
525 1342 587 1363 ηοη
609 1332 718 1361 volant
741 1331 887 1370 recipere
910 1329 1031 1369 lapsos,

55 1383 152 1422 quasi
171 1382 238 1422 ipsi
257 1382 319 1412 siut
343 1381 411 1411 sine
431 1376 594 1418 pcccatis?
617 1373 744 1404 Videtis
769 1372 891 1403 multos
916 1371 1031 1412 lapsus

55 1424 214 1463 Davides,
248 1431 276 1455 et
314 1424 343 1453 in
380 1432 444 1453 uno
482 1418 536 1450 illo
568 1416 696 1448 scelere
720 1426 818 1457 quam
843 1414 942 1446 muita
966 1413 1031 1445 alia

732 204 945 236 POSTILLA
970 201 1373 235 MELAM‘HOMANA.

748 341 948 372 Mementote
972 339 1027 371 iila
1052 343 1054 359 ¹

1996 198 2057 228 7¹04

1080 305 1112 328 et
1136 295 1232 327 simul
1256 295 1416 326 clamare:
1442 295 1550 325 Credo
1575 294 1721 332 Domine,
1744 296 1801 326 sed
1823 305 1913 334 opem
1932 293 1987 333 fer
2005 295 2058 324 im-

1081 340 1248 371 becillitati
1268 349 1344 369 mea.
1393 337 1488 368 ltem:
1513 337 1672 368 Converte
1695 348 1741 368 me
1766 337 1912 375 Domine,
1937 341 1966 367 et
1985 347 2055 367 con-

1080 387 1204 415 vertar.
1250 381 1340 412 Haec
1365 380 1445 412 fiunt
1469 380 1541 411 Deo
1565 388 1718 411 movente
1741 391 1799 421 pei·
1824 382 1971 412 verbum.

1169 426 1234 456 lsta
1260 424 1382 455 veritas
1405 422 1580 454 manifesta
1603 430 1655 454 est
1678 425 1843 461 omnibus,
1869 424 1922 465 qui
1937 423 2058 454 liabent

1081 469 1238 500 exercitia
1262 467 1493 498 invocationis.
1540 467 1681 501 Quando
1717 468 1798 498 dicis
1822 467 2059 507 precationem,

1082 513 1249 543 incurrunt
1275 512 1305 540 in
1330 517 1472 540 mentem
1508 510 1746 550 cogitationes:
1782 510 1859 551 quid
1892 509 2060 551 precaris?

1083 563 1115 586 tu
1139 566 1176 586 es
1195 554 1366 595 indignus:
1391 553 1434 583 ibi
1455 559 1765 594 oportetopponere
1780 552 2060 585 consolationem:

1082 597 1130 629 Tu
1154 598 1278 628 dixisti:
1322 595 1398 626 l't'ro
1421 605 1494 636 eyo,
1522 596 1595 625 uolo
1620 601 1750 627 :nortem
1773 597 1966 636 peccatoris.
2012 595 2060 628 Tu

1083 651 1162 672 vere
1187 642 1236 670 vis
1262 641 1447 680 ignoscere.
1494 638 1550 670 Sic
1575 639 1698 671 dixisti:
1731 640 1992 680 Quandocumque
2015 641 2061 670 ιἠ-

1079 684 1235 726 yemuem't
1255 686 1418 721 peccator,
1441 691 1501 712 von
1526 691 1582 712 ero
1606 692 1723 714 memor
1735 687 1942 722 peccatorum
1960 683 2063 722 ipsius

1083 728 1230 767 amplius.

1169 770 1309 801 Debetis
1333 769 1428 798 etiam
1452 768 1518 799 hoc
1542 769 1646 798 scire:
1679 769 1917 800 Remissionem
1948 779 2060 810 pecca-

1084 821 1190 844 torum
1210 822 1275 842 non
1300 821 1376 842 esse
1400 809 1568 852 alligatam
1602 812 1643 842 ad
1679 810 1924 843 absolutionem
1955 813 2062 852 priva·

1085 865 1162 894 tam,
1188 862 1219 886 ut
1244 856 1315 885 sine
1339 864 1377 884 ea
1401 865 1466 884 non
1491 855 1596 895 possit
1621 855 1707 886 fieri:
1731 856 1827 887 etiam
1851 857 1878 886 si
1902 855 2062 886 dehemus

1084 900 1129 931 uti
1154 897 1221 935 illa,
1246 897 1378 940 quando
1402 907 1593 938 possumus,
1618 905 1727 929 tamen
1753 909 1816 929 non
1831 909 1972 930 necesse
1997 906 2061 935 est,

1085 941 1223 984 singulis
1248 941 1420 972 momentis
1445 951 1623 972 accurrere
1651 943 1692 973 ad
1715 942 1899 973 ministrum
1925 952 1983 972 seu
2006 952 2061 982 pa-

1086 992 1222 1022 storem,
1246 984 1333 1025 quod
1362 990 1411 1014 est
1435 984 1647 1024 impossibile.
1695 984 1771 1016 Erat
1799 985 2006 1016 consuetudo
2030 985 2062 1015 in

1086 1028 1224 1069 Papam,
1249 1033 1281 1057 ut
1307 1033 1475 1057 currerent
1499 1027 1610 1057 decies
1637 1027 1687 1059 tel
1711 1029 1814 1059 vicies
1839 1030 1910 1058 sine
1933 1028 1997 1058 tine
2021 1028 2062 1059 ad

1057 1082 1059 1087 ·
1085 1072 1264 1102 auditorem
1290 1070 1522 1107 consessionis,
1546 1072 1809 1113 quandocunque
1832 1072 1980 1102 veniebat
2006 1069 2062 1102 ali-

54 1466 183 1499 scelera
219 1470 418 1498 concurrunt
453 1464 484 1494 in
519 1468 614 1502 raptu
643 1458 769 1490 alienae
805 1458 969 1499 coniugis,
997 1458 1058 1502 in:

55 1509 193 1542 consilio
218 1510 258 1540 de
282 1507 508 1540 interficiendo
533 1508 648 1535 sancto
672 1503 756 1538 viro,
780 1507 810 1532 et
834 1507 942 1532 tamen
965 1499 1030 1531 Da-

55 1553 110 1583 vid
134 1553 298 1594 recipitur.
344 1551 392 1581 lta
422 1549 565 1591 cogitate
599 1551 739 1589 peccata
769 1544 945 1583 Manasse3
974 1542 1029 1575 ille

54 1596 210 1635 recipitur
234 1601 310 1635 post
343 1600 407 1624 tam
443 1601 562 1632 magna
590 1599 623 1621 et
646 1588 752 1619 tristia
774 1593 923 1628 peccata.
969 1587 1030 1617 Te-

56 1648 193 1670 neamus
217 1636 401 1667 firmissime
426 1635 507 1665 tradi
536 1633 589 1664 hic
619 1631 803 1663 doctrinam
837 1631 878 1661 de
912 1630 1025 1660 remis-

54 1682 150 1712 sione
174 1691 286 1712 coram
310 1678 395 1710 Deo.
441 1677 554 1708 Sancti
576 1674 644 1706 labi
675 1678 826 1715 possunt,
861 1680 894 1703 et
927 1671 1029 1714 aliqui

56 1724 206 1761 redeunt,
232 1729 266 1754 ut
292 1722 413 1758 David,
449 1720 576 1754 Aar0n3
611 1717 711 1759 aliqui
734 1727 799 1747 non
825 1717 972 1749 redeunt,
996 1722 1030 1745 ut

55 1765 147 1805 Saul,
183 1766 291 1797 ludas.
338 1764 479 1800 Quando
516 1772 593 1792 vere
627 1761 814 1801 ets-pavescit
849 1769 906 1789 cor
941 1759 1027 1799 agni-

55 1811 144 1841 tione
167 1811 236 1840 irae
260 1808 333 1846 Dei,
370 1807 479 1838 audiat
504 1804 767 1846 promissionem,
790 1807 946 1842 repugnet
970 1801 1028 1831 dif-

55 1852 221 1889 fidentiae,
246 1862 311 1883 non
335 1851 474 1893 cogitet:
505 1848 577 1890 Ego
602 1845 678 1878 volo
702 1851 894 1885 expectare,
923 1845 1030 1874 donec

54 1895 149 1928 Dens
184 1905 235 1926 me
270 1896 386 1936 rapiat.
433 1893 499 1923 lmo
536 1892 566 1922 in
601 1889 658 1921 illa
692 1890 763 1929 ipsa
797 1888 1030 1924 concussione,

54 1940 188 1980 quando
212 1937 305 1969 Deus
330 1937 436 1979 arguit
463 1945 520 1966 cor
544 1944 627 1965 voce
651 1932 834 1969 doctrinae,
865 1937 943 1961 tunc
967 1936 1030 1961 tra-

55 1981 104 2013 hit
126 1988 158 2013 te
181 1980 290 2012 Deus:
316 1976 570 2011 commonefacit
594 1983 636 2014 te,
661 1982 693 2007 ut
719 1973 892 2016 confugias
916 1974 957 2004 ad
985 1973 1032 2004 Fi-

56 2022 155 2060 lium;
185 2024 267 2054 sicut
299 2022 352 2054 lex
383 2023 516 2053 dicitur:
554 2020 769 2060 Paedoyoyus
796 2019 829 2048 z’n
859 2017 1031 2051 Christum,

57 2065 196 2103 scilicet,
219 2072 252 2096 ut
276 2064 451 2107 confugias
476 2064 517 2095 ad
541 2074 624 2094 eum.
661 2062 777 2092 Esaias
802 2062 918 2102 inquit:
942 2060 1032 2091 Deus

53 2108 139 2149 facit
168 2110 305 2140 alienum
338 2119 434 2148 opus,
468 2112 502 2138 ut
531 2105 641 2146 fczclat
662 2105 843 2146 proprium.
889 2103 1030 2139 Quando

57 2158 227 2183 sustentas
261 2159 292 2182 te
326 2151 408 2188 fide,
441 2156 518 2181 tunc
552 2151 655 2181 debes
685 2154 831 2179 statuere
861 2147 1031 2178 verissime

57 2195 284 2226 remissionem
309 2193 428 2225 factam
453 2203 537 2224 esse.
585 2193 656 2224 Hoc
679 2198 742 2228 est,
766 2190 938 2231 Iustificati
956 2189 1029 2231 fide,

55 2248 166 2278 pacem
188 2237 347 2268 habemus.
376 2236 450 2267 Non
473 2236 577 2267 debes
591 2236 754 2277 cogitare:
778 2235 806 2264 si
831 2243 867 2264 es
892 2231 1030 2270 electus,

56 2280 149 2312 Deus
169 2282 209 2312 de
234 2281 360 2321 rapier3
389 2290 453 2310 non
477 2279 578 2310 debes
602 2280 691 2320 prius
716 2278 895 2318 disputare,
917 2286 959 2307 an
982 2277 1030 2307 sis

56 2323 202 2360 electus3
236 2324 294 2354 sed
331 2324 432 2353 debes
467 2323 558 2363 prius
593 2321 737 2353 credere
791 2320 849 2351 Est
882 2320 963 2350 ordo
999 2320 1030 2349 in

55 2366 271 2407 Pltiiosophia
291 2373 322 2397 et
342 2366 490 2397 doctrina
514 2363 666 2396 Ecclesia
690 2363 868 2395 dissimilis.
900 2362 934 2393 ln
959 2361 1031 2393 Phi-

55 2408 209 2450 losophia
234 2410 424 2450 proceditur
448 2409 488 2438 ab
513 2409 712 2449 experientia
731 2409 772 2438 ad
784 2406 1031 2441 assensionem3

54 2459 102 2489 ut,
126 2452 257 2493 quando
285 2453 387 2483 debes
411 2458 557 2482 statuere
579 2451 772 2482 cerevisiam
797 2460 874 2481 esse
899 2450 1028 2487 bonam,

56 2501 186 2535 oportet
209 2502 242 2525 te
265 2496 355 2535 prius
380 2500 525 2535 gustare.
572 2495 637 2525 Sed
671 2494 702 2525 in
739 2493 888 2525 doctrina
912 2491 1029 2525 Eccle-

56 2539 127 2569 siae
151 2549 170 2569 a
194 2539 296 2569 verbo
321 2539 476 2569 ordimur.
522 2537 605 2568 Nam
629 2538 730 2569 verbo
765 2537 949 2568 excitantur
973 2536 1028 2567 do—

53 2579 158 2619 iot-es,
181 2582 286 2612 verbo
299 2581 379 2612 fiunt
398 2580 657 2619 consolationes,
679 2580 752 2612 ideo
777 2581 910 2611 dicitur:
934 2579 1030 2610 Fides

55 2634 94 2655 ex
118 2625 241 2655 auditu.
287 2623 426 2659 Quando
455 2624 549 2655 audis
574 2625 725 2662 verbum,
756 2624 857 2655 debes
883 2624 1030 2659 credere,

1086 1116 1162 1156 quid
1198 1115 1228 1144 in
1263 1120 1413 1143 mentem.
1460 1112 1567 1144 Debet
1603 1115 1634 1145 in
1670 1116 1765 1146 nobis
1801 1125 1878 1145 esse
1911 1113 2062 1145 minutas

1085 1158 1197 1189 utendi
1222 1157 1413 1194 ministerio,
1439 1163 1468 1186 et
1495 1157 1655 1189 interdum
1680 1169 1720 1189 cn
1745 1159 1900 1188 utendum
1916 1164 1982 1188 est:
2003 1157 2062 1188 sed

1087 1201 1218 1242 quando
1242 1210 1306 1230 non
1331 1210 1508 1240 possumus
1533 1201 1594 1238 uti,
1625 1208 1702 1232 tunc
1728 1212 1767 1232 ex
1794 1202 1895 1231 verbo
1919 1206 2063 1231 statuen-

1086 1245 1160 1275 dum
1181 1250 1232 1275 est
1256 1243 1297 1273 de
1321 1243 1516 1273 remissione
1539 1251 1764 1284 peccatorum.
1795 1245 1909 1275 Coena
1929 1243 2061 1274 Domini

1086 1287 1182 1318 etiam
1207 1293 1257 1317 est
1282 1285 1496 1316 ministerium
1520 1285 1740 1318 absolutionis·
1766 1288 1922 1328 privatae.
1948 1287 2062 1317 Osian—

1086 1330 1143 1361 der
1166 1338 1305 1371 prorsus
1328 1326 1538 1359 absoleverat
1562 1329 1802 1361 ahsolutionem
1828 1330 1986 1371 privatam
2003 1329 2062 1359 No-

1086 1374 1248 1414 ribergae.
1296 1371 1376 1402 Post
1400 1382 1506 1402 annos
1542 1373 1578 1403 12
1604 1372 1705 1404 voluit
1731 1374 1916 1404 restituere.
1966 1371 2063 1404 Dela-

1084 1426 1166 1458 psus
1190 1422 1240 1446 est
1264 1416 1296 1446 in
1320 1416 1518 1446 contrariam
1544 1416 1824 1458 imaginationem:
1849 1414 1971 1447 nullam
1988 1425 2064 1446 esse

1084 1460 1311 1490 remissionem
1336 1464 1557 1499 peccatorum.
1584 1461 1645 1490 nisi
1669 1470 1727 1500 per
1746 1458 2063 1500 absolutionempri-

1084 1510 1204 1534 vatam.
1249 1502 1319 1533 Nos
1343 1501 1509 1533 adversati
1534 1513 1661 1541 sumus,
1690 1504 1777 1535 sicut
1801 1513 1887 1534 nunc
1912 1512 2063 1544 quoque3

1084 1552 1134 1577 est
1158 1546 1308 1587 quaestio
1332 1544 1395 1575 hac
1419 1545 1460 1576 de
1483 1556 1518 1576 re
1541 1547 1574 1577 in
1597 1545 1762 1577 nonnullis
1785 1545 1880 1577 locis.
1924 1545 2062 1580 Quidam

1083 1590 1237 1631 princeps
1262 1587 1332 1620 vult
1356 1587 1421 1630 legi
1446 1588 1611 1629 publicam
1630 1588 1889 1621 absolutionem:
1920 1588 2062 1619 Ministri

1082 1631 1208 1663 nolunt.
1255 1632 1327 1672 Ego
1352 1633 1507 1673 respondi
1532 1633 1592 1670 eis,
1626 1642 1727 1673 posse
1761 1631 1893 1674 publice
1928 1631 2061 1662 retineri

1082 1673 1338 1711 absolutionem,
1363 1681 1393 1705 et
1418 1673 1538 1706 vellem
1561 1686 1633 1706 eam
1657 1674 1788 1717 publice
1813 1674 1887 1717 legi.
1925 1675 1992 1706 Sed
2015 1680 2060 1705 ta—

1082 1717 1125 1749 lia
1149 1724 1225 1748 sunt
1249 1718 1340 1754 odia,
1371 1724 1401 1749 ut
1436 1719 1534 1749 etiam
1558 1720 1641 1749 bene
1665 1719 1813 1750 instituta
1837 1719 2061 1759 vituperentur

1082 1767 1206 1792 tantum
1225 1763 1397 1806 φιλονεικίᾳ.

1170 1803 1318 1835 Diximus
1350 1804 1412 1834 iam
1447 1804 1582 1845 primam
1618 1810 1743 1845 partem
1773 1805 1960 1844 oppositam
1985 1813 2062 1834 esse

1083 1847 1290 1884 NovatianiS,
1325 1847 1378 1888 qui
1414 1845 1619 1878 sustulerunt
1654 1847 1878 1878 remissionem
1911 1853 2061 1887 peccato-

1083 1901 1154 1922 rum
1179 1900 1219 1921 ex
1242 1889 1407 1927 Ecclesia,
1442 1896 1471 1921 et
1503 1888 1677 1921 noluerunt
1702 1888 1816 1931 lapsos
1840 1889 1952 1929 recipi.
1999 1889 2060 1920 Co—

1085 1934 1204 1976 gitate,
1236 1944 1333 1974 quam
1358 1933 1479 1964 misera
1509 1933 1547 1963 sit
1580 1932 1753 1968 Ecclesia3
1783 1933 1858 1974 quia
1887 1932 1943 1963 ille
1967 1942 2062 1963 error

1086 1976 1215 2007 circiter
1239 1976 1302 2007 300
1331 1987 1437 2008 annos
1471 1976 1577 2007 haesit
1611 1976 1643 2007 in
1672 1975 1836 2008 Ecclesia.
1883 1975 2060 2007 Secundus

1085 2029 1179 2051 error
1203 2027 1253 2050 est
1276 2020 1540 2056 Antinomorum,
1565 2020 1619 2061 qui
1643 2026 1779 2059 peccant
1803 2017 1954 2054 levitate3
1978 2019 2062 2049 sicut

1084 2062 1273 2100 Novatiani,
1297 2068 1475 2103 peccarunt
1499 2063 1611 2104 specie
1636 2063 1833 2093 severitatis.
1880 2061 1938 2092 llle
1962 2060 2063 2094 furio·

1085 2116 1143 2137 sus
1168 2104 1310 2143 clamor,
1346 2106 1438 2137 Bona
1469 2116 1570 2146 opera
1601 2115 1664 2137 non
1686 2109 1759 2136 sunt
1782 2106 1980 2142 necessaria,
2011 2111 2062 2137 est

1085 2149 1259 2180 barbarica
1283 2157 1312 2180 et
1339 2147 1502 2180 diabolica
1525 2149 1714 2180 antinomia,
1745 2148 1872 2180 Posteri
1896 2148 2060 2179 mirabun-

1085 2198 1136 2223 tur
1159 2191 1263 2224 fuisse
1287 2192 1518 2234 applausoreS.

1123 2297 1340 2348 Quomodo
1372 2299 1412 2338 in
1444 2300 1519 2338 hac
1551 2298 1742 2353 parabola
1773 2297 2032 2352 reprehendit

1330 2358 1512 2400 Christus
1544 2358 1816 2399 Antinomos‘?

1169 2449 1240 2481 nae
1264 2451 1477 2481 severissima
1503 2450 1755 2482 comminatione
1780 2449 1821 2479 de
1844 2458 1944 2479 servo
1968 2447 2059 2480 Sauli

1083 2498 1160 2524 sunt
1194 2493 1333 2525 remissa
1369 2493 1474 2524 10000
1508 2492 1714 2524 talentorum.
1762 2490 1820 2522 llle
1850 2497 1968 2532 postea
1992 2492 2060 2522 odit

1083 2535 1261 2568 Davidem:
1287 2535 1354 2568 vult
1379 2547 1452 2568 eum
1477 2535 1606 2574 tollere,
1630 2536 1675 2567 da
1697 2534 1802 2575 lcompt
1825 2535 1878 2565 die
1891 2535 2060 2575 quaestio:
