2343 2970
242 181 305 213 3⁵23

241 279 293 318 qui
320 277 407 308 dedit
431 279 459 308 ei
483 288 617 308 saccum
642 277 772 318 plenum
803 274 1005 317 amygdaliS,
1036 286 1109 306 cum
1143 285 1221 307 con-

241 321 375 358 ditione,
396 327 429 352 ut
449 321 477 351 ei
502 321 667 352 dimidium
691 321 793 350 daret.
847 318 1000 349 Venditis
1023 317 1220 360 amygdalis,

242 365 386 395 rusticus
423 363 564 394 detrahit
606 364 794 404 putamina,
832 368 861 393 et
904 362 998 392 oss'ert
1044 362 1220 402 Mercurio,

240 413 269 438 et
291 408 369 438 dicit
395 409 447 438 {lie
469 408 599 439 sclmlen
632 408 708 438 sind
741 409 773 438 ia
807 407 859 436 clia
891 407 999 446 helsle,
1035 404 1221 436 Mercurius

241 452 356 482 iratus.
386 450 476 481 dedit.
499 451 527 481 ci
553 451 704 481 vitiosam
728 458 889 481 mercem.
924 454 956 479 et
979 449 1123 480 rusticus
1162 447 1221 480 fuit

238 494 473 525 incarceratus.

578 663 801 696 DimlNluA
825 663 880 695 Xl.

240 765 313 804 De
372 764 700 804 pharisaeo
765 770 820 803 et
881 762 1219 802 Publicano.

605 872 759 903 Lucae
796 871 854 902 18.

308 969 399 1000 thu-it
422 969 466 1000 ad
489 969 646 1008 quosdam
668 968 726 1008 ‹Jm'
745 967 779 998 in
801 976 835 997 se
857 965 1066 1007 confidebam,
1095 970 1152 996 etc.

405 1116 514 1167 Quid
554 1116 754 1171 signifieat
792 1115 1054 1170 publicanus?

325 1226 498 1258 Publicani
522 1234 631 1264 erant,
661 1227 715 1267 qui
740 1226 908 1257 habebant
932 1225 1097 1256 conducta
1120 1225 1220 1256 vecti-

241 1270 326 1312 galia
349 1269 502 1312 publica3
537 1271 624 1300 sicut
653 1268 763 1301 adhuc
786 1270 822 1300 fit
850 1269 885 1300 in
908 1268 1016 1299 ltalia:
1052 1270 1112 1300 das
1145 1278 1222 1299 man

239 1318 342 1346 ec'nem
365 1318 417 1345 ein
441 1319 492 1345 orl
513 1314 647 1349 anthus,
671 1314 738 1344 und
760 1323 797 1344 er
822 1314 891 1351 ylbt
911 1313 964 1343 ein
988 1313 1135 1351 yenandc
1157 1313 1224 1352 yelt

238 1360 369 1390 darnoli.
412 1357 583 1397 Imperium
595 1355 779 1387 Romanum
803 1355 958 1386 eloeabat
981 1353 1219 1395 praefecturas,

241 1400 292 1432 vel
311 1402 342 1432 in
367 1400 587 1441 praefecturis
607 1398 682 1430 loca
706 1397 772 1436 illa,
795 1409 834 1429 ex
859 1400 979 1440 quibus
1003 1404 1097 1429 erant
1120 1408 1220 1439 quae-

238 1451 310 1475 stus
330 1443 385 1475 vel
409 1443 507 1475 annui
532 1443 657 1474 reditus
680 1442 818 1482 imperii,
842 1447 874 1472 et
898 1442 1073 1483 oportebat
1096 1451 1220 1472 ceriam

237 1488 410 1529 pecuniam
444 1486 589 1528 pendere
612 1484 705 1522 illos,
745 1486 800 1526 qui
829 1485 1070 1517 conducebant.
1121 1483 1220 1515 Tales

237 1536 347 1562 autem
371 1537 463 1561 erant
492 1528 686 1570 plerumque
713 1530 842 1569 equites
873 1527 1020 1559 Romani.
1075 1527 1157 1557 Nam
1188 1526 1221 1557 hi

238 1581 333 1606 erant
363 1573 513 1604 instructi
537 1584 557 1603 a
580 1573 745 1614 praesenti
780 1572 938 1613 pecunia:
977 1572 1032 1602 »Sic
1062 1572 1139 1601 siml
1169 1571 1221 1601 die

238 1620 305 1650 leat
334 1626 499 1656 you-esen,
527 1618 578 1647 die
601 1617 661 1647 [las
681 1617 769 1655 gselclt
792 1616 825 1646 in
856 1617 949 1646 ihren
980 1616 1106 1645 ltenden
1126 1615 1224 1653 {lebat

239 1662 350 1692 haben.
395 1659 496 1690 'sales
521 1659 617 1690 etiam
648 1664 741 1689 erant
765 1659 874 1699 magni
903 1656 949 1687 illi
981 1657 1220 1698 negotiatores,

239 1706 292 1735 (lie
321 1706 373 1735 (lie
406 1705 522 1734 lwmlei
552 1703 670 1741 ιψ’]ιιιὸί
690 1703 806 1740 leuben,
840 1702 899 1732 wie
932 1701 989 1732 ilzc
1017 1702 1069 1732 (lie
1096 1702 1222 1731 Fuclcer

238 1749 307 1779 und
327 1748 379 1778 (lle
410 1748 534 1777 li'elser.

326 1790 388 1821 Ubi
425 1795 534 1820 autem
565 1794 726 1819 tractatur
756 1798 810 1819 res
830 1787 1037 1827 pecuniaria,
1067 1792 1097 1816 et
1122 1796 1222 1827 nego-

241 1834 392 1864 tiationes
412 1832 489 1863 illae
512 1842 651 1872 magnae
672 1838 881 1868 exercentur,
907 1841 950 1862 zro
967 1840 1042 1861 mem
1060 1833 1119 1861 mic
1137 1831 1226 1868 qeldt

241 1878 412 1916 umhyelzet,
430 1878 502 1907 ¹mul
523 1879 581 1906 mic
600 1876 736 1906 soleltcm
758 1876 897 1914 lzamleIt,
920 1874 963 1904 ibi
988 1873 1138 1904 homines
1158 1882 1223 1903 non

241 1918 377 1950 multum
398 1924 511 1950 curant
532 1916 743 1958 religionenn
763 1918 839 1959 quia
858 1927 956 1948 nemo
968 1922 1084 1957 ‚potest
1102 1917 1224 1957 pariter

240 1963 367 1994 seruire
389 1961 471 1999 Deo,
495 1968 528 1992 et
550 1971 767 1992 mammonae.

329 2004 531 2037 Publicauus
557 2003 687 2035 Graece
720 2004 839 2035 dicitur
874 2003 1007 2042 τελώνης.
1063 2002 1142 2033 inde
1173 2008 1224 2033 est

881 182 991 212 vitu„
1018 182 1120 213 MEL.
1144 180 1330 212 St‘RwTA
1357 181 1616 213 rtxi‹2(;ss'ri‹‘,t.

2193 185 2257 218 324

1274 276 1454 317 periurum:
1491 279 1565 318 quia.
1608 276 1674 309 vult
1707 279 1898 310 conservari
1939 287 2045 319 genus
2080 278 2257 311 humanum

1274 329 1380 361 usque
1403 320 1444 351 ad
1470 320 1573 352 finem.

1375 486 1483 536 Quid
1516 486 1716 540 significat
1748 501 1897 527 nomen
1929 487 2158 528 Pharisaei?

1361 576 1618 608 Pharisaeus
1653 578 1737 611 leci-st
1770 579 1965 618 expositor,
2011 582 2063 611 em
2098 582 2255 620 ausleqer.

1275 620 1447 653 Pharisaei
1483 619 1613 652 suerunt
1645 622 1844 662 interpretes
1881 621 2091 663 scripturae,
2127 624 2180 654 dt‘e
2204 632 2256 662 ae-

1273 667 1377 696 leram
1409 665 1463 695 (le‘e
1496 666 1548 695 [lie
1581 666 1714 704 sem-iffc
1746 666 1849 696 huben
1863 668 2044 707 ‚ausyeleya
2091 665 2170 697 Inde
2192 666 2257 706 pri-

1273 718 1360 738 mum
1390 706 1575 739 habuerunt
1609 707 1675 738 hoc
1709 718 1845 740 nomen:
1871 705 1957 740 ‘sicut
1995 719 2084 740 nunc
2117 709 2256 740 dicimus

1272 749 1453 782 Doctores,
1489 750 1631 782 Fuerunt
1658 751 1745 792 apud
1764 751 1905 782 ludaeos
1929 757 2042 783 sectae
2065 757 2147 783 tres:
2172 751 2257 784 Pha-

1273 793 1383 831 risaei,
1407 793 1583 831 Sadmeaei,
1606 799 1638 825 et
1661 795 1790 825 ijs-saei.
1838 794 2001 835 Cogitate,
2025 793 2134 836 qualis
2157 795 2257 827 fuerit

1272 842 1392 874 statim,
1416 836 1524 878 qualis
1553 838 1725 878 dissipatio
1749 835 1923 869 Ecclesiae
1951 836 2016 868 illis
2040 838 2255 878 temporibus.

1272 878 1413 910 Debetis
1436 880 1502 910 hoe
1525 881 1684 920 cogitare,
1709 887 1743 911 ut
1768 881 1998 919 consideretis,
2022 891 2124 922 quae,
2149 887 2182 912 et
2199 881 2256 913 ubi

1272 923 1315 953 sit
1342 933 1422 954 vera
1450 922 1613 954 Ecclesia.
1664 923 1834 955 Pharisaei
1870 924 2057 955 habuerunt
2083 924 2256 965 opiniones

1272 966 1379 997 minus
1404 971 1522 997 tetras:
1547 973 1579 997 et.
1602 973 1710 998 tamen
1736 967 1797 1007 ipsi
1817 977 1951 1008 quoque
1974 977 2108 998 errores
2130 966 2255 999 habue-

1272 1015 1363 1040 runt:
1392 1008 1445 1040 alii
1470 1008 1600 1050 plures,
1635 1008 1688 1040 alii
1712 1011 1899 1050 pauciores,
1957 1009 2166 1052 Receperunt
2198 1009 2257 1042 Le-

1273 1062 1347 1093 gem
1370 1058 1402 1083 et
1426 1052 1630 1093 Prophetas,
1661 1054 1721 1084 sed
1745 1054 1880 1094 insuper
1909 1053 2105 1085 addiderunt
2134 1052 2256 1085 multas

1243 1094 1248 1127 l
1273 1096 1478 1129 traditiones,
1510 1096 1695 1127 habuerunt
1718 1096 1892 1136 opiniones
1921 1094 2025 1127 falsas
2055 1097 2096 1127 de
2118 1097 2256 1129 iustitia:

1243 1129 1249 1169 l
1272 1137 1423 1169 homines
1447 1140 1564 1170 mereri
1593 1139 1823 1170 remissionem
1852 1146 2064 1181 peccatorum
2088 1140 2257 1181 operibus,

1273 1188 1305 1213 et
1328 1182 1435 1213 iustos
1459 1191 1537 1214 esse
1560 1181 1615 1214 illa
1639 1188 1778 1214 externa
1800 1181 1991 1223 disciplina,
2023 1193 2119 1224 quam
2143 1188 2257 1214 utcun-

1273 1235 1338 1266 que
1362 1224 1460 1256 homo
1484 1232 1593 1266 potest
1617 1231 1806 1266 praestare,
1842 1233 1873 1256 et
1902 1232 2075 1267 praeterea
2098 1224 2163 1258 illis
2187 1225 2257 1257 suis

1273 1269 1504 1300 traditionibus
1528 1275 1560 1300 et
1590 1269 1725 1305 ritibus3
1756 1269 1855 1310 item,
1885 1269 2070 1300 habuerunt
2099 1269 2257 1311 imagina-

1272 1312 1404 1345 tionem,
1428 1311 1580 1353 Regnum
1601 1312 1723 1343 Christi
1746 1310 1819 1343 fore
1842 1312 2040 1353 temporale;
2068 1313 2142 1343 Non
2165 1320 2258 1344 rece-

1273 1361 1390 1395 perunt
1425 1356 1503 1393 hoc,
1536 1356 1624 1396 quod
1658 1355 1804 1386 Messias
1833 1361 1924 1386 esset
1947 1364 2126 1396 passuruS,
2166 1354 2257 1397 quod

1272 1399 1386 1440 passio
1410 1405 1440 1429 et
1466 1399 1654 1430 obedientia
1676 1397 1749 1430 Filii
1772 1398 1835 1430 Dei
1859 1404 1949 1430 esset
1972 1398 2172 1430 sacrificium
2195 1407 2257 1438 pro

1273 1441 1422 1483 peccatis
1447 1443 1582 1484 generis
1607 1441 1749 1473 immani.
1783 1440 1841 1472 Illa
1861 1442 2011 1473 doctrina
2035 1441 2094 1473 fuit
2113 1442 2258 1473 extincta

1273 1485 1359 1525 apud
1380 1483 1550 1524 plurimos,
1573 1486 1661 1526 apud
1685 1484 1768 1516 alios
1789 1486 1908 1527 magiS,
1931 1485 2019 1526 apud
2038 1483 2124 1515 alios
2141 1484 2257 1516 minus.

1274 1528 1364 1558 Sicut
1389 1529 1474 1567 apud
1500 1527 1686 1559 Monachcs
1710 1527 1770 1559 fuit
1795 1530 1938 1570 extincta
1967 1528 2118 1560 doctrina
2147 1528 2188 1559 de
2210 1527 2257 1558 iu-

1274 1571 1474 1602 stificatione
1503 1577 1534 1601 et
1557 1571 1630 1601 fide.
1689 1571 1820 1602 Habent
1855 1581 1974 1602 nomen
2008 1581 2076 1602 non
2099 1581 2119 1602 a
2141 1580 2257 1613 segre-

1275 1614 1427 1655 gatione,
1473 1614 1532 1644 sed
1578 1615 1619 1644 ab
1666 1614 1887 1655 expositione:
1934 1612 2065 1644 fuerunt
2100 1612 2257 1644 ordinarii

1270 1658 1440 1688 doctores.

1361 1699 1564 1730 Saducaei
1604 1709 1671 1730 non
1714 1705 1910 1738 receperunt
1945 1697 2150 1739 Prophetas,
2195 1697 2256 1728 sed

1274 1748 1400 1773 tantum
1423 1741 1571 1780 Moisen,
1607 1748 1639 1773 et
1661 1740 1750 1773 illum
1779 1742 2060 1782 depiavaverunt:
2094 1740 2258 1772 Dixerunt

1275 1784 1353 1816 nihil
1379 1791 1508 1816 restare
1536 1792 1613 1825 post
1644 1786 1729 1816 hanc
1757 1785 1873 1822 vitam3
1910 1795 1976 1816 non
2004 1794 2080 1816 esse
2108 1793 2256 1815 resurre-

1277 1830 1416 1859 ctionem
1440 1835 1656 1867 mortuorum,
1689 1838 1796 1869 neque
1830 1829 1995 1859 iudicium.
2050 1827 2086 1858 In
2117 1836 2256 1860 summa,

1275 1872 1405 1904 suerunt
1446 1871 1631 1912 Epiruraei.
1699 1873 1860 1903 Zuducm‘z'
1896 1872 2048 1902 dicuntur
2087 1880 2107 1901 a
2141 1871 2256 1907 Zadik,

1275 1917 1400 1953 iustus,
1438 1915 1533 1957 quasi
1557 1915 1669 1953 dicas,
1704 1914 1877 1952 iustitiarii,
1910 1915 1964 1946 (lie
1986 1915 2134 1946 bilsesten
2155 1914 2258 1945 buben

1276 1960 1379 1991 haben
1401 1961 1499 1991 ileum
1522 1959 1584 1989 (len
1607 1960 1717 1990 besten
1739 1967 1856 1989 namen
1885 1959 1998 1997 ⁸(ychen.
2054 1955 2121 1988 Alii
2144 1957 2258 1987 dicunt

1277 2012 1355 2033 esse
1378 2013 1397 2033 a
1421 2003 1539 2041 Zaduc,
1561 2002 1592 2032 id
1617 2012 1679 2035 esi,
1702 2004 1827 2037 scissio,
1856 1999 1944 2041 quod
1968 1998 2045 2032 mihi
2069 2000 2166 2031 etiam
2189 2007 2257 2030 non

242 2049 474 2080 Germanicum
498 2046 698 2079 vocabulum
712 2050 839 2079 Zolner.
874 2046 933 2078 Est
957 2053 1065 2077 autem
1084 2045 1222 2084 τελώνης,
1246 2050 1251 2090 j
1278 2044 1451 2086 displicet;
1493 2045 1570 2086 quia
1609 2046 1825 2075 seiunxerunt
1858 2054 1896 2075 se
1930 2054 1950 2074 a
1983 2042 2120 2079 reliquis
2153 2041 2256 2073 sectis

241 2102 260 2123 a
282 2094 376 2131 τέλος,
404 2093 472 2131 zoll,
497 2097 529 2121 et
554 2090 688 2129 ὀιόῦμαι,
719 2101 797 2122 (tmo-

240 2134 462 2177 vectigalium.

240 2179 332 2220 φόρος
366 2184 399 2210 et
436 2180 525 2213 τέλος.

242 2223 395 2253 nientium
415 2231 456 2252 ex
487 2226 588 2252 terra:
618 2222 678 2252 (las
702 2224 803 2259 qen-is
836 2222 1050 2259 einltonmeen,
1080 2221 1141 2251 das
1163 2221 1224 2251 das

240 2267 332 2297 land!
359 2269 512 2305 yelrayen
542 2265 608 2295 lta!-
665 2265 748 2299 τέλος
776 2269 827 2294 est
862 2262 1009 2305 vectigal
1043 2273 1083 2294 ex
1120 2264 1222 2294 rebus

241 2309 434 2349 importatis.
469 2306 527 2338 llla
541 2306 707 2338 vocabula
722 2307 816 2337 etiam
836 2307 965 2338 habetis
983 2308 1070 2348 apud
1086 2305 1222 2337 Paulum

243 2351 369 2382 Roman
384 2351 446 2382 .13.
474 2350 702 2383 Cuitrz'butum.
717 2351 884 2389 tribunum
907 2352 1223 2389 cuirecliyalmecti-

860 2086 998 2128 Tzzm'wyg
1020 2095 1073 2120 est
1095 2096 1224 2129 emptor
1246 2097 1250 2110 ⁴
1275 2087 1362 2120 illius
1387 2087 1510 2129 populi,
1545 2097 1630 2128 quae
1665 2088 1820 2118 tenebant
1843 2085 2136 2123 immortalitatem,
2169 2093 2256 2126 quae

520 2133 595 2165 Duo
628 2140 705 2165 sunt
741 2133 907 2165 vocabula
942 2134 1029 2173 apud
1060 2132 1250 2187 (ἐπιρροῇ,

587 2177 686 2218 (Ῑὴῖρος
715 2183 766 2207 est
797 2183 909 2208 certus
943 2178 1069 2208 reditus
1103 2186 1223 2217 prove·
1243 2191 1248 2231 Ι
1275 2185 1330 2206 res
1353 2173 1462 2212 fuerit,
1484 2174 1527 2205 ibi
1551 2179 1640 2204 stare
1662 2174 1864 2214 pontificem,
1894 2171 1946 2204 vel
1966 2173 2175 2204 sacerdotem
2198 2171 2257 2202 Sa-

1276 2142 1342 2163 non
1366 2138 1460 2163 erant
1483 2129 1591 2171 palam
1615 2130 1801 2171 Epicuraei.
1847 2129 2018 2172 Cogitate,
2053 2139 2150 2170 qnam
2173 2133 2258 2159 tetra

1275 2220 1434 2250 ducaeum
1457 2218 1709 2248 sacrificantem.
1766 2216 1861 2252 Quod
1886 2216 2022 2257 perinde
2054 2215 2130 2249 suit,
2164 2224 2205 2246 ac
2227 2213 2256 2246 si

1274 2272 1397 2303 porcus
1417 2261 1654 2292 sacrificasset.
1710 2259 1770 2291 llle
1800 2260 1891 2291 stetit
1923 2259 1985 2297 ibi,
2019 2265 2051 2290 et
2085 2258 2166 2289 dixit
2188 2266 2257 2288 non

1275 2311 1401 2337 restare
1424 2304 1591 2335 iudicium:
1615 2303 1674 2334 suit
1698 2309 1905 2344 contemptus
1929 2302 1991 2333 Dei
2015 2300 2190 2333 horribilis.

1273 2348 1275 2351 ’
1361 2347 1526 2384 Effluet,
1554 2348 1595 2378 :ib
1621 2349 1692 2386 Asa,
1728 2347 1759 2377 id
1784 2352 1851 2384 est,
1887 2346 2039 2387 operarii.
2090 2344 2129 2376 Hi
2167 2343 2255 2375 vide·

238 2398 311 2433 μω.-
333 2396 375 2437 τῷ
398 2394 448 2425 τόν
470 2394 572 2435 φόρον,
596 2393 705 2434 φόρον,
733 2395 782 2423 καὶ
805 2395 849 2434 τῷ
872 2392 903 2424 ιό
929 2397 1021 2432 τέλος,
1051 2397 1141 2428 τέλος.
1187 2393 1223 2424 ln
1245 2401 1249 2436 g
1275 2398 1351 2423 runt
1373 2389 1474 2422 multa
1499 2391 1667 2430 disputare
1690 2389 1787 2427 ειΙῐοε,
1815 2396 1846 2420 et
1870 2399 1976 2430 pauca
1998 2394 2107 2419 tamen
2129 2386 2254 2424 facere,

241 2437 291 2468 his
322 2438 452 2469 duobus
484 2438 660 2479 generibus
692 2437 878 2467 consisturt
915 2437 1038 2468 reditus
1072 2436 1223 2477 imperio·
1246 2439 1249 2467 Ι
1275 2435 1357 2467 &ind
1371 2432 1477 2474 scine,
1505 2434 1571 2464 und
1600 2433 1739 2473 sromnze
1757 2434 1821 2464 lent
1851 2441 2001 2473 yeztesen.

2058 2430 2126 2462 Sed
2159 2429 2256 2472 pauci

242 2491 329 2512 rum:
355 2487 387 2512 et
418 2482 511 2512 Deus
542 2481 586 2511 ita
620 2479 783 2511 ordinavit
812 2480 965 2521 imperia,
994 2486 1030 2511 ut
1061 2479 1139 2511 velit
1174 2480 1222 2510 eis
1246 2470 1249 2495 ²
1274 2478 1421 2510 suerunt:
1455 2488 1521 2508 non
1552 2478 1586 2507 tit
1617 2487 1730 2508 eorum
1761 2477 1883 2507 mentio
1913 2476 1945 2506 in
1968 2473 2163 2515 Evangelio.
2208 2472 2256 2504 lta

242 2522 328 2555 solvi
362 2530 473 2555 certos
508 2524 655 2560 reditus;
689 2523 749 2554 sed
783 2531 900 2564 postea
933 2524 1068 2554 veniunt
1102 2508 1249 2567 multae}
1276 2523 1439 2556 vixerunt,
1472 2527 1507 2552 ut
1542 2530 1596 2551 res
1630 2521 1661 2551 in
1697 2529 1870 2551 commune
1893 2516 2099 2551 conferrent:
2124 2515 2255 2548 suerunt

242 2566 467 2608 corruptelae:
503 2572 580 2598 sunt
613 2565 705 2598 multi
740 2567 794 2608 qui
828 2567 978 2604 turbant,
1012 2577 1079 2597 non
1112 2565 1221 2597 solum
1246 2572 1248 2582 ¹
1275 2563 1442 2597 hortulani
1472 2570 1503 2595 et
1527 2564 1664 2595 medici:
1698 2563 1931 2594 habitaverunt
1965 2562 2054 2592 circa
2089 2560 2254 2592 lerichun-

241 2609 428 2648 latrunculi,
453 2610 514 2642 sed
533 2611 630 2642 etiam
651 2609 815 2652 Tyranni;
845 2610 932 2641 sicut
960 2615 1011 2641 est
1032 2610 1099 2641 vita
1122 2608 1222 2650 plena
1246 2621 1248 2656 i
1275 2615 1352 2647 tem,
1373 2608 1429 2640 ubi
1452 2605 1513 2639 fuit
1536 2606 1730 2639 balsamum.

241 2653 459 2692 miseriarum,
483 2659 516 2685 et
539 2659 648 2686 tamen
670 2653 765 2685 Deus
793 2659 971 2685 conservat
993 2653 1140 2685 ordinem
1162 2653 1220 2685 im-
