2343 2970
293 245 383 276 llaec
417 243 537 275 delicta
572 251 708 274 externa
743 244 922 285 puniuntur
956 242 987 272 in
1025 241 1087 271 hac
1112 241 1191 278 vita,

204 287 287 320 alias
324 287 449 331 magiS,
486 286 570 318 alias
605 288 720 317 minus.
777 284 872 317 Deus
907 285 1031 325 mitigat
1065 293 1217 325 poenas.

205 331 389 373 aliquibus,
418 331 472 372 qui
497 335 750 365 convertunturg
784 328 875 370 quia,
909 328 937 358 si
971 332 1191 368 exequeretur

207 376 351 417 rigorem
376 374 517 406 iustitiae
541 383 640 410 suae,
677 378 794 403 natura
829 371 937 401 subito
962 370 1091 411 periret.
1149 369 1191 400 Et
1215 381 1217 385 ⁴

205 419 363 449 debemus
394 418 497 454 scire,
538 415 626 457 qnod
650 414 743 446 Deus
778 414 849 444 sine
883 412 949 444 ulla
988 413 1217 444 dubitatione'

206 461 283 492 velit
308 460 469 501 praestari
494 457 712 499 disciplinam,
731 463 765 489 ut
792 457 932 488 vitentur
954 466 1092 497 poenae.
1133 455 1190 487 lob

205 504 324 545 inquit:
357 504 491 535 Verebar
510 505 617 533 onznia
646 511 745 542 opera
768 510 848 539 mea,
877 503 993 537 sciens,
1023 500 1107 539 quod
1128 508 1192 530 non
1216 499 1217 508 ¹

203 550 316 588 parcis
349 548 553 585 delinquenti.
610 543 702 575 Deus
737 544 834 575 etiam
868 543 901 573 in
936 541 1089 573 Ecclesia
1125 552 1191 573 non

205 590 310 631 parcit
342 588 543 620 violantibus
581 586 811 629 disciplinam,
844 586 930 617 sicut
955 595 1020 616 non
1044 587 1191 627 pepercit

205 632 335 665 Davidi.
1216 633 1219 667 *s

292 675 343 706 ΙΙΙ.
369 674 509 714 Propter
532 672 616 705 alios
639 673 808 710 homines,
848 672 920 703 sive
948 678 1084 713 propter
1112 670 1192 702 alio·
1216 675 1218 695 t

206 730 275 750 rum
299 716 586 759 tranquillitate1n3
620 716 694 758 quia
716 716 881 747 nascimur
912 725 977 746 non
1002 714 1098 745 nobis
1122 720 1192 745 tan-

206 769 286 794 tum.
330 761 425 793 Deus
450 759 519 791 vult
543 770 606 791 nos
630 769 707 791 esse
729 758 922 795 modestos,
961 764 994 789 et
1012 757 1192 798 reprimere
1217 767 1219 777 >

206 805 351 843 furores,
387 810 423 835 ut
457 802 512 835 alii
547 802 690 834 habeant
725 811 861 843 pacem,
897 807 930 832 et
964 801 1096 842 possint
1129 781 1218 842 ipsi!

205 858 339 890 quoque
364 848 461 879 vitam
486 847 661 877 honestam
686 851 718 877 et
742 843 950 886 tranquillam
974 853 1086 887 agere.

293 890 361 922 llll.
387 889 431 921 Ut
456 890 497 920 sit
520 889 729 931 paedagogia
759 889 792 919 in
816 887 997 919 Christum.
1051 887 1128 918 Vi‘as
1150 890 1195 918 ist
1216 893 1219 900 ’

205 938 266 967 das
286 935 424 975 ,aet-cdl?
459 932 563 964 Estne
576 933 725 964 meritum
739 931 943 963 remissionis
957 929 1192 972 peccatorum?

207 978 310 1010 Estne
333 977 456 1008 iustitia
480 986 592 1006 coram
612 975 707 1007 Deo?
738 975 970 1016 Nequaquam:
994 973 1062 1004 Imo
1086 974 1192 1004 omnis

207 1027 400 1053 sanctorum
423 1019 558 1056 iustitia,
581 1024 614 1050 ut
638 1017 807 1056 Abrahae,
830 1017 937 1055 Isaac,
960 1016 1101 1059 Moysis,
1126 1016 1192 1048 Da-

209 1065 305 1102 vidis,
327 1063 508 1104 Baptistae,
531 1060 640 1100 Pauli,
675 1060 783 1103 qualis
807 1066 857 1092 est
881 1061 977 1092 etiam
1000 1065 1076 1101 post
1099 1069 1193 1101 rege-

209 1107 427 1144 nerationem,
468 1106 501 1137 in
532 1115 630 1137 unum
665 1103 806 1142 collata,
849 1109 957 1135 tamen
998 1113 1064 1135 non
1101 1108 1193 1134 esset

208 1150 358 1182 meritum
381 1148 586 1180 remissionis
616 1154 840 1189 peccatorum.
895 1145 995 1178 Nulla
1029 1152 1081 1177 est
1114 1155 1190 1187 pro-

207 1194 316 1236 portio
340 1192 540 1224 iustissimae
558 1191 627 1222 irae
651 1190 715 1222 Dei
738 1191 779 1222 ad
802 1189 872 1223 ulla
899 1189 1043 1221 humana
1066 1189 1192 1220 merita.

207 1236 307 1268 Nulla
340 1235 462 1267 iustitia
502 1234 670 1266 hominum
703 1239 813 1274 potest
854 1232 974 1264 tollere
1007 1233 1089 1264 iram
1116 1231 1191 1263 Dei.

209 1279 307 1312 Nulla
341 1278 517 1320 disciplina
556 1283 607 1309 est
639 1278 788 1308 meritum
832 1276 1038 1307 remissionis
1072 1285 1191 1316 pecca-

210 1331 328 1355 torum.
373 1321 506 1353 Deinde
539 1319 625 1351 haec
658 1320 731 1362 ipsa
765 1319 940 1360 disciplina
972 1319 1116 1350 nondum
1140 1323 1192 1349 est

208 1366 265 1398 illa
288 1365 423 1403 iustitia,
457 1375 557 1406 quam
581 1363 673 1395 Deus
698 1365 887 1405 pronuntiat
923 1371 1000 1393 esse
1023 1361 1190 1393 iustitiam.

209 1409 297 1446 Quid
331 1414 384 1440 est
406 1408 530 1450 igitur?
585 1405 646 1437 Est
681 1407 867 1438 obedientia
902 1412 1059 1443 externa,
1094 1414 1192 1445 quam

208 1451 303 1485 Deus
326 1452 474 1493 requirit,
500 1451 597 1481 etiam
620 1450 653 1480 in
676 1460 742 1481 non
765 1449 901 1487 renatis.
926 1455 957 1480 et
982 1458 1067 1490 quae
1090 1446 1192 1479 habet

207 1496 355 1538 praemia
378 1493 588 1535 temporalia,
623 1493 708 1524 sieut
742 1499 791 1524 est
815 1490 1009 1534 plerumque
1030 1490 1192 1533 placidior

208 1539 276 1571 vita
299 1545 329 1570 et
355 1539 461 1569 exitus
484 1537 720 1568 modestorum.

296 1581 349 1613 De
361 1591 427 1623 quo
440 1578 562 1612 multae
581 1586 657 1611 sunt
678 1577 874 1620 praeclarae
893 1578 1077 1609 sententiae
1096 1578 1193 1608 etiam

209 1624 442 1657 Ethnicorum:
477 1630 511 1654 ut
546 1623 576 1653 in
611 1623 679 1653 vita
703 1622 874 1663 Pomponii
897 1622 1010 1659 Attici,
1044 1621 1098 1662 qui
1133 1620 1194 1652 fuit

211 1669 262 1700 vir
286 1669 394 1698 bonus
418 1673 449 1697 et
479 1665 660 1704 honestus,
698 1665 835 1696 dit-itur:
874 1665 934 1696 Sm‘
953 1667 1065 1704 cuique
1087 1673 1194 1695 mores

207 1715 375 1753 fortunam
392 1713 529 1750 face‘mzt.
574 1707 710 1746 Contra,
733 1708 774 1738 de
798 1708 915 1749 poenis
945 1713 995 1738 est
1017 1707 1105 1748 apud
1129 1706 1194 1738 Ho-

210 1765 350 1786 merum:
387 1752 430 1783 Οὐ
465 1752 523 1792 yria
558 1753 679 1791 σχέτλια
709 1752 779 1791 ἔργα
804 1753 873 1781 θεοὶ
894 1750 1027 1790 μάκαρες
1050 1753 1193 1791 φιλέουσι.

209 1798 306 1829 ltem:
349 1795 410 1827 Οἷα
443 1794 465 1826 τ’
501 1795 577 1837 (iniq
612 1794 708 1836 ἕρξει,
751 1797 828 1825 τοῖον
860 1796 941 1830 τέλος
975 1793 1060 1824 αὑτὸν
1090 1793 1194 1824 ἱκάνει.

210 1842 305 1872 ltetn:
341 1839 449 1875 Οὐδεὶς
483 1838 662 1880 ἀνθρώπων
696 1837 811 1870 ἀδικῶν
845 1849 921 1868 τισιν
960 1836 1011 1867 οὐκ
1049 1817 1222 1868 afiartam!

210 1884 281 1915 Lex
315 1888 455 1915 naturae
490 1891 551 1912 seu
584 1880 700 1913 notitia
734 1880 855 1922 Legis,
896 1889 983 1922 quae
1017 1885 1129 1911 manet
1162 1879 1195 1910 in

211 1927 390 1963 mentibus,
413 1925 503 1956 videt
525 1924 591 1956 hoe
614 1934 691 1955 esse
708 1925 863 1956 iudicium
876 1923 952 1962 Dei,
975 1929 1007 1955 et
1029 1923 1196 1964 experitur

210 1971 241 2001 in
268 1968 496 2001 communibus
518 1968 607 1999 vitae
630 1966 801 2008 exemplis.

298 2011 382 2044 Cum
394 2012 493 2053 igitur
506 2009 679 2052 disciplina
698 2009 755 2041 illa
772 2020 837 2041 non
856 2011 899 2041 sit
914 2010 1064 2041 meritum
1084 2009 1197 2040 remis-

211 2056 315 2087 sionis
338 2060 572 2096 peccatorum,
607 2059 639 2084 et
668 2064 734 2085 non
758 2054 801 2084 sit
824 2054 947 2085 iustitia
970 2063 1083 2085 coram
1101 2051 1196 2089 De03

211 2099 279 2132 Cur
302 2103 442 2129 vocatur
463 2097 675 2139 paedagogia
698 2096 730 2128 in
755 2096 945 2128 Christum?
990 2096 1089 2135 ldeo,
1119 2096 1196 2137 quia

210 2143 359 2174 retinens
382 2146 555 2182 peccatum
578 2147 695 2171 contra
718 2141 974 2179 conscientiam,
1007 2149 1073 2171 non
1102 2149 1195 2181 rege-

211 2190 359 2217 neratur:
381 2194 491 2225 neque
513 2193 735 2224 perseverans
759 2184 791 2214 in
814 2184 962 2225 peccatis
981 2188 1097 2214 contra
1117 2192 1195 2213 con-

213 2228 385 2260 scientiam
398 2225 510 2268 placet
521 2226 612 2258 Deo:
636 2226 725 2257 iuxta
745 2225 839 2258 illud:
867 2229 927 2265 Qui
945 2229 1088 2267 fecerint
1108 2227 1196 2265 haec,

212 2282 275 2304 non
309 2272 521 2312 possidebunt
558 2279 692 2309 reanum
716 2269 789 2302 Dei.

212 2315 356 2347 divinum
378 2314 472 2345 dicit:
504 2315 572 2344 Vivo
593 2323 658 2353 eqo,
681 2315 754 2345 uolo
776 2318 909 2345 mortem
931 2316 1119 2354 peccatoris,
1137 2313 1198 2344 sed
1219 2307 1222 2339 l

211 2364 248 2390 at
267 2362 471 2391 convertatur
489 2361 522 2388 et
542 2360 632 2388 vivat.
665 2355 727 2387 Est
749 2366 814 2388 una
838 2355 1038 2398 copulativa,
1063 2361 1196 2397 oportet

212 2401 283 2433 fieri
317 2400 587 2433 conversionem:
618 2398 654 2430 ln
678 2409 730 2438 eo,
766 2400 820 2442 qui
854 2406 1050 2441 perseverat
1083 2399 1116 2429 in
1140 2398 1196 2429 de-

211 2442 300 2476 lictis
347 2450 464 2476 contra
508 2442 765 2481 conscientiam,
810 2453 877 2474 non
916 2448 966 2473 est
1006 2442 1194 2473 conversio.

214 2486 339 2519 Paulus
378 2487 548 2529 coniungit
583 2486 687 2517 haec:
731 2487 838 2526 Opera
875 2489 986 2517 carnis
1019 2488 1197 2525 manifesta

212 2534 297 2563 sunt.
342 2529 466 2562 Postea
483 2530 592 2561 additz
625 2532 680 2570 qui
704 2531 850 2569 fecerint
869 2539 921 2570 ea,
950 2539 1014 2561 mm
1048 2529 1196 2569 posside-

213 2573 293 2605 bunt
312 2583 446 2613 reanum
467 2575 637 2605 coelorum.
687 2571 778 2604 Dicit
811 2582 889 2604 esse
911 2570 1099 2610 manifesta,
1132 2571 1196 2602 sci-

212 2615 290 2649 lieet
311 2627 394 2648 suae
412 2617 573 2659 cuiusque
596 2616 822 2648 conscientiae
848 2620 937 2647 nota.
994 2614 1041 2646 lta
1070 2613 1197 2646 Paulus
1219 2587 1223 2639 l

872 148 981 179 l'lllL.
1011 147 1108 179 xit-21„
1133 146 1316 178 St'Rll’TA
1341 145 1604 178 EXEGETICA.

1216 493 1217 498 ¹
1243 455 1426 494 Christum,
1449 462 1480 487 et
1504 455 1588 488 haec
1611 457 1821 499 paedagogia
1850 465 1900 489 est
1924 455 2019 495 talis,
2053 464 2089 489 ut

2161 148 2224 182 328

1243 242 1335 282 ponit
1370 242 1525 283 gradum,
1560 251 1658 283 quem
1692 242 1837 273 ostendit
1872 252 1937 273 non
1973 252 2048 274 esse
2082 244 2114 274 in
2148 241 2226 283 illis,

1243 284 1297 325 qui
1322 291 1396 315 sunt
1422 286 1540 316 sancti.
1587 284 1645 315 Est
1670 282 1891 326 impossibile,
1920 295 1997 318 esse
2027 295 2227 319 conversum

1243 325 1432 377 ets-placere
1461 327 1556 363 Deo,
1597 329 1793 360 retinentem
1827 335 1966 369 peccata
2000 335 2114 361 contra
2149 338 2227 361 con-

1242 370 1423 402 scientiam.

1331 413 1409 444 ldeo
1449 423 1530 454 ergo
1569 412 1742 455 disciplina
1784 414 1902 446 dicitur
1941 414 2152 457 paedagogia
2184 415 2228 447 ad

2145 459 2228 490 ossit

1242 497 1353 540 aliquo
1388 499 1486 531 modo
1522 498 1624 534 effici,
1660 510 1858 541 quamquam
1887 499 2053 532 Diabolus
2088 468 2228 533 hoprribi-

1242 540 1316 573 liter
1338 542 1483 584 impedit,
1520 548 1553 574 et
1575 542 1719 575 humana
1743 543 1913 574 infirmitas
1937 541 2032 582 facit,
2066 549 2102 575 ut
2124 543 2227 576 homi-

1245 594 1305 617 nes
1329 586 1393 616 sint
1429 596 1567 628 segnes,
1602 592 1637 618 ut
1669 596 1736 617 non
1765 587 1954 618 annitamur
1988 592 2020 618 et
2054 592 2228 626 conentur,

1243 628 1297 659 alii
1333 628 1406 660 aliis
1440 634 1518 660 sunt
1547 630 1722 670 segniores
1757 629 1855 662 etiam
1890 636 2019 661 natura.
2080 630 2159 662 ideo
2193 631 2226 662 in

1244 671 1420 713 disciplina
1442 672 1539 703 etiam
1563 673 1659 713 pauci
1684 678 1759 704 sunt
1784 671 1952 714 inculpati,
1982 678 2018 704 ut
2040 673 2086 704 ita
2109 673 2228 705 dicam.

1244 714 1334 746 Haec
1364 715 1486 746 debent
1519 725 1596 746 esse
1619 715 1719 747 iniixa
1742 716 1859 747 animis
1882 715 2025 754 vestris,
2058 721 2091 747 ut
2115 715 2230 747 sciatis

1244 767 1321 790 esse
1349 758 1584 800 praestandam
1620 757 1850 800 disciplinam,
1885 760 1946 791 das
1973 768 2050 790 man
2082 761 2170 791 nicht
2192 768 2230 792 so

1244 801 1365 834 vz‘lziscle
1387 802 1464 833 lebc.
1510 800 1553 832 Ut
1580 800 1665 833 haec
1688 802 1762 843 ipsa
1793 800 1967 843 disciplina
1996 802 2040 832 sit
2062 802 2229 844 paedago-

1215 835 1219 874 ἒ
1245 845 1299 886 gia
1323 845 1365 875 ad
1380 843 1564 876 christum:
1589 845 1621 875 id
1645 851 1708 883 est,
1733 851 1767 876 ut
1790 844 1941 876 homines
1959 845 2073 877 doceri
2086 846 2227 886 possint,

1245 893 1276 918 et
1295 886 1438 928 Spiritus
1472 893 1607 920 sanctus
1632 888 1675 919 sit
1708 886 1828 919 efficax
1853 888 1886 919 in
1913 889 2028 919 nobis:
2063 888 2139 930 quia
2161 897 2229 920 non

1245 936 1294 962 est
1318 929 1439 962 efficax
1463 931 1493 962 in
1519 929 1596 969 illis,
1619 931 1674 972 qui
1698 936 1915 972 perseverant
1938 932 1969 961 in
1993 929 2125 962 dilectis
2150 941 2228 963 con-

1245 979 1296 1005 tra
1333 974 1583 1005 conscientiam.
1650 973 1740 1005 Haec
1776 980 1826 1005 est
1860 981 1996 1005 aeterna
2030 979 2062 1005 et
2095 975 2229 1006 immota

1245 1018 1385 1048 veritas:
1420 1019 1518 1049 Laset
1539 1019 1591 1049 die
1612 1018 1740 1048 andern
1761 1019 1932 1058 schreyen,
1955 1020 2015 1049 wie
2036 1019 2085 1049 sie
2106 1018 2229 1050 wollen.

1263 1102 1270 1111 .
1331 1059 1402 1125 lame
1422 1060 1573 1102 quaestio
1598 1065 1663 1092 est:
1699 1059 1809 1095 Quare
1843 1066 2022 1092 accusatur
2055 1058 2111 1093 ille
2144 1060 2228 1092 Pha-

1245 1103 1399 1135 rlSaeus‘.

1375 1162 1571 1195 Gratiarum
1594 1164 1682 1195 actio
1705 1167 1753 1194 est
1775 1172 1913 1195 summus
1935 1163 2040 1195 cultus
2062 1162 2145 1194 Det.-

1374 1207 1433 1238 Ille
1456 1208 1524 1248 ayit
1544 1207 1677 1248 yratias
1701 1206 1793 1244 Deo,
1812 1207 1899 1248 qaod
1922 1215 1985 1238 non
2006 1207 2050 1238 sit
2071 1206 2230 1244 moechus,

1418 1250 1561 1288 adulter,
1581 1254 1720 1290 raptor.-
1958 1272 1962 1275 -

1380 1293 1469 1334 Eryo
1493 1293 1605 1325 tribuit
1628 1293 1701 1325 Deo
1721 1293 1878 1335 qratiam,
1902 1296 1932 1324 et
1955 1293 2030 1324 bene
2048 1292 2146 1333 facit.

1330 1360 1404 1393 Non
1428 1361 1562 1393 dubium
1585 1368 1637 1393 est
1659 1372 1735 1393 esse
1767 1361 1960 1393 beneficium
1983 1362 2128 1393 divinum
2155 1361 2231 1393 abs-

1244 1404 1347 1436 tinere
1374 1415 1392 1435 a
1412 1403 1543 1436 delictis
1563 1404 1763 1437 violantibus
1783 1404 2006 1446 disciplinam3
2039 1405 2117 1446 quia
2139 1409 2232 1436 tanta

1245 1453 1295 1479 est
1318 1447 1491 1478 infirmitas
1514 1448 1701 1486 hominum,
1731 1453 1763 1479 et
1786 1453 1875 1479 tanta
1905 1454 1956 1479 est
1981 1449 2131 1489 potentia
2152 1447 2231 1479 Dia-

1245 1489 1331 1529 boli,
1365 1496 1398 1522 ut
1433 1489 1531 1523 facile
1562 1490 1717 1522 labantur
1755 1490 1905 1522 homines
1939 1489 2070 1532 impulsi
2104 1500 2124 1522 a
2153 1489 2231 1523 Dia-

1245 1533 1336 1571 bolo,
1360 1534 1422 1564 nisi
1436 1535 1591 1565 divinitus
1605 1534 1834 1566 custodiantur
1852 1534 1950 1566 etiam
1967 1534 1999 1565 in
2018 1533 2075 1565 illa
2093 1539 2232 1566 externa

1245 1575 1427 1618 disciplina.
1474 1577 1592 1608 Videte
1623 1587 1770 1609 summos
1804 1577 1895 1609 viros
1933 1578 2020 1617 apud
2054 1575 2231 1616 Ethnicos‚

1245 1619 1439 1662 plerumque
1470 1618 1601 1652 suerunt
1631 1619 1747 1661 polluti
1776 1620 1920 1651 externis
1954 1618 2116 1661 lapsibus.
2171 1619 2231 1651 Se-

1246 1674 1330 1695 neca
1354 1664 1472 1704 inquit:
1508 1664 1625 1694 onmes
1646 1673 1833 1704 peccamus,
1868 1667 1899 1694 et
1928 1663 2085 1694 communi
2105 1663 2231 1703 compi-

1246 1708 1375 1738 ratt'oue
1395 1716 1495 1748 yenus
1517 1707 1685 1738 havianum
1708 1707 1775 1737 ruit
1809 1706 1844 1737 in
1865 1706 1958 1737 vitia.
2003 1705 2166 1747 Loquitur
2189 1705 2232 1738 de

1247 1750 1392 1781 externis
1416 1751 1582 1791 peccatis:
1606 1750 1682 1791 quia
1706 1759 1802 1781 nemo
1826 1754 1896 1788 est,
1954 1749 1986 1780 ui
2013 1759 2079 1781 non
2108 1748 2232 1781 habeat

1247 1799 1386 1824 externa
1409 1799 1559 1834 peccata.
1615 1793 1676 1824 Est
1710 1793 1808 1835 igitur
1838 1793 1934 1834 singu
1951 1802 2008 1824 are
2036 1791 2231 1824 beneficium

1247 1836 1322 1875 Dei,
1343 1837 1514 1875 custodiri,
1546 1846 1589 1868 ne
1623 1835 1743 1878 aliquis
1778 1836 1900 1868 incidat
1935 1835 1966 1867 in
2002 1841 2140 1877 peccata
2170 1844 2231 1868 seu

1246 1885 1333 1912 tetra
1355 1878 1497 1911 scelera.

1331 1921 1545 1964 Respondeo.
1601 1921 1737 1954 Etiamsi
1771 1920 1974 1953 Pharisaeus
2007 1919 2109 1952 habet
2140 1918 2231 1952 illam

1245 1967 1485 2008 hypocriticam
1504 1965 1660 1998 iustitiam
1683 1972 1716 1997 et
1739 1965 1934 2003 doctrinam,
1962 1962 2019 1995 illa
2042 1973 2120 1995 esse
2143 1963 2231 1996 dona

1246 2009 1325 2041 Dei:
1359 2014 1468 2041 tamen
1503 2019 1571 2040 non
1604 2010 1686 2040 satis
1721 2014 1783 2039 est.
1845 2008 1890 2039 Es
1922 2008 1965 2039 ist
1994 2007 2070 2038 eben
2099 2016 2136 2039 so
2167 2006 2234 2039 viel

1244 2053 1370 2095 ρει-ειη,
1394 2052 1526 2094 quando
1550 2051 1752 2083 Pharisaeus
1783 2049 1839 2083 ille
1873 2052 1999 2093 gratias
2021 2051 2106 2092 agit,
2139 2055 2173 2082 ut
2201 2048 2231 2082 si

1246 2096 1321 2138 quis
1345 2096 1445 2134 dicat,
1478 2095 1533 2137 qui
1566 2096 1609 2126 sit
1643 2096 1818 2132 robustus,
1853 2093 1995 2126 Domine
2016 2093 2131 2134 Deus,
2163 2102 2231 2135 ago

1246 2140 1305 2170 tibi
1328 2139 1474 2181 gratias,
1508 2139 1597 2180 quod
1631 2138 1708 2169 mihi
1743 2138 1862 2169 dedisti
1899 2138 2072 2169 robustum
2095 2145 2229 2178 corpus-

1246 2182 1350 2214 Estne
1373 2183 1439 2214 hoc
1461 2183 1543 2213 satis
1566 2182 1607 2213 ad
1631 2181 1784 2213 iustitiam
1803 2191 1914 2212 coram
1930 2179 2030 2212 Deo?
2061 2179 2137 2211 Non
2160 2184 2231 2217 est;

1247 2226 1324 2268 quia
1353 2226 1583 2267 unusquisque
1608 2225 1673 2256 hoc
1707 2230 1818 2266 potest
1841 2224 1954 2256 dicere
1977 2223 2142 2256 communi
2171 2221 2230 2264 hy-

845 2269 944 2309 Rem,
976 2269 1196 2301 luramentum
1246 2269 1381 2311 pocrisi,
1404 2279 1478 2301 cum
1501 2274 1619 2300 natura
1642 2266 1753 2310 aliquo
1770 2268 1870 2300 modo
1888 2272 2053 2310 agnoscat
2075 2265 2134 2298 illa
2152 2275 2230 2297 esse

1247 2313 1335 2345 dona
1354 2312 1427 2344 Dei.

1248 2461 1384 2513 Quare
1434 2460 1555 2515 igitur
1605 2460 1912 2515 reprehenditur
1959 2456 2231 2499 Pharisaeus?

1427 2521 1552 2562 Estne
1584 2520 1792 2576 disciplina
1822 2534 1886 2560 res
1917 2518 2054 2561 mala?

1334 2612 1411 2645 Non
1429 2618 1481 2644 est
1502 2610 1602 2651 mala,
1624 2622 1687 2646 suo
1711 2620 1854 2655 genere3
1882 2616 1935 2644 est
1956 2620 2012 2643 res
2034 2609 2175 2653 pulchra
2196 2616 2230 2642 et
