2374 2985
102 193 165 224 141

132 290 242 342 Quid
280 291 500 346 respondes
540 291 593 331 ad
632 295 919 345 argumentum
952 289 1048 330 illud

159 368 329 424 puerile,
376 382 457 422 quo
496 368 636 408 dicunt
673 367 812 421 aliqui,
861 381 904 407 se
943 369 1018 408 ab·

168 446 342 497 sterreri,
374 460 426 486 ne
458 444 685 487 functiones
715 445 835 506 paulo
868 443 1012 485 diffici-

396 523 513 563 liores
545 523 781 578 suscipiant:

188 614 400 654 Impossz'bilia
422 625 484 645 non
506 618 575 644 sunt
594 614 734 654 petenda
757 616 812 643 aut
829 613 1050 653 suscipienda:

188 657 296 687 Omnis
316 658 501 697 yztbernate‘o
525 661 570 688 est
588 656 808 697 impossibilis.-

186 701 274 741 Eryo
292 701 477 741 yubernatz'o
496 711 558 731 nou
575 704 621 730 est
634 700 772 740 petenda
792 703 847 729 aut
858 699 1081 739 suscipienda?

186 794 387 836 Respondeo
406 795 448 826 ad
465 794 641 827 Maiorem:
671 793 894 835 impossibilia
913 804 980 826 non
1004 798 1082 825 sunt

101 838 329 878 suscipienda,
364 837 492 870 scilicet
514 849 580 870 non
604 839 759 869 mandata
782 848 802 868 a
823 837 911 868 Deo.
957 836 1082 868 Postea

99 881 143 911 ad
167 880 327 912 Minorem
351 881 555 922 respondem
592 881 797 912 Gubernatio
821 886 872 911 est
895 881 1081 921 impossibi-

102 923 161 962 lis,
186 924 274 965 quod
299 924 341 954 ad
363 934 425 955 nos
449 925 580 961 attinet:
605 925 663 956 sed
684 925 720 955 fit
743 922 926 966 possibilis,
950 925 1082 954 iuvante

102 965 189 997 Deo.
234 967 383 997 Necesse
407 974 456 998 est
481 968 712 1008 obtemperare
731 968 908 1005 vocationi,
932 966 1001 998 fieri
1025 977 1082 1007 pa-

102 1007 333 1047 tresfamiliaS,
363 1011 529 1041 sustinere
557 1021 660 1042 onera
683 1011 714 1041 in
738 1011 978 1052 gubernatione
1001 1008 1082 1051 poli-

100 1052 167 1083 tica
201 1057 232 1083 et
265 1051 519 1085 Ecclesiastica:
555 1054 695 1095 Oportet
731 1053 862 1095 aliquos
898 1063 991 1091 esse,
1027 1053 1082 1094 qui

99 1095 245 1135 praesint
268 1095 409 1136 polinis,
444 1098 497 1138 qui
521 1098 664 1128 doceant.
688 1098 719 1127 in
743 1096 888 1134 scholis,
913 1102 943 1126 ct
967 1097 1000 1126 in
1018 1096 1079 1126 Ec-

99 1136 219 1175 clesia3
248 1139 324 1179 quia
346 1138 440 1170 Deus
470 1139 540 1170 vult
569 1141 630 1171 sibi
655 1139 815 1180 colligere
839 1138 1025 1169 Ecclesiam
1048 1139 1080 1168 in

98 1180 164 1212 hac
187 1182 268 1218 vita,
287 1192 347 1222 per
371 1183 582 1213 ministerium
607 1182 795 1223 Evangelii:
818 1181 888 1213 vult
911 1180 1027 1212 fovere
1050 1186 1082 1212 et

98 1224 181 1255 tueri
206 1225 400 1256 societatem
430 1226 563 1265 generis
591 1225 722 1256 humani
751 1235 811 1266 per
832 1224 1082 1266 Magistratunu

100 1265 170 1297 vult
192 1277 298 1308 genus
321 1267 499 1298 humanum
523 1267 710 1308 copulatum
729 1278 805 1299 esse
822 1269 907 1299 inter
924 1277 962 1298 se
980 1267 1081 1298 variis

99 1310 300 1346 ministeriis,
322 1308 559 1348 functionibus,
584 1317 617 1342 et
641 1308 771 1348 officiis,
790 1316 823 1341 ut
848 1317 1001 1341 maneant
1024 1309 1080 1340 ho-

99 1353 204 1383 mines
240 1351 386 1394 colligati
416 1354 501 1384 inter
529 1364 616 1385 sese.
675 1354 780 1385 Nobis
819 1363 899 1384 vero
929 1353 1080 1394 impossi-

99 1394 166 1425 bile
189 1402 281 1426 esset
304 1398 374 1426 sine
397 1395 472 1427 Deo
496 1402 552 1428 aut
574 1407 693 1437 regere
718 1399 816 1428 vitam
833 1397 1005 1437 privatam,
1023 1401 1079 1426 aut

98 1481 269 1521 sapientia,
292 1489 346 1513 aut
372 1483 507 1514 viribus.
554 1483 753 1515 Praesertim
776 1484 808 1514 in
832 1484 931 1514 tantis
951 1483 1078 1513 insidiis

98 1530 129 1555 et.
157 1523 279 1556 malitia
308 1525 462 1564 Diaboli,
497 1527 551 1568 qui
586 1526 666 1558 facit
699 1532 862 1568 perpetuo
898 1525 1077 1557 horribiles

97 1568 302 1599 turbationes
331 1569 362 1599 in
393 1574 463 1600 toto
495 1580 618 1611 genere
641 1570 797 1602 humano.
853 1569 931 1600 Ideo
956 1568 1078 1600 clamat

97 1609 268 1641 Ieremia&
302 1611 377 1641 '8⁰²3'
406 1612 555 1647 Dm'li'lss’
589 1614 675 1653 quod
701 1625 763 1643 ⁷²⁰'l
792 1617 838 1643 ⁶5⁶
867 1612 999 1642 hominis
1028 1614 1077 1641 ὐἷα
1131 1628 1256 1654 tantum
1281 1624 1322 1653 de
1345 1625 1541 1664 posteritate
1564 1626 1596 1655 111
1619 1623 1765 1662 familiis.
1788 1625 1847 1655 scd
1873 1625 1968 1655 etiam
1993 1625 2034 1655 de
2057 1625 2112 1656 ln)-

441 1699 448 1706 ,
777 1701 784 1707 ·
825 1700 830 1706 Β
887 1700 893 1706 ,
1104 1677 1105 1707 3
1131 1667 1272 1697 minibus
1288 1668 1445 1707 praeditis
1460 1678 1658 1709 quocunque
1672 1669 1758 1699 dono
1775 1666 1967 1698 excelle-nti:
1992 1674 2038 1705 ut,
2059 1678 2111 1698 ex-

99 1706 250 1737 agnosco
275 1703 308 1728 et
338 1707 491 1738 experior
520 1705 645 1731 tantam
671 1710 749 1731 esse
775 1701 996 1731 11111111111318111
1019 1698 1078 1730 1111-
1104 1713 1105 1720 ¹

97 1655 178 1687 cius,
207 1664 303 1694 neque
332 1656 392 1684 viri
419 1656 556 1695 dhissere
579 1668 708 1696 syre-rsus
735 1668 823 1694 suos,
852 1656 945 1698 quasi
975 1656 1077 1687 diem:

100 1749 269 1770 manarum
293 1740 427 1778 virium,
449 1746 562 1772 tantos
585 1741 717 1774 furores
736 1741 887 1780 Diaboli,
920 1749 953 1773 ut
977 1741 1077 1773 homo

100 1781 195 1813 solus
224 1792 290 1813 11011
318 1784 425 1823 possit
455 1794 573 1825 regere
603 1796 697 1816 suam
726 1786 952 1823 vocationem,
988 1791 1019 1815 et
1042 1790 1079 1816 ut

100 1825 232 1856 vocatio
256 1835 323 1856 non
348 1827 390 1856 sit
409 1825 504 1865 felix,
528 1828 591 1858 nisi
615 1829 791 1860 adiuvante
814 1828 901 1858 Deo.

186 1867 278 1899 Haec
310 1869 467 1900 debemus
497 1880 701 1911 agnoscere,
736 1877 769 1902 et
797 1871 986 1902 exuscitare
1015 1879 1078 1900 nos

99 1910 141 1941 ad
165 1911 385 1951 precandum,
415 1918 451 1943 ut
479 1912 573 1944 Deus
597 1924 659 1944 nos
683 1919 795 1955 regat,
823 1919 856 1944 et
884 1913 1017 1944 adiuvet
1047 1913 1079 1943 in
1104 1934 1105 1940 1

100 1953 278 1984 vocatione
313 1961 448 1992 nostra,
482 1954 629 1987 fortunet
663 1955 818 1994 labores,
853 1957 908 1987 det
938 1961 1078 1986 eventus

99 1994 284 2034 salutares,
317 1998 473 2038 reprimat
507 2005 717 2040 grassantem
750 1997 946 2036 Diabolum,
980 2004 1013 2029 et
1045 1999 1078 2028 in

99 2038 297 2070 tristissimis
328 2041 618 2082 dissipationibus,
648 2053 733 2083 quas
763 2043 862 2073 hodie
890 2042 960 2073 fieri
989 2042 1079 2072 vide-

100 2090 192 2119 muS,
219 2089 313 2113 sanet
343 2094 383 2115 ac
413 2090 525 2115 servet
548 2085 611 2116 sibi
635 2084 764 2127 aliquas
788 2084 963 2126 reliquias,
986 2085 1079 2115 iuxta

99 2122 222 2155 Esaiae
245 2125 381 2157 dictum:
403 2127 479 2157 Nisi
490 2127 642 2157 Dominus
662 2129 838 2169 reliquisset
860 2129 948 2157 nobis
970 2137 1078 2161 semen,

95 2167 182 2204 facti
202 2177 331 2198 essemus
353 2171 433 2200 sieut
455 2170 601 2202 Sodoma.
647 2172 715 2203 Ista
734 2178 785 2203 est
808 2172 959 2204 doctrina
981 2169 1080 2202 valde

99 2208 189 2241 utilis
213 2216 246 2241 et
267 2214 461 2244 necessaria
483 2215 634 2246 omnibus
657 2214 844 2246 hominibus
861 2215 893 2245 in
914 2220 983 2246 tota
1000 2214 1079 2252 vita,

100 2258 133 2284 et
155 2253 296 2294 pulchre
318 2265 482 2297 expressa
505 2263 557 2288 est
585 2258 617 2288 in
648 2257 798 2290 Psalmo:
831 2258 906 2288 Nisi
928 2257 1080 2286 Dominus

101 2296 312 2335 aedificaverit
341 2299 479 2333 domum,
503 2306 567 2331 etc.

100 2338 243 2371 humana
278 2341 419 2372 consilia
452 2349 484 2374 et
512 2341 648 2376 labores
678 2355 744 2376 non
774 2351 852 2376 sunt
881 2342 1015 2381 felices,
1049 2348 1080 2374 et

101 2378 218 2419 fausti,
242 2384 305 2414 nisi
327 2383 403 2416 Deo
426 2386 568 2417 iuvante.

188 2431 271 2465 Sunt
293 2436 325 2466 in
348 2445 388 2467 eo
412 2435 545 2468 Psalmo
568 2437 790 2479 pulcherrima
812 2437 935 2470 lumina
957 2437 1079 2479 figura-

100 2484 184 2506 rum.
230 2476 391 2516 Primum,
420 2480 651 2522 distributione
673 2483 789 2519 utitur3
819 2483 896 2524 quia
925 2482 1079 2512 distincte

100 2516 248 2560 loquitur
274 2521 314 2552 de
343 2523 538 2554 oeconomia
566 2530 598 2555 et
625 2524 748 2566 politia.
806 2525 859 2557 De
883 2525 1079 2556 oeconomia

98 2561 220 2603 inquit:
242 2563 318 2594 Nisi
337 2564 491 2595 Dominus
513 2567 723 2607 aedificaverit
745 2569 876 2604 domum,
895 2569 1018 2607 frustra
1035 2567 1079 2597 la-

100 2604 230 2641 borant,
252 2608 308 2647 qui
330 2609 496 2647 aedificant
518 2620 594 2642 eam.
638 2611 690 2643 De
713 2611 828 2654 politia
851 2613 909 2644 ait:
932 2611 1007 2641 Nisi
1030 2621 1079 2640 eu-

101 2649 268 2680 audiverit
289 2650 442 2682 Dominus
464 2653 633 2690 civitatem,
662 2656 696 2685 in
717 2666 827 2686 vanum
848 2655 996 2695 viyilant,
1024 2655 1080 2694 qui
1101 2679 1107 2691 ι
1129 2657 1266 2697 implevit
1300 2657 1487 2688 desiderium
1516 2670 1602 2688 suum
1632 2669 1673 2688 ex
1699 2660 1789 2698 ipsis.

789 191 1007 223 POSTILLA
1030 190 1430 223 MELANTHONJANA.

1103 1991 1105 2008 J
1130 1969 1175 1997 ita
1196 1966 1255 2005 filit·
1277 1977 1485 1999 excussorum.

618 2300 722 2333 Cuius
748 2301 832 2333 haec
862 2311 989 2331 summa
1012 2305 1080 2331 est:
1104 2307 1107 2312 ·

2054 193 2116 224 142

1132 286 1311 317 custodiunt
1334 295 1408 315 eam.
1455 283 1581 317 Postea
1604 286 1830 328 hypotyposin
1855 287 1944 318 addit
1968 289 2057 320 anxii
2081 295 2114 320 et

1132 328 1255 360 soliciti
1288 327 1534 370 patrisfamilias
1566 335 1596 360 et
1631 331 1881 370 gubernatoris:
1923 330 2039 360 Vanum
2070 336 2115 362 ext

1130 373 1228 406 vobis,
1253 375 1324 401 ante
1347 371 1443 401 lucem
1465 382 1605 411 surgere:
1628 373 1755 411 Sur-qile
1769 377 1938 413 postquam
1956 375 2112 404 sederitis.

1132 415 1180 446 lbi
1203 422 1254 446 est
1277 414 1366 446 mala
1389 416 1519 454 versio,
1551 426 1635 457 quae
1664 418 1793 458 peperit
1819 417 2032 458 prodigiosas
2061 428 2115 448 ex-

1131 459 1325 499 positioneS,
1349 469 1422 489 cum
1445 457 1528 490 11380
1551 460 1595 489 sit
1618 460 1796 490 sententia:
1820 459 1926 491 Etiam
1949 461 2061 503 magni
2084 467 2116 492 et

1132 502 1258 533 assidui
1281 501 1429 540 labores,
1454 512 1564 541 curae,
1588 501 1832 534 sollicitudines
1849 503 2023 541 >hominum
2046 514 2116 536 sur-

1134 545 1278 586 gentium
1313 550 1390 576 ante
1423 544 1552 583 lucem,
1584 551 1616 576 et
1643 547 1676 576 in
1704 545 1838 577 multam
1869 553 1999 578 noctem
2023 546 2116 578 lucu-

1132 589 1314 624 brantium3
1344 589 1441 626 item,
1476 598 1550 620 cum
1579 587 1696 620 dolore
1726 589 1966 620 comedentium
1994 600 2116 631 panem

1133 641 1247 668 suum,
1270 641 1411 671 prorsus
1435 637 1513 663 sunt
1535 632 1636 670 irriti,
1659 632 1722 663 nisi
1747 633 1945 664 adiuventur
1968 644 1987 664 a
2011 633 2097 664 Deo.

1221 674 1400 706 Sublicitur
1423 673 1614 706 antithesis:
1650 675 1724 705 Cum
1754 676 1878 705 dederit
1902 676 2029 705 dilectis
2052 678 2118 705 suis

1132 727 1276 746 somnum.
1337 717 1446 748 Vocat
1476 716 1616 750 dilectos
1646 718 1727 757 Dei,
1762 719 1934 756 timentes,
1969 720 2118 750 81111κό-

1134 766 1248 791 cantes
1273 771 1365 798 eum,
1389 766 1422 792 et
1445 760 1496 791 his
1521 761 1565 792 ait
1589 763 1669 792 dare
1692 771 1785 800 eum,
1809 763 1904 803 quasi
1929 763 2116 794 dormienti-

1134 803 1214 840 bus:
1242 803 1307 834 hoc
1337 810 1406 838 est,
1434 803 1528 835 Deus
1557 805 1631 842 dat,
1662 806 1782 846 quibus
1806 804 1894 841 vult:
1926 806 1958 837 et
1981 807 2025 836 ita
2049 806 2117 844 dat,

1133 852 1170 877 ut
1198 845 1404 878 mirabilibus
1433 848 1669 879 occasionibus
1705 854 1737 879 et
1764 849 1870 879 modis
1900 847 1958 879 illa
1988 847 2116 879 offerat.

1133 889 1284 920 Labores
1316 890 1412 921 etiam
1442 890 1534 931 ipsos
1564 890 1642 922 facit
1664 892 1847 929 iucundos,
1878 898 1908 922 et
1939 891 2036 923 simul
2061 893 2115 922 dat

1135 931 1404 974 tranquillitatem
1427 934 1535 964 animi.

1220 976 1347 1007 Romae
1369 977 1543 1017 pinxerunt
1566 977 1800 1018 Imperatorem
1825 976 1982 1008 Carolum
2001 977 2040 1008 V.
2065 988 2116 1008 se-

1135 1019 1267 1050 dentem
1289 1020 1322 1049 in
1346 1018 1447 1057 sella,
1478 1027 1507 1050 81
1533 1021 1764 1058 dormientem,
1794 1027 1824 1051 et
1852 1021 1941 1052 iuxta
1965 1031 2037 1052 811111
2060 1022 2117 1051 ad-

1134 1068 1276 1092 stantem
1295 1061 1415 1101 Deum,
1435 1070 1465 1093 et
1484 1073 1617 1095 muscas
1638 1063 1857 1104 depellentem
1877 1074 1951 1095 cuzn
1970 1063 2116 1095 flabello.

1108 1116 1109 1119 ¹
1134 1104 1321 1135 Voluerunt
1352 1105 1559 1147 significare,
1589 1117 1663 1138 eum
1694 1108 1765 1138 sine
1788 1108 1918 1149 magnis
1943 1107 2115 1138 laboribus

1107 1172 1109 1180 ι
1135 1148 1268 1178 vincere
1292 1158 1374 1178 suos
1399 1149 1530 1186 hostes3
1561 1151 1635 1190 quia
1660 1151 1815 1181 divinitus
1841 1151 2061 1190 reprimantur
2086 1157 2117 1181 et

1135 1196 1356 1221 coerceantur
1378 1192 1507 1222 hostes.

1221 1233 1376 1274 Sequitur
1406 1235 1437 1264 in
1465 1233 1601 1266 Psalmo
1631 1234 1841 1276 amplificatio
1872 1237 1913 1266 ab
1946 1235 2115 1277 exemplo:

1133 1275 1217 1304 Eece
1238 1276 1418 1306 haereditas
1441 1277 1571 1307 Domini
1594 1279 1686 1310 Filii,
1710 1283 1739 1308 et
1759 1280 1884 1316 fruetus
1906 1281 2022 1308 veniris
2045 1290 2116 1308 mer-

1134 1329 1193 1349 res.
1224 1319 1436 1351 Constructio
1460 1320 1544 1352 haec
1568 1328 1636 1352 est:
1662 1321 1731 1353 Filii
1755 1328 1830 1353 sunt
1850 1321 2037 1353 haereditas
2052 1322 2116 1353 Do-

1132 1363 1220 1394 mini.
1278 1363 1372 1400 Filii,
1405 1369 1454 1395 est
1485 1364 1691 1396 Subiectum:
1720 1366 1813 1403 item,
1838 1366 1965 1403 fruetus
1995 1367 2116 1406 ventris,

861 1441 867 1445 ,
1051 1439 1057 1446 ,
1103 1434 1106 1443 ,
1132 1405 1166 1436 id
1195 1411 1264 1443 est,
1295 1405 1450 1438 soboles:
1488 1407 1717 1439 praedicatum
1749 1408 2022 1445 est,l1<1ere‹l›·tas
2050 1409 2114 1438 Dn-

98 1439 286 1479 gubernare
311 1439 546 1478 Oeconomias,
568 1440 714 1481 politias,
736 1439 921 1471 Ecclesiam
945 1449 1081 1480 propria
1103 1445 1106 1461 ³

1131 1451 1226 1487 ηιῖηίς
1249 1451 1326 1480 item
1349 1461 1476 1487 merces,
1501 1461 1561 1482 seu
1585 1451 1708 1481 «Ionum.
1765 1450 1846 1482 Vult
1874 1452 2002 1483 dicere:
2032 1452 2113 1483 lit-,e-

1132 1503 1189 1523 ros
1213 1494 1246 1524 in
1265 1491 1388 1524 familia
1411 1504 1487 1524 esse
1510 1495 1597 1525 dona
1622 1494 1701 1530 Dei;
1730 1495 1822 1533 item,
1846 1495 1997 1525 homine<-
2022 1495 2113 1525 indu-

1132 1537 1233 1567 strios
1268 1542 1300 1567 et
1334 1535 1451 1568 felices
1487 1538 1519 1568 in
1555 1538 1797 1579 gubernatione
1825 1548 1903 1568 csse
1926 1537 1989 1569 Dei
2015 1539 2111 1569 (lonc.

1130 1579 1214 1610 Nam
1234 1579 1436 1622 generaliter
1453 1580 1604 1623 intelligo
1623 1581 1711 1612 hune
1732 1591 1867 1612 versum
1887 1580 2022 1619 Psalmi,
2046 1592 2111 1612 non

1130 1709 1256 1741 cellens
1274 1709 1427 1748 bellator,
1440 1710 1608 1741 excellens
1632 1717 1779 1748 senator,
1804 1709 1972 1742 excellens
1993 1710 2111 1742 artilex

1131 1753 1163 1784 in
1181 1763 1383 1794 quocunque
1404 1764 1539 1794 genere,
1559 1755 1716 1784 doctores
1735 1752 1912 1793 salutares,
1931 1755 2022 1785 cives
2046 1753 2109 1784 sor-

1132 1797 1232 1827 tunati
1251 1802 1327 1826 sunt
1347 1796 1434 1826 dom
1448 1796 1523 1833 Dei,
1539 1803 1570 1826 et
1590 1797 1655 1827 hoc
1674 1797 1806 1827 iuvante
1824 1798 1975 1837 procedit
1996 1808 2109 1827 eorum

1105 1842 1106 1846 ’
1132 1848 1227 1880 opus⁵
1242 1845 1274 1869 et
1286 1838 1347 1878 ipsi
1360 1846 1435 1869 suut
1451 1849 1574 1880 organa
1591 1839 1746 1870 salutaria
1763 1840 1793 1870 in
1813 1850 1935 1881 genere
1955 1840 2107 1871 luxuum-1³.

1219 1880 1309 1911 Haec
1345 1880 1493 1913 declarat
1533 1881 1685 1913 psalmus
1725 1881 1843 1913 illustri
1878 1882 2107 1914 similitudine:

1131 1924 1220 1953 Sient
1248 1925 1368 1961 saffl'tta
1399 1926 1430 1954 in
1461 1936 1550 1954 ηιαηιι
1575 1927 1730 1964 potentis,
1765 1936 1818 1955 seza
1846 1927 1879 1955 in
1906 1937 1996 1955 mmm
2015 1927 2106 1964 forti.

1536 1968 1571 1998 111
1600 1970 1756 2000 versione
1785 1968 1871 1999 male
1901 1970 2028 2000 reddita
2058 1976 2109 2000 est

1130 2011 1310 2048 sententia,
1340 2022 1413 2042 cum
1436 2012 1606 2052 passivum
1634 2013 1768 2053 ponitur
1790 2023 1850 2052 pro
1874 2013 1996 2044 activo.
2041 2012 2106 2043 De-

1132 2055 1232 2084 bebat
1257 2063 1350 2091 esse,
1372 2054 1450 2083 Filii
1472 2057 1677 2084 excutientes:
1702 2056 1734 2086 id
1759 2061 1827 2093 est,
1851 2057 1998 2093 robusti,
2029 2062 2113 2087 stre-

1131 2098 1205 2134 nui,
1229 2095 1350 2133 sortes;
1379 2097 1445 2128 hoc
1469 2104 1537 2135 est,
1565 2099 1626 2129 viri
1655 2099 1799 2136 heroici,
1830 2109 1915 2139 quos
1939 2099 2034 2130 Deus
2058 2110 2112 2140 pe-

1132 2138 1297 2171 culiariter
1326 2140 1465 2174 excitat,
1500 2139 1650 2173 feruntur
1679 2143 1763 2172 sicut
1794 2142 1954 2182 sagittae3
1989 2141 2113 2173 habent

1131 2192 1314 2214 successus
1336 2181 1454 2215 felices
1477 2190 1509 2214 et
1531 2182 1675 2223 faustos,
1698 2190 1734 2216 ut.
1756 2183 1949 2215 Alexander
1967 2185 2111 2226 Magnus

1130 2224 1247 2257 volitat
1270 2235 1328 2265 per
1350 2227 1464 2257 orbem
1489 2224 1668 2265 terrarum,
1692 2226 1775 2258 nihil
1798 2229 1826 2258 ei
1851 2229 1980 2266 obstat,
2003 2229 2113 2259 omnia

1131 2270 1160 2300 ei
1185 2269 1306 2300 cedunt
1327 2279 1448 2309 prona:
1472 2269 1597 2312 TyruS,
1621 2270 1727 2309 Gaza,
1747 2276 1778 2301 et
1797 2269 1883 2302 aliae
1902 2271 2110 2305 munitiones,

1131 2322 1217 2353 quae
1246 2312 1518 2344 existimabantur
1551 2312 1825 2355 inexpugnabiles
1861 2324 1954 2351 esse,
1989 2315 2109 2346 cedunt

1130 2354 1336 2394 Alexandro,
1360 2362 1391 2387 et
1414 2355 1583 2388 laceratae
1606 2359 1648 2389 ab
1671 2359 1746 2398 ipso
1770 2363 1937 2388 corruunt.
1983 2357 2038 2388 Sic
2060 2357 2111 2388 lu-

1130 2397 1194 2429 lius
1229 2396 1356 2429 Caesar
1390 2399 1431 2430 de
1462 2399 1547 2430 Asia
1582 2405 1614 2432 et
1648 2400 1754 2432 Ponto
1786 2401 1916 2431 devicta
1939 2401 2112 2441 usurpavit

1130 2441 1196 2473 1100
1225 2440 1436 2483 Symbolum:
1474 2442 1563 2482 Veni,
1591 2444 1677 2482 vidi,
1706 2445 1776 2472 υἱοί.
1828 2442 1928 2474 Tales
1952 2455 2034 2485 ergo
2057 2442 2110 2475 hic

1129 2485 1340 2516 nominantur
1363 2484 1420 2516 filii
1444 2496 1662 2517 excussorum
1693 2487 1819 2518 active:
1850 2487 1882 2517 id
1911 2492 1981 2525 est,
2011 2497 2110 2518 excu-

1129 2529 1268 2566 tientes,
1296 2534 1528 2569 penetrantes,
1558 2535 1811 2571 perrumpentes
1842 2528 2055 2562 difficultates
2079 2535 2111 2561 et

1128 2571 1360 2613 impedimenta
1384 2573 1504 2603 omnia.

1216 2614 1252 2645 111
1286 2613 1352 2645 fine
1384 2615 1517 2646 additur
1545 2614 1789 2657 Epiphonema:
1823 2614 1947 2645 Beatus
1980 2617 2027 2645 vir
2057 2617 2111 2656 qui

1844 2658 1997 2690 Debebat
2020 2668 2108 2697 esse,
