2343 2970
175 157 239 189 427
814 156 924 188 vnn„
950 155 1053 187 MEL.
1077 154 1264 187 SCfflPTA
1287 153 1551 187 EXEGETICA.
2121 139 2186 190 425

176 253 261 283 sioni
286 254 430 294 gratiae:
459 253 529 283 sive
553 252 713 282 habemus
738 252 824 281 bona
849 248 1053 290 corporalia,
1083 250 1154 280 sive

175 306 241 326 non
266 296 438 332 liabemuS,
462 303 570 326 tamen
595 295 752 325 debemus
776 295 805 324 ei
828 294 999 330 assentiri,
1029 299 1059 323 81
1082 303 1154 323 eam

176 340 317 370 retinere
340 345 506 380 perpetuo.
552 339 702 368 Sciamus
734 336 821 367 illam
851 346 927 367 esse
949 344 1072 372 ratam,
1102 335 1154 366 fir-

176 393 272 415 mam.
297 383 477 417 immotam,
503 388 669 411 aeternam
700 380 864 417 credenti,
892 389 1026 420 quoquo
1055 380 1154 409 modo

175 436 213 456 se
237 436 291 455 res
314 432 469 456 externae
492 423 654 457 babeant,
682 423 767 454 sicut.
797 423 853 453 lob
878 423 974 453 dicit:
1022 422 1157 453 Etiamsi

175 470 303 500 occidat
324 479 380 499 me.
404 471 509 498 {alneu
533 467 673 506 xpm-aim
692 467 725 497 in
748 476 827 497 eum.
865 465 956 496 Haec
979 466 1154 505 promissio

175 519 225 542 est
249 518 418 542 aeternum
444 516 684 547 testamcutum,
709 510 740 539 id
765 515 832 546 est,
861 509 902 538 de
931 509 1025 539 bonis
1048 515 1155 539 aeter-

174 556 235 585 nis.
283 554 355 584 Non
387 554 489 583 debes
520 553 683 593 cogitare,
715 553 741 582 si
775 552 920 583 incidero
953 553 984 582 in
1016 562 1155 592 pauper·

174 604 286 634 tatem,
309 604 386 628 tunc
411 607 481 627 sum
506 595 649 626 reiectus
673 606 691 625 a
716 595 808 632 Deo,
838 593 892 626 vel
923 596 950 625 si
982 595 1155 635 extinguar

173 641 206 671 in
229 640 294 671 hoc
316 641 449 671 morbo:
473 639 560 670 sicut
584 639 702 669 videtis
726 638 795 668 11811
820 639 905 668 inter
928 638 1088 668 hommes.
1121 637 1154 667 ln

173 685 274 714 rebus
297 683 455 714 secundis
479 681 629 712 homines
653 692 718 712 11011
743 687 859 712 curant
885 680 1009 715 Deum;
1038 681 1069 710 in
1100 681 1155 711 ad-

173 726 299 764 versis,
331 726 478 767 cogitant
506 735 544 755 se
574 735 640 755 non
671 735 749 756 esse
774 734 874 756 curae
896 723 986 760 Deo,
1015 729 1047 754 et
1076 724 1155 754 defi-

174 770 263 802 ciunt
285 779 305 800 a
319 768 404 801 Deo.
451 768 517 799 lsta
540 773 617 799 sunt
641 768 724 798 bene
747 767 999 798 consideranda.

264 812 386 843 Postea
417 812 511 842 etiam
547 812 688 852 petenda
722 817 799 841 sunt
834 811 920 841 bona
955 808 1154 849 corporalia,

173 857 259 887 sicut
281 862 380 887 antea
409 856 492 885 dixi:
523 855 599 896 quia
630 854 781 884 Ecclesia
813 863 879 884 non
903 858 1013 893 potest
1036 853 1066 882 111
1092 851 1154 882 hac

173 900 241 930 vita
264 898 376 930 vivere
400 898 472 928 sine
496 897 652 937 hospitio,
678 898 749 928 sine
772 897 986 933 oeconomia,
1010 896 1103 933 cibo,
1124 901 1155 925 et
1180 913 1182 918 ·

172 948 262 983 potu.
300 941 440 976 Quando
463 947 571 972 autem
595 942 735 980 petimus
762 941 848 970 bona
871 936 1069 980 corporalia,
1088 948 1154 968 non

173 995 352 1025 possumus
375 984 537 1015 accedere
563 984 603 1014 ad
628 983 754 1020 Deum,
784 983 844 1014 nisi
874 982 935 1013 hac
966 981 1030 1012 fide
1061 991 1155 1021 prae-

173 1027 323 1065 lucente,
351 1028 439 1067 quod
471 1027 686 1058 exaudiamur
717 1033 851 1067 propter
881 1024 991 1055 tilium.
1044 1023 1154 1055 David

173 1082 239 1103 non
261 1076 373 1112 potest
395 1071 486 1111 prius
516 1075 629 1111 petere
658 1070 846 1105 victoriam,
875 1069 937 1098 nisi
965 1074 1087 1098 statuat
1117 1077 1154 1097 se

174 1125 250 1147 esse
274 1115 306 1145 in
331 1114 448 1156 gratia,
473 1113 535 1144 sibi
559 1113 677 1144 remitti
703 1118 859 1154 peccata,
890 1117 921 1141 et
945 1120 982 1141 se
1007 1110 1155 1141 exaudiri

172 1164 307 1199 propter
339 1156 568 1188 mediatorem.
636 1155 728 1187 Haec
768 1153 886 1196 regula
924 1152 1156 1185 universaliter

173 1201 316 1231 tenenda
345 1205 412 1230 est:
464 1200 604 1241 Oportet
638 1209 769 1239 semper
805 1198 904 1228 tidem
941 1197 1156 1237 accipientem

172 1244 414 1280 remissionem,
438 1241 632 1283 praelucere
658 1242 734 1272 fidei
763 1241 883 1282 petenti
913 1245 946 1271 et
968 1239 1157 1280 expectanti

173 1288 262 1318 bona
285 1285 487 1327 corporalia:
534 1286 622 1323 Quia
644 1295 735 1316 nemo
758 1285 840 1316 venit
863 1284 907 1315 ad
931 1283 1075 1320 Patrem,
1093 1282 1160 1313 m‘si

169 1340 230 1371 per
252 1340 310 1367 me,
333 1330 437 1370 inquit
457 1328 626 1360 Christus:
671 1328 764 1359 Item:
810 1326 876 1357 Per
903 1328 986 1358 ltzmc
1007 1325 1157 1356 hahemus

173 1383 334 1404 accessum
363 1373 408 1403 nd
431 1372 545 1403 Deum.
597 1371 671 1402 Non
706 1380 885 1411 possumus
920 1369 1082 1400 accedere
1114 1369 1155 1399 ad

172 1415 298 1451 Deum3
323 1416 386 1446 nisi
409 1415 473 1446 hac
497 1416 563 1447 tide
586 1415 704 1452 erecti,
733 1423 818 1455 quae
840 1413 962 1453 accipit
991 1411 1157 1442 remissio·

173 1469 247 1491 nem
272 1464 408 1500 propter
425 1457 538 1489 filium.
584 1457 677 1488 Haec
700 1457 844 1487 sentiunt
866 1455 975 1486 sancti
1004 1455 1037 1485 in
1067 1454 1157 1485 lucta

174 1508 208 1534 et
231 1502 422 1543 quotidiana
445 1501 667 1532 invocatione.
712 1499 820 1530 Etiam
843 1508 906 1529 vos
930 1498 1057 1528 debetis
1081 1507 1157 1528 exu-

174 1546 300 1577 scitare
321 1545 409 1576 hanc
432 1545 538 1585 ipsam
562 1544 814 1585 cogitationen13
836 1542 913 1583 quia
926 1546 1058 1582 oportet
1080 1549 1158 1570 esse

173 1588 317 1630 aliquam
331 1588 582 1629 cogitationem:
600 1591 732 1628 oportet
755 1595 832 1616 esse
851 1583 985 1626 aliquod
1004 1583 1157 1614 studium.

173 1631 253 1662 Ideo
276 1631 489 1662 ministerium
508 1635 561 1661 est
588 1630 785 1660 institutum:
820 1628 895 1658 ideo
926 1628 1078 1658 doctrina
1107 1631 1159 1656 cst

173 1675 310 1711 tradita,
335 1679 371 1705 ut
394 1674 436 1705 sit
460 1673 605 1704 studium
634 1678 666 1703 et
696 1671 855 1712 cogitatio
886 1671 928 1701 dc
957 1668 1023 1700 illis
1054 1668 1157 1700 maxi-

172 1718 234 1748 mis
258 1719 369 1748 rebus.
414 1716 513 1747 Fides
535 1726 576 1747 ex
599 1715 736 1752 auditu,
770 1714 903 1744 mutilus
934 1722 996 1753 per
1028 1712 1159 1743 verbum

173 1761 248 1792 Dei.
301 1760 444 1791 Auditus
477 1765 530 1791 est,
557 1757 613 1789 illa
644 1758 810 1799 cogitatio.
869 1756 1010 1791 Quando
1040 1755 1157 1795 incipis

173 1804 409 1845 precationem,
430 1803 534 1833 debes
563 1802 729 1843 cogitare,
759 1800 836 1841 quid
868 1800 1026 1836 invoces,
1054 1806 1158 1839 quare

174 1847 384 1883 exaudiaris,
419 1845 470 1876 vel
507 1851 643 1886 propter
676 1854 790 1885 quem,
822 1850 852 1873 et
877 1852 936 1873 cur
960 1841 1157 1872 exaudiaris.

174 1891 243 1920 Sol!
269 1891 314 1920 nit
335 1888 526 1929 gyedenclcen,
551 1889 606 1918 zrie
628 1888 676 1918 cin
701 1888 757 1917 teil
778 1887 917 1917 minen.-
947 1884 1065 1915 Veniet
1088 1893 1158 1914 mo-

174 1939 227 1964 tus
251 1933 292 1963 de
317 1931 425 1968 coelo,
448 1933 502 1972 qui
528 1932 712 1967 accendet,
742 1936 773 1960 et
808 1928 955 1959 incitabit
978 1938 1053 1965 me,
1087 1927 1158 1957 sive

175 1986 240 2017 ego
265 1976 419 2017 cogitem,
444 1976 514 2005 sive
539 1985 604 2004 non
629 1974 786 2014 cogitem,
801 1973 871 2002 siv:
896 1972 1066 2007 dormiam,
1087 1970 1158 2001 sive

175 2017 321 2061 vigilem:
349 2018 396 2058 J-Jy
418 2017 504 2048 vicht
528 2018 607 2048 also.
621 2028 654 2047 es
669 2015 1002 2055 ⁸14!thye.s'cl17·1'el›mz:
1027 2014 1158 2051 (3111111111

174 2064 277 2102 vuiyt‘s
301 2061 403 2091 Pater
426 2065 532 2090 ‘restet'
556 2060 699 2090 coelestis
719 2059 809 2089 dubit
828 2058 988 2098 »spiritum
1011 2060 1157 2087 sanetum

172 2105 361 2146 petentibus.
399 2102 457 2134 llle
482 2104 533 2144 qui
559 2104 649 2143 petit,
663 2108 752 2132 certe
772 2101 893 2143 cogitat
919 2100 1053 2141 aliquid.
1082 2099 1156 2129 Non

174 2155 285 2189 potest
311 2158 387 2178 esse
412 2148 541 2184 putitio,
573 2147 643 2176 sine
669 2146 867 2185 cogitationi·
890 2143 1156 2184 promissismum.

175 2192 296 2223 Intueri
316 2190 566 2231 promissiones,
587 2195 637 2219 est
658 2190 806 2229 cogitare
830 2187 962 2228 aliquid.
1008 2185 1078 2215 Nos
1103 2185 1157 2215 de—

177 2236 293 2265 bemus
318 2234 433 2263 intueri
458 2239 566 2263 mente
591 2239 623 2262 et
652 2230 777 2267 oculis,
802 2237 836 2260 ut
861 2231 904 2260 ita
929 2230 1053 2261 dicam„
1082 2238 1155 2269 pro-

176 2278 364 2314 missiones,
387 2282 419 2306 et
443 2276 542 2313 scire,
565 2275 652 2316 quod
676 2281 812 2314 propter
836 2274 923 2303 inme
947 2272 1157 2302 sacerdotem

176 2321 399 2352 exaudiamur.
445 2318 587 2349 Prosunt
618 2317 716 2358 igitur
739 2316 977 2357 promissiones
1001 2323 1158 2355 corpora-

175 2362 226 2395 les
250 2361 463 2405 praelucente
490 2361 710 2402 promissione
738 2357 915 2400 spirituali,
943 2356 1158 2399 praelucente

176 2407 259 2446 tide,
287 2416 372 2447 qnae
401 2405 522 2446 accipit
558 2403 785 2434 remissionem
813 2408 1035 2442 peccatorum.
1087 2399 1157 2430 Hae

178 2450 416 2490 promissiones
455 2447 694 2479 confirmantur
734 2456 793 2486 per
827 2442 996 2475 miracula.
1062 2442 1157 2474 Deus

178 2493 321 2524 ostendit
344 2492 376 2522 in
400 2489 580 2527 miraculis,
604 2490 691 2530 quod
712 2487 791 2519 velit
821 2486 877 2517 illa
907 2487 1003 2523 dare,
1031 2496 1096 2527 que
1124 2486 1157 2516 in

202 2535 453 2566 romissionibus
476 2540 551 2564 sunt
577 2532 764 2574 proposita:
789 2537 823 2562 ut
845 2530 897 2561 1110
911 2534 961 2560 est
974 2527 1158 2569 exemplum

177 2546 384 2609 liberationis
407 2576 608 2617 corporalis,
639 2583 672 2606 et.
700 2581 807 2605 tamen
832 2573 862 2604 in
882 2571 940 2603 illa
963 2570 1159 2603 liberatione

179 2620 358 2663 corporali,
381 2619 479 2662 aliqui
503 2620 601 2650 etiam
632 2624 709 2650 sunt
737 2616 953 2653 sanctificati,
982 2621 1019 2646 ut
1041 2614 1157 2645 Sama-

1206 250 1332 281 ritanus
1356 255 1406 281 est
1430 249 1682 285 sanctificatus,
1714 260 1857 281 accensa
1891 256 1942 281 est
1974 251 2006 281 in
2040 260 2080 281 eo
2102 250 2185 283 fides

1207 292 1436 335 promissionis
1460 291 1647 333 spiritualis.

1293 336 1416 373 Tertio,
1440 334 1505 366 illis
1529 335 1694 366 miraculis
1719 336 1860 366 ostendit
1884 336 1995 374 Deus,
2025 337 2114 377 quod
2143 337 2186 368 sit

1208 379 1370 410 Dominus
1395 380 1510 409 mortis
1531 386 1559 408 ct
1586 380 1689 409 vine:
1713 380 1788 419 quia
1813 386 1904 410 curat
1927 380 2075 410 morbum
2099 380 2186 410 insa-

1207 421 1368 453 nabilem.
1393 421 1545 452 mictu-tet
1578 421 1711 463 lepram.
1758 423 1845 453 Alibi
1875 424 2014 453 suscitat
2043 428 2076 453 et
2105 423 2186 454 vivi-

1207 465 1281 496 ficat
1305 472 1464 495 mortuos.

1294 508 1432 543 Quarto,
1464 513 1539 538 sunt
1563 506 1714 548 exempla
1738 507 1969 548 applicationis
1995 508 2185 548 promissio-

1180 570 1182 584 i
1207 562 1291 583 num.
1340 553 1431 582 §icat
1456 551 1616 581 Dominus
1646 551 1757 590 recipit
1789 550 1953 591 quoslibet
1978 552 2050 582 sine
2072 561 2186 591 respe-

1179 589 1183 657 ¹
1209 600 1262 625 ctu
1286 604 1518 634 personarmn:
1554 595 1604 624 sic
1634 594 1837 634 recipiuntur
1867 604 1979 624 oinnes
2011 595 2186 625 credentes

1207 638 1240 668 in
1264 637 1379 668 Filium
1404 636 1477 668 Dei.
1525 637 1618 667 Sicut
1646 638 1745 677 inquii
1780 635 1950 668 Christus:
2003 636 2111 667 Venite
2141 636 2187 667 ad

1179 662 1184 716 i
1207 691 1254 711 me
1278 691 1392 711 omues.
1441 679 1519 710 Vult
1543 690 1605 709 nos
1629 680 1804 717 accedere,
1825 680 1896 710 sive
1918 678 2100 711 habeamus
2123 679 2187 710 vir-

1207 730 1306 759 tutes,
1330 724 1401 754 sive
1426 733 1491 753 non
1517 722 1708 760 babeamus,
1728 723 1827 752 modo
1850 723 2053 754 accendatur
2074 723 2105 753 in
2130 732 2187 752 no-

1208 767 1259 797 bis
1282 767 1407 807 agnitio
1431 767 1500 796 irae
1524 765 1587 796 Dei
1603 789 1611 803 ‚
1647 771 1677 797 et
1712 766 1841 806 peccati
1876 766 2002 803 nostr-1,
2036 770 2069 796 et
2098 765 2187 796 adsit

1210 809 1301 848 fides,
1325 820 1409 850 quae
1432 814 1554 839 statuat
1583 820 1645 839 nos
1676 809 1775 848 recipi
1805 816 1939 848 propter
1964 808 2051 840 hunc
2073 806 2187 839 Domi-

1180 847 1183 890 i
1208 863 1295 883 num.
1343 852 1388 882 lta
1412 851 1568 882 miracula
1592 858 1668 883 sunt
1692 851 1842 892 exempla
1866 858 1895 881 et
1920 852 2108 882 testimonia
2131 860 2187 891 ap-

1180 895 1182 936 }
1208 894 1397 937 plicationis
1422 895 1462 925 de
1486 895 1628 935 gratuita
1652 895 1896 931 misericordia,
1927 895 1966 924 de
1998 892 2188 925 reconcilia-

1180 938 1182 983 ς’
1208 939 1308 975 tione,
1332 939 1372 968 118
1395 936 1452 968 illa
1476 937 1676 974 aequalitate
1700 938 1843 978 gratiae,
1875 938 1961 978 quod
1992 938 2064 968 sine
2091 946 2187 968 acce-

1180 986 1181 996 *
1207 983 1353 1022 ptatione
1384 991 1599 1020 personarum
1633 991 1748 1011 omnes
1782 981 1984 1021 recipiuntur
2014 980 2187 1011 credentes

1180 1043 1182 1047 ν
1207 1025 1240 1055 in
1263 1023 1378 1055 Filium
1402 1023 1474 1054 Dei.

1177 1054 1183 1136 ἢ
1295 1067 1387 1097 llaec
1405 1072 1456 1096 est
1480 1067 1662 1096 communis
1675 1066 1824 1096 doctrina
1838 1066 1878 1096 de
1897 1065 2077 1101 miraculis,
2088 1074 2188 1107 quam

1208 1120 1310 1150 saepe
1329 1110 1540 1149 ‚cogitemus,
1570 1110 1699 1149 quoties
1732 1108 1912 1139 recitantur
1944 1106 2122 1145 miracula,
2155 1112 2189 1139 et

1209 1151 1305 1183 simul
1330 1151 1490 1183 faciamus
1514 1150 1769 1193 applicationem
1799 1151 1841 1181 ad
1868 1161 1951 1188 nos,
1981 1152 2070 1192 quod
2092 1150 2188 1182 Deus

1209 1197 1308 1227 etiam
1331 1205 1394 1226 vos
1418 1193 1495 1226 velit
1518 1196 1677 1236 recipere.
1722 1193 1816 1225 Sicut
1838 1192 1929 1225 illum
1950 1193 2190 1225 Samaritanum

1209 1245 1319 1276 sanat,
1342 1246 1372 1269 et
1397 1236 1494 1268 simul
1513 1237 1717 1269 sanctificat:
1748 1238 1797 1267 sic
1827 1238 1924 1268 etiam
1952 1247 2014 1268 nos
2039 1235 2190 1278 singulos

1208 1281 1281 1314 vult
1303 1282 1454 1321 recipere
1479 1287 1510 1312 et
1533 1280 1761 1315 sanctificare3
1784 1286 1814 1311 et
1838 1286 1956 1321 postea
1986 1281 2083 1311 etiam
2109 1280 2190 1311 dare

1211 1326 1299 1356 bona
1322 1323 1521 1365 corporalia.
1567 1323 1666 1355 Scitis
1696 1329 1804 1354 autem
1829 1333 1934 1364 nuper
1961 1333 1980 1354 a
2002 1323 2100 1354 nobis
2125 1322 2191 1355 hoc

1208 1373 1436 1410 argumentum
1460 1373 1637 1398 tractatum
1660 1376 1752 1397 esse:

1253 1426 1428 1465 Privilcyia
1450 1437 1510 1456 uon
1533 1430 1603 1456 sunt
1626 1427 1770 1457 omnium:

1252 1470 1426 1500 promissio
1448 1471 1573 1509 {Ji-ntiae
1595 1472 1641 1498 est
1660 1468 1871 1507 prl'vz'leyae'um:

1253 1512 1342 1553 Eryo
1362 1514 1530 1553 promissio
1553 1513 1677 1552 yratiae
1699 1522 1759 1541 uon
1782 1515 1828 1541 est
1851 1512 1990 1542 omnium.

1298 1572 1509 1614 Privilegium
1538 1572 1618 1601 beist
1640 1571 1768 1600 ‹larumb
1791 1570 1876 1605 also,
1906 1570 1982 1599 class
2003 1579 2074 1599 man
2096 1570 2192 1598 einen·

1211 1619 1260 1646 ein
1284 1617 1450 1646 besonders
1472 1615 1602 1653 maclmt,
1632 1620 1683 1646 est
1706 1614 1857 1654 exceptio
1879 1624 1899 1644 a
1922 1612 2086 1644 communi
2108 1612 2191 1650 iuro,

1213 1659 1260 1689 als
1283 1660 1336 1689 (lie
1358 1660 1469 1698 (νη-981·
1491 1668 1608 1687 ntrcssen
1631 1657 1765 1691 wat-lien,
1788 1657 1853 1686 uml
1875 1655 2070 1696 doryleiclten
2089 1664 2191 1686 onera

1213 1707 1335 1742 trayen,
1354 1703 1397 1732 du
1420 1702 1530 1740 ‹larffst
1555 1712 1586 1731 es
1609 1700 1694 1730 nicht
1717 1700 1804 1738 tktm,
1827 1700 1886 1729 das
1907 1701 1949 1729 ist
1972 1697 2190 1740 privilegium.

1299 1745 1500 1786 Respondeo
1531 1746 1571 1775 de
1596 1744 1814 1785 promissione
1836 1744 1980 1784 gratiae:
2012 1742 2107 1783 Nego
2129 1741 2191 1773 Mi·

1211 1799 1326 1819 norem
1350 1787 1552 1829 simpliciter.
1598 1787 1779 1817 Promissio
1809 1787 1935 1826 gratiae
1963 1795 2029 1816 non
2053 1790 2105 1815 est
2126 1784 2189 1825 pri-

1212 1832 1389 1871 vilegium,
1421 1831 1479 1861 sed
1510 1837 1560 1861 est
1586 1829 1676 1866 talis,
1712 1836 1746 1860 ut
1764 1827 2059 1860 situniversaliter
2081 1827 2191 1868 posita

1211 1876 1365 1906 omnibus
1396 1885 1467 1905 eam
1491 1874 1739 1914 accipientibus.
1785 1872 1878 1903 Sicut
1909 1872 2005 1902 etiam
2035 1869 2190 1911 simplici-

1211 1926 1262 1949 ter
1286 1924 1336 1948 est
1360 1918 1493 1948 innnota
1517 1923 1549 1947 et
1572 1924 1722 1953 aeterna,
1751 1925 1944 1956 quamquam
1975 1914 2107 1944 amissis
2132 1914 2189 1943 bo-

1211 1962 1261 1991 nis
1293 1959 1536 2001 corporalibus.
1599 1959 1694 1988 Wemz
1722 1960 1769 1986 ein
1793 1958 1871 1995 ‹liny
1894 1956 1978 1985 uir—ht
2002 1954 2190 1987 universale

1210 2006 1261 2038 ist,
1287 2015 1321 2033 so
1346 2003 1445 2032 ntueltt
1469 2013 1500 2030 es
1523 2003 1575 2031 dle
1597 2002 1659 2031 lent
1676 2003 1749 2031 iri-(¹.
1773 2007 1805 2030 ut
1828 2001 1974 2039 cogitent
1996 1999 2038 2030 atl
2061 2009 2099 2030 Se
2121 2008 2188 2030 non

1210 2047 1387 2088 pertinere.
1434 2046 1500 2074 Der
1528 2044 1604 2073 'l'coel
1627 2048 1717 2082 ,τηρῇ
1737 2043 1833 2072 Die-es
1856 2047 1900 2072 est
1915 2043 1999 2072 Dens
2021 2044 2054 2071 e'n
2077 2051 2187 2073 onmes.

1211 2091 1306 2127 Item,
1344 2090 1597 2126 Quoi-murmtque
1626 2088 1806 2115 vvvuiseritis
1832 2090 1976 2124 peccatu,
2010 2090 2073 2116 etc.
2127 2083 2189 2115 Est

1210 2131 1399 2164 universale
1423 2132 1485 2162 boc
1506 2130 1728 2161 ministerium.
1786 2129 1856 2160 Nee
1881 2130 2038 2159 debemus
2062 2128 2190 2168 fingere

1211 2175 1485 2207 contradictorix-ts
1510 2172 1699 2204 voluntates
1723 2173 1755 2203 in
1780 2172 1865 2203 Deo.
1900 2171 2069 2202 Debemus
2091 2180 2188 2202 accc-

1210 2220 1288 2250 dere
1311 2219 1351 2249 ad
1384 2217 1608 2253 ministerium,
1642 2217 1756 2246 audire
1791 2225 1905 2246 vocem
1940 2213 2120 2255 ministerii,
2153 2218 2188 2243 ut

1209 2268 1327 2304 postea
1349 2261 1485 2292 dicetur.

1210 2402 1292 2443 Sed
1325 2400 1421 2455 quid
1460 2400 1556 2439 (licis
1589 2399 1640 2438 de
1680 2397 2008 2453 promissionibus
2047 2409 2188 2450 corpo-

1209 2462 1375 2510 ralibus,
1407 2474 1540 2500 annon
1582 2459 1668 2498 illae
1708 2464 1800 2499 suut
1838 2456 2056 2512 privilegia,
2095 2455 2189 2509 quia

1285 2522 1394 2561 illum
1428 2521 1541 2559 Deus
1573 2519 1687 2569 ditat,
1719 2518 1839 2558 alium
1873 2532 1954 2556 non
1986 2516 2115 2556 ditat?

1183 2625 1187 2649 1
1297 2612 1508 2653 Respondeo.
1554 2611 1638 2641 Sunt
1660 2608 1850 2651 privilegia,
1879 2618 1945 2650 quo
1967 2607 2011 2638 ad
2033 2607 2189 2648 speeiem,
