2343 2970
130 179 194 211 957
818 178 1037 212 POSTILLA
1059 178 1455 213 MELANTHONIANA.
2076 181 2141 216 958

129 271 263 315 politiae
284 273 455 312 Iudaicae,
485 280 518 305 et
539 279 706 315 pugnator
727 284 788 316 pro
810 275 928 316 patria.
973 273 1041 307 Sed
1064 275 1109 306 ibi
1132 277 1136 316 1

128 317 290 349 immensa
312 316 539 349 misericordia
561 316 625 348 Dei
655 322 795 349 vocatur
825 318 869 348 ad
891 316 1109 359 Evangelium

128 361 163 392 in
185 360 271 401 signi
293 357 460 391 miraculo.
505 359 583 391 Ideo
606 359 746 402 pulchre
770 361 905 392 dicitur:
933 361 1022 392 Deus
1044 365 1109 391 tra-

128 403 188 442 leit,
211 402 269 434 sed
286 402 443 434 volentem.
489 402 612 435 Paulus
635 414 702 435 non
726 405 933 446 repugnavit,
954 415 1029 436 cum
1052 413 1109 436 vo-

128 452 272 478 caretur.
316 445 393 477 Non
427 446 544 478 eodem
578 447 677 478 modo
707 456 822 478 omnes
847 457 1017 485 vocamur,
1040 446 1109 489 ple-

128 489 224 533 rique
245 494 355 521 autem
379 496 540 522 vocantur
573 501 633 532 per
667 488 895 528 calamitates,
929 490 1016 522 sicut
1038 490 1109 522 Mau

128 539 242 577 nasse,
261 533 321 574 ‘qui
343 534 376 565 in
400 543 460 566 sua
483 534 674 575 captivitate
703 543 887 565 conversus
916 538 977 564 est.
1023 532 1108 565 Pau-

128 575 181 609 lus
206 581 348 608 vocatus
383 583 435 608 est
467 575 602 608 fulmine
637 577 678 608 de
713 575 978 609 coelozachaeus
1014 576 1109 608 aliter

128 624 269 652 vocatus
292 625 354 651 est.
399 620 466 652 Se'd
489 619 570 652 illud
594 618 869 652 considerandum
893 626 956 658 est,
975 620 1108 661 quando

128 662 279 695 audimus
303 673 421 695 vocem
444 664 688 706 poenitentiae,
723 664 867 695 sciamus
897 672 960 694 nos
983 663 1108 695 vocari.

128 707 175 738 lta
199 706 501 738 communissimum
524 713 587 746 est,
611 712 647 738 ut
670 702 792 747 singuli
820 707 890 738 suis
913 707 1031 748 poenis
1055 716 1110 739 vo·

129 754 246 782 centur
268 749 358 781 iuxta
380 747 479 782 illud:
507 749 632 780 Bonum
655 749 739 784 milzi,
763 751 837 790 quia
859 749 1032 780 humiliasti
1053 760 1110 788 me,
1134 746 1137 774 Ι

126 798 163 826 ut
196 794 314 827 discam
348 795 582 835 iustificationes
618 797 695 824 tuas.
749 794 829 824 ltem
843 815 852 831 ,
893 793 1028 823 Veccatt'o
1053 776 1137 840 dat!

126 838 325 869 intellectum.
370 839 494 880 Sicque
517 848 583 869 non
606 842 742 878 propter
763 842 880 868 nostra
904 846 1006 878 opera
1028 836 1110 867 reci-

126 883 246 924 pimur,
265 882 325 914 sed
342 887 466 913 tantum
491 881 595 923 gratis
617 886 754 921 propter
772 879 999 917 mediatorem,
1013 889 1110 921 quem

128 926 194 958 fide
223 923 513 967 apprehendimus.
564 923 641 965 lpse
665 921 789 955 Paulus
815 922 856 960 [1.
883 921 960 954 Cor.
987 922 1038 960 15,
1062 922 1109 961 S.]

129 969 210 1001 dicit
233 979 270 1000 se
292 978 369 1000 esse
392 969 543 1010 kerpenne,
568 968 601 998 id
624 972 686 1005 est,
709 967 881 1003 abortum,
913 966 945 996 id
969 971 1020 996 est
1042 963 1110 997 foe-

128 1018 183 1044 tus
207 1012 313 1044 editus
338 1012 456 1043 aborti.
501 1011 557 1042 Sic
580 1020 642 1042 nos
656 1019 772 1042 omnes
795 1018 910 1041 sumus
923 1009 1108 1052 ἐκιρώματα,

128 1055 313 1088 miserrima
336 1065 450 1088 massa
473 1056 621 1099 peccatis
645 1055 757 1088 multis
780 1059 813 1087 et
834 1055 963 1097 magnis
997 1054 1108 1097 plena.

128 1099 178 1132 lta
201 1098 327 1133 Paulus
351 1099 469 1132 videns
492 1102 526 1132 in
559 1106 679 1132 natura
713 1098 802 1131 illam
824 1109 977 1140 magnam
1001 1097 1110 1130 defor—
1129 1073 1140 1165 J

127 1145 284 1182 mitatem,
297 1153 335 1175 se
360 1150 458 1175 vocat
480 1146 627 1186 ἕκτρωμος.
674 1142 741 1174 Sed
765 1143 905 1184 tegimur
926 1153 986 1183 per
1009 1141 1109 1173 filium

127 1184 204 1226 Dei,
229 1187 283 1228 qui
306 1187 481 1220 intercedit
503 1198 564 1228 pro
589 1186 698 1224 nobis,
722 1186 794 1218 eius
817 1185 940 1216 iustitia
962 1185 1039 1216 iusti
1057 1194 1109 1216 re-

126 1235 292 1271 putamur,
317 1236 348 1261 et
370 1236 422 1262 est
444 1231 477 1261 in
500 1230 598 1262 nobis
618 1228 740 1261 efficax
764 1229 906 1271 Spiritus
930 1235 1080 1261 sanctus.

142 1272 145 1276 ”
216 1273 253 1304 11.
300 1272 424 1305 Paulus
453 1274 553 1305 docet
575 1272 814 1316 Evangelium,
850 1278 943 1304 taxat
976 1281 1108 1304 errores

128 1328 204 1351 cum
225 1315 408 1358 Evangelio
431 1324 635 1360 pugnantes,
660 1322 692 1350 et
715 1317 861 1360 inprimis
884 1315 1028 1348 illustrat
1052 1316 1110 1346 do*—

128 1360 266 1395 ctrinam
286 1361 327 1406 de
350 1361 536 1399 discrimine
558 1362 645 1407 legis
668 1367 699 1393 et
721 1359 919 1403 Evangelii,
949 1366 982 1392 et
1004 1359 1109 1391 reiicit

127 1406 302 1450 opiniones
325 1409 531 1456 pharisaicas
552 1409 593 1441 de
615 1406 738 1439 iustitia
760 1402 874 1447 legali,
898 1403 1007 1444 docet,
1021 1403 1109 1446 quod

125 1460 195 1492 nan
217 1460 321 1490 simus
344 1458 422 1489 iusti
445 1462 581 1499 propter
605 1450 796 1495 dignitatem
815 1455 1007 1481 nostrorum
1031 1458 1109 1488 ope·

126 1513 222 1541 rum,
256 1502 317 1534 sed
351 1499 426 1533 sola
458 1500 581 1532 iustitia
604 1496 661 1529 filii
684 1495 758 1530 Dei,
783 1503 879 1535 qucm
899 1496 1029 1534 oportet
1052 1502 1109 1532 ap·

126 1546 289 1590 prehendi
311 1544 387 1576 fide.
433 1542 497 1575 Hic
519 1540 617 1573 simul
640 1540 738 1571 etiam
761 1538 940 1574 discamus,
951 1535 1030 1577 quid
1053 1545 1110 1566 vo-

128 1597 225 1625 cetur
244 1587 431 1628 disciplina,
454 1584 582 1617 seilicet
605 1588 741 1615 externa
770 1580 958 1612 obedientia
992 1587 1109 1610 secun-

131 1636 208 1668 dum
225 1633 336 1675 legem
358 1631 440 1667 Dei;
461 1629 547 1661 haec
580 1627 724 1659 nondum
758 1629 811 1656 est
838 1622 966 1654 iustitia
995 1632 1109 1653 ceram

130 1678 219 1717 Deo,
243 1677 303 1708 sed
327 1682 436 1707 tamen
458 1671 556 1705 valde
589 1679 746 1711 magnum
780 1667 935 1709 quiddam
969 1670 1021 1696 est
1054 1665 1109 1695 ha-

130 1723 213 1755 bere
236 1717 456 1760 disciplinam,
479 1716 566 1758 quia,
590 1723 664 1745 eum
687 1721 803 1743 sumus
826 1710 859 1740 in
882 1706 1054 1745 Ecclesia,
1078 1713 1111 1739 et

131 1764 278 1806 regimus
302 1761 427 1803 Spiritu
454 1764 593 1795 sancto,
630 1760 762 1796 oportet
795 1763 857 1784 nos
880 1753 1003 1783 habere
1025 1751 1113 1782 hanc

133 1805 358 1847 disciplinan13
392 1802 501 1845 placet
535 1801 620 1832 enim
653 1797 712 1829 illa
744 1801 881 1838 propter
912 1794 1015 1827 filiurn
1039 1793 1113 1826 Dei.

132 1848 320 1891 Disciplina
343 1854 464 1884 autem,
485 1855 583 1887 quam
606 1842 661 1873 lex
684 1840 843 1882 requirit,
879 1844 930 1870 est
963 1837 1114 1879 perfecta

133 1900 167 1925 et
189 1892 326 1924 interior
349 1889 538 1921 obedientia
562 1897 643 1928 erga
665 1884 785 1926 legem,
805 1891 901 1924 quam
925 1891 990 1912 non
1014 1881 1114 1913 habe·
1135 1869 1138 1915 i

133 1946 217 1969 mus.
263 1934 329 1966 Sed
353 1933 427 1964 ideo
457 1932 600 1963 donatus
635 1934 686 1959 est
718 1925 804 1957 filius
827 1925 913 1963 Dei,
949 1930 983 1955 ut
1018 1917 1139 1963 suam}

135 1979 292 2011 iustitiam
315 1976 412 2008 nobis
437 1976 577 2006 donaret
601 1978 632 2003 et
654 1977 689 2002 ut
713 1970 784 2010 ipse
807 1966 905 2000 simul
929 1973 1020 1999 esset
1044 1965 1114 1997 effi—
1138 1988 1141 2015 ι

136 2032 199 2054 eax
222 2022 255 2052 in
278 2020 388 2057 nobis,
411 2018 501 2060 quod
519 2022 654 2058 propter
686 2014 793 2055 ipsum
828 2021 890 2043 nos
924 2009 1002 2042 velit
1032 2011 1114 2042 reci·
1138 2018 1140 2027 ¹

135 2074 216 2107 pere
249 2069 407 2095 aeternus
441 2066 570 2102 pateret
603 2068 734 2098 semper
772 2055 1024 2097 repugnandum
1063 2059 1141 2084 est*

137 2107 342 2140 dubitationi.
389 2104 530 2140 Quando
554 2103 639 2134 enim
662 2101 761 2132 homo
774 2097 875 2130 vellet
894 2098 1011 2128 intueri
1035 2106 1114 2128 suas

137 2149 327 2193 qualitateS,
345 2153 424 2179 tunc
446 2151 594 2179 maneret
617 2146 765 2185 ἕκτρωμα,
779 2142 838 2173 sed
861 2146 997 2182 propter
1014 2138 1115 2171 filium

138 2199 232 2226 certo
254 2191 429 2232 recipimur
453 2195 485 2221 et
505 2188 677 2230 placemus
702 2191 837 2217 aeterno
864 2184 959 2225 patri.

224 2236 278 2266 111.
324 2234 380 2265 De
403 2231 623 2264 miraculis.
669 2228 794 2260 Paulus
822 2226 923 2259 multa
952 2225 1029 2257 fecit
1060 2222 1143 2273 'ni'i

137 2278 265 2316 racula,
289 2276 503 2309 resuscitavit
524 2273 645 2306 multos
668 2278 835 2309 mortuos,
867 2280 967 2310 saepe
990 2279 1116 2310 pugna-

138 2323 186 2354 vit
209 2333 284 2353 cum
303 2320 432 2357 bestiiS,
447 2329 519 2349 cum
543 2318 590 2348 eis
615 2322 666 2348 est
690 2317 853 2346 obiectus.
900 2313 977 2344 ltem
993 2312 1116 2350 Melite,
1141 2321 1144 2359 Ι

140 2375 226 2407 quae
248 2363 332 2395 alias
352 2360 456 2394 Malta
479 2361 607 2398 dicitur,
631 2369 770 2399 serpens
789 2357 955 2398 pendebat
980 2356 1020 2386 de
1044 2357 1117 2386 bra-

140 2408 216 2439 chio
240 2405 347 2444 Pauli,
373 2415 437 2447 quo
462 2402 536 2435 solo
560 2401 719 2435 miraculo
743 2400 863 2432 multos
893 2399 1054 2430 convertit
1076 2398 1118 2429 ad

138 2451 238 2483 fidem
262 2449 494 2481 Christianam.
540 2444 647 2477 Multa
679 2450 755 2476 sunt
783 2441 937 2484 exempla
970 2442 1002 2472 in
1037 2441 1116 2473 scri-

140 2493 258 2535 pturis,
282 2493 338 2524 ubi
362 2491 478 2522 leones
514 2495 545 2521 et
577 2489 670 2530 pardi
698 2493 729 2519 et
748 2487 965 2518 saevissimae
988 2485 1119 2515 bestiae

140 2541 362 2577 pepercerunt
390 2534 538 2570 sanctis,
573 2542 638 2573 quo
661 2530 755 2562 Deus
791 2529 894 2561 voluit
929 2527 1119 2569 significare

140 2578 218 2611 illas
242 2579 367 2610 bestias
392 2586 469 2608 esse
492 2575 639 2607 mitiores
659 2574 820 2616 tyrannis,
840 2579 872 2604 et
894 2573 926 2603 in
951 2570 1015 2602 illis
1040 2580 1120 2612 quo-

141 2632 208 2664 que
231 2631 307 2653 esse
330 2619 407 2662 plus
431 2618 634 2656 clementiae,
659 2627 757 2658 quam
780 2617 812 2647 in
836 2615 1034 2652 hominibus,
1059 2615 1121 2644 sie-

141 2670 179 2696 ut
215 2663 318 2696 semel
352 2662 507 2705 Lugduni
546 2659 670 2692 facturn
713 2665 763 2691 est
797 2660 851 2691 ubi
892 2658 1042 2689 homines
1077 2656 1120 2697 pii

1161 274 1295 307 Attalus
1318 280 1351 306 et
1373 273 1514 306 Balbina
1538 285 1623 306 uxor
1646 275 1718 306 eius
1742 275 1861 306 obiecti
1886 274 2015 307 fuerant
2038 276 2139 309 leoni-

1161 320 1236 357 bus,
1258 319 1319 350 sed
1341 317 1458 350 leones
1481 316 1557 350 illos
1577 319 1822 350 circumeuntes
1850 318 2032 351 incolumes
2065 319 2138 352 reli·

1161 368 1316 404 querunt3
1340 362 1400 394 sed
1424 367 1532 393 tamen
1556 360 1608 392 his
1633 367 1796 404 tyrannus
1819 361 1972 393 immotus
2001 372 2059 394 eos
2083 374 2138 396 cx-

1160 403 1292 437 trahere
1327 405 1421 436 iussit
1456 414 1497 436 ac
1531 403 1710 436 decollare.
1767 403 1825 436 Sic
1848 403 1942 436 Deus
1976 416 2055 437 vere
2088 412 2141 438 est

1161 454 1332 491 protector
1354 453 1387 480 et
1406 446 1564 480 defensor
1585 447 1761 480 Ecclesiae
1785 457 1866 479 suae
1894 448 1991 479 etiam
2020 449 2053 479 in
2074 460 2141 481 me-

1161 492 1225 523 diis
1246 491 1412 525 hostibus,
1436 491 1523 523 sicut
1546 491 1704 532 scriptum
1728 496 1798 522 est:
1844 491 1918 530 Ipse
1945 495 1989 521 est
2018 493 2083 521 vita
2111 495 2141 520 et

1162 534 1327 575 longitudo
1362 535 1480 564 dierum
1514 538 1643 564 luorum.
1689 534 1769 566 ltem
1802 534 1835 565 in
1866 535 1977 566 Actis:
2011 535 2049 564 ln
2071 536 2142 573 ipso

1161 589 1275 617 sumus,
1297 579 1423 608 vivimus
1443 581 1473 606 et
1495 587 1654 608 mcvemur.
1700 577 1770 610 Leo
1794 583 1848 608 est
1869 577 1991 609 animal
2003 578 2141 609 horren-

1162 622 1240 653 dum
1262 622 1337 653 visu
1360 631 1427 653 non
1457 619 1565 652 solum
1598 620 1807 654 hominibus,
1843 621 1903 651 sed
1938 621 2033 652 ctiam
2068 619 2141 652 aliis

1161 664 1383 703 animalibus,
1417 669 1454 695 ut
1486 668 1627 695 testatur
1660 662 1813 695 historia.⁴
1870 662 1943 695 Re),
1977 662 2142 706 Anglicus

1162 719 1235 740 cum
1259 707 1363 740 semel
1387 713 1478 739 esset
1500 712 1697 747 experturus
1720 706 1945 738 fortitudinem
1968 706 2142 739 fortissimi

1163 751 1256 783 canis
1280 749 1425 793 Anghci,
1447 750 1544 782 iussit
1562 750 1727 791 quendam
1750 760 1867 781 canem
1890 750 2021 788 adduci,
2045 760 2142 793 quem

1161 795 1195 825 in
1218 793 1361 833 hortum,
1384 794 1440 825 ubi
1461 792 1577 825 leones
1604 799 1709 831 erant,
1720 793 1919 835 protrudere
1941 794 2048 825 iussit.
2079 793 2141 825 Ca-

1161 837 1214 868 nis
1237 843 1345 869 autem
1368 842 1545 879 protrusus
1568 837 1601 868 in
1623 835 1772 875 hortum,
1802 837 1918 868 videns
1941 836 2072 869 leonem
2095 837 2140 868 ia-

1163 885 1292 912 centem
1315 881 1347 911 in
1371 880 1518 922 gramine
1547 889 1650 922 seque
1686 886 1782 911 torve
1815 880 2074 921 adspicientem,
2107 880 2141 911 in

1162 929 1282 956 terram
1307 924 1437 965 cecidit,
1458 933 1499 955 ac
1521 933 1602 965 prae
1632 924 1749 954 timore
1773 923 1882 954 statim
1905 929 2055 955 mortuus
2078 929 2140 955 est.

1247 966 1304 999 IV.
1350 966 1411 999 De
1443 967 1597 998 studiis
1635 972 1674 997 et
1708 967 1931 998 exercitiis
1974 973 2141 998 sancto-

1162 1021 1257 1042 rum.
1302 1010 1356 1042 De
1395 1010 1447 1042 his
1480 1012 1553 1051 ipse
1583 1009 1707 1041 Paulus
1731 1009 1824 1041 dicit:
1872 1009 2003 1049 Castiyo
2028 1020 2142 1048 corpus

1162 1066 1265 1087 meum.
1311 1055 1347 1086 ln
1363 1064 1487 1096 graeco
1501 1059 1549 1085 est
1562 1053 1744 1091 ὑπωπιάξω.
1774 1051 1930 1084 Ὺπώπιον
1946 1052 2143 1092 yescliwulst,

1163 1099 1215 1128 die
1234 1099 1278 1128 da
1297 1098 1395 1137 wirzi,
1424 1108 1461 1129 so
1492 1106 1560 1127 mun
1584 1098 1672 1126 einen
1694 1096 1850 1126 sti-eichen
1896 1096 1938 1127 Et
1961 1106 2084 1127 caussa
2106 1094 2142 1126 il—

1161 1141 1225 1175 lius
1250 1141 1387 1173 tumoris
1411 1147 1474 1179 est,
1498 1141 1586 1182 quod
1610 1140 1748 1182 sanguis
1771 1137 1829 1170 illa
1851 1141 2069 1180 percussione
2087 1148 2143 1170 ex-

1164 1186 1281 1217 cutitur
1315 1195 1356 1216 ex
1390 1184 1533 1226 propriis
1568 1183 1665 1215 locis.
1729 1182 1802 1213 Hoc
1835 1189 1887 1213 est
1921 1181 2077 1214 imitabile
2107 1182 2143 1213 in

1162 1228 1280 1266 Paulo,
1305 1228 1580 1270 quemadmodum
1604 1232 1637 1258 et
1659 1226 1769 1258 studia
1792 1226 1874 1257 eius.
1924 1224 2049 1257 Paulus
2082 1223 2144 1256 fuit

1162 1271 1260 1304 valde
1280 1273 1400 1304 doctus
1423 1282 1489 1303 non
1508 1269 1616 1302 solum
1638 1270 1671 1301 in
1695 1268 1831 1307 Bibliis,
1859 1279 1944 1310 quae
1967 1267 2143 1311 diligenter

1162 1315 1254 1358 legit,
1279 1316 1339 1347 sed
1362 1316 1460 1348 etiam
1484 1315 1515 1345 in
1540 1313 1614 1345 aliis
1638 1312 1743 1344 literis
1758 1335 1767 1350 ,
1797 1313 1885 1354 quod
1915 1313 1986 1344 eius
2016 1312 2143 1352 scripta

1162 1360 1317 1392 indicant.
1362 1359 1399 1390 ln
1422 1356 1565 1399 epistola
1582 1357 1624 1389 ad
1637 1356 1844 1388 Timotheum
1860 1356 1951 1387 iubet
1974 1355 2036 1386 sibi
2060 1354 2144 1385 mitti

1161 1402 1279 1436 libros.
1324 1402 1475 1444 Inprimis
1499 1407 1608 1433 autem
1630 1400 1783 1443 legamus
1806 1399 1911 1440 ipsius
1940 1399 2084 1439 scripta,
2114 1397 2144 1428 si

1162 1458 1229 1479 non
1252 1446 1396 1489 pietatiS,
1410 1446 1505 1477 cuius
1523 1453 1646 1476 caussa
1668 1449 1777 1474 tamen
1801 1442 1979 1484 praecipue
2001 1440 2145 1483 legenda

1163 1496 1251 1530 sunt,
1274 1495 1419 1522 attamen
1448 1488 1640 1520 eruditionis
1672 1496 1804 1519 caussa.
1850 1485 1959 1517 Habet
1988 1493 2145 1526 magnum

1161 1534 1383 1566 testimonium
1403 1541 1484 1563 suae
1498 1531 1688 1567 doctrinae3
1710 1531 1782 1571 ipse
1797 1529 1883 1560 enim
1907 1529 1997 1559 dicit:
2021 1528 2058 1557 Se·
2073 1527 2143 1566 quis

1163 1577 1251 1607 aliud
1280 1575 1484 1616 Evauyelium
1514 1575 1676 1612 docuerit,
1708 1572 1871 1602 anathema
1899 1573 1950 1603 sit.
2000 1570 2144 1612 Magnos

1163 1627 1195 1652 et
1218 1622 1371 1662 ingentes
1395 1618 1530 1650 labores
1555 1616 1687 1649 sustulit
1710 1615 1834 1647 Paulus
1860 1615 1900 1646 15
1924 1624 2044 1652 annos,
2068 1614 2144 1645 dum

1161 1663 1222 1696 suit
1238 1664 1272 1694 in
1290 1673 1353 1695 sua
1376 1662 1552 1694 vocatione
1576 1667 1608 1692 et
1627 1671 1689 1692 suo
1713 1669 1825 1692 cursu.

1296 1782 1520 1815 DOMlNlCA
1543 1781 1599 1812 lV.
1623 1779 1735 1813 POST
1760 1777 2007 1811 EPIPHANIA.

1525 1857 1727 1890 Matthaei
1755 1858 1785 1889 8.

1353 1927 1458 1968 (cons.
1482 1926 1558 1959 Vol.
1582 1926 1703 1959 XXIV.
1723 1938 1754 1968 p.
1779 1925 1843 1957 330
1866 1927 1955 1967 sqq.)

1273 2007 1404 2038 Primus
1435 2005 1532 2037 locus
1566 2005 1663 2037 huius
1694 2001 1867 2045 Evangelii
1899 2008 1949 2033 est
1980 2001 2021 2032 de
2065 1999 2146 2032 asssi-

1166 2052 1285 2091 ctione,
1308 2051 1340 2081 in
1365 2059 1430 2092 qua
1453 2049 1631 2090 praecipue
1655 2053 1796 2089 quatuor
1820 2045 2029 2077 observanda
2059 2050 2146 2075 sunt.

1139 2095 1141 2106 '
1166 2095 1190 2127 l.
1237 2093 1335 2129 Quod
1358 2103 1425 2124 non
1450 2090 1637 2134 affligamur
1657 2101 1748 2129 casu,
1771 2090 1831 2121 sed
1855 2088 1989 2120 volente
2019 2093 2051 2118 et
2073 2097 2146 2128 per-

1140 2133 1141 2141 *
1166 2139 1315 2170 mittente
1337 2135 1429 2172 De03
1452 2133 1574 2176 alioqui
1606 2135 1691 2165 enim
1722 2138 1915 2175 sequeretur
1950 2140 2005 2162 res
2036 2130 2147 2161 huma-

1140 2195 1141 2199 *
1167 2191 1228 2213 nas
1250 2180 1325 2211 Deo
1349 2178 1429 2210 nihil
1454 2189 1554 2209 curae
1577 2188 1666 2215 esse,
1688 2177 1777 2218 quod
1794 2182 1844 2208 est
1867 2175 2009 2216 impium.
2056 2173 2148 2205 Sicut

1167 2226 1266 2267 igitur
1285 2223 1467 2254 iudicamus
1491 2223 1598 2253 bonas
1622 2230 1676 2251 res
1701 2220 1797 2251 nobis
1823 2219 1976 2249 divinitus
2001 2217 2081 2253 dari,
2105 2216 2148 2246 ita

1169 2269 1266 2300 etiam
1285 2276 1391 2308 aeque
1415 2265 1595 2296 iudicemus
1619 2265 1783 2295 adversus
1807 2272 1861 2292 res
1886 2261 2041 2292 divinitus
2064 2259 2148 2289 acci-

1170 2312 1259 2342 dere.
1306 2309 1361 2340 Sic
1385 2314 1498 2349 aperte
1521 2313 1662 2339 testatur
1692 2308 1811 2338 dictum
1841 2303 1938 2335 illud:
1984 2302 2054 2340 Esto
2085 2311 2149 2329 sum

1170 2354 1257 2383 Deus
1281 2362 1388 2382 creans
1411 2352 1519 2381 bonum
1542 2355 1572 2380 et
1595 2350 1714 2382 malum,
1739 2350 1771 2379 id
1796 2354 1857 2385 est,
1882 2357 1950 2377 rem
1974 2350 2149 2376 nocentem

1170 2404 1203 2428 et
1226 2396 1423 2437 punientem.
1467 2394 1561 2426 Deus
1599 2404 1664 2424 non
1700 2397 1751 2423 est
1786 2400 1907 2422 caussa
1941 2389 2035 2419 istius
2060 2384 2147 2423 mali,

1172 2439 1260 2481 quod
1295 2444 1434 2469 vocatur
1467 2437 1589 2469 malum
1619 2434 1745 2476 culpae.
1799 2433 1877 2464 Item
1908 2431 1985 2463 alibi
2015 2431 2148 2462 dicitur:

1173 2483 1286 2511 Omnes
1297 2481 1407 2521 capilli
1419 2482 1535 2520 capitis
1548 2480 1641 2509 vestri
1664 2478 1814 2507 numerati
1832 2479 1911 2505 sani.
1957 2475 2048 2512 lietu,
2064 2472 2149 2502 Pau-

1168 2537 1230 2566 per
1253 2529 1282 2554 et
1306 2525 1393 2554 clives
1434 2535 1494 2553 mm
1539 2523 1698 2555 habitant,
1730 2521 1816 2549 Deus
1852 2520 1935 2557 facil
1982 2521 2148 2555 utrumqne.

1173 2570 1279 2601 Porro
1306 2579 1372 2599 non
1392 2573 1444 2598 est
1470 2567 1670 2603 obscumm,
1700 2568 1927 2605 paupertatem
1951 2570 2028 2592 esse
2051 2568 2149 2601 quan-

1175 2613 1250 2644 dam
1273 2609 1503 2643 afflictionem:
1524 2609 1672 2650 sequitur
1702 2608 1801 2649 igitur
1839 2604 2045 2641 necessario,
2076 2600 2150 2632 reli-

1174 2665 1259 2697 quas
1282 2654 1478 2686 afflictiones
1503 2652 1600 2683 etiam
1624 2662 1644 2682 a
1667 2650 1741 2681 Deo
1764 2648 1942 2690 proficisci.
1987 2646 2081 2677 Hace
2099 2649 2151 2675 est
