2343 2970
245 171 309 203 335

244 267 399 301 Antonia,
423 273 456 298 et
468 266 674 307 gloriabatur
692 276 729 298 se
752 277 792 297 ex
816 266 918 306 stirpe
942 264 1096 297 Herculis
1120 271 1227 296 ortum
1252 270 1255 277 “

244 311 387 341 trabere.
447 310 511 341 Ista
549 310 707 350 cogitatio
731 309 824 340 inflat
847 319 936 339 cum:
971 308 1018 339 131·
1051 318 1119 339 mus
1149 309 1229 340 aber

241 354 452 395 ymleme‘ilfiqcl
488 354 622 383 werden.
682 352 800 383 Omnia
835 350 986 382 sublimia
1022 358 1228 393 premuntur:

244 397 319 438 quia
343 396 436 428 Deus
460 395 529 427 vult
552 406 614 427 uos
639 396 771 426 discere
794 393 1020 426 humilitatem.

331 439 484 471 Christus
509 449 586 470 vere
607 438 664 469 fuit
694 436 840 469 humilis.
876 438 961 469 sicut
985 438 1076 470 dicit:
1101 437 1229 470 Discite

244 494 265 514 a
287 493 345 515 me.
365 484 442 524 qnia
465 482 589 512 lzmm'lt's
612 491 679 512 mm
703 482 810 512 corde.
847 479 1001 512 Christus
1021 482 1092 522 ipse
1116 482 1229 513 abiicit

243 536 281 557 se
303 527 387 557 intra
418 535 533 557 omnes
564 531 753 561 creaturas,

244 570 488 610 turpitudinem,
515 568 656 599 sustinet
679 569 759 599 iram
784 567 847 599 Dei
877 574 1013 609 propter
1041 577 1114 599 nos.

244 618 293 643 est
317 610 491 643 ineffabilis
515 610 692 642 humilitas.

329 655 381 686 De
404 655 566 695 Superbia
590 656 768 686 observate
793 659 825 685 et
848 653 912 684 hoc
942 654 1078 685 dictum:
1110 653 1228 685 Omnes

242 699 375 740 superbi
396 702 468 729 sunt
498 695 601 736 l'utm':
635 702 667 728 et
701 703 857 735 econtra,
894 696 1011 727 Omnes
1035 695 1128 736 fatui
1154 701 1227 728 sunt

242 742 382 782 superbi.
414 741 449 773 Si
462 742 513 771 vis
537 741 665 772 irritare
679 740 814 777 fatuum,
840 749 1012 771 wennmtm
1034 739 1227 772 eineuNar-

242 795 298 816 ren
335 785 386 815 ‘evil
419 786 592 820 erziir‘nen,
628 784 757 816 dicatur
790 789 916 814 tantum
951 782 1073 824 aliquid
1110 789 1228 816 contra

242 829 313 860 eius
332 828 535 868 opinionem,
571 838 668 869 quam
693 827 793 858 habet
818 828 859 858 de
882 837 931 865 se,
957 828 1033 868 quia
1057 825 1227 858 naturales

243 871 321 903 fatui
369 871 490 901 hubent
527 871 700 911 opiniones
735 880 772 902 sc
807 880 885 901 esse
912 870 1017 907 tales,
1061 876 1093 901 et
1128 868 1224 901 tales.

243 914 310 945 lsta
334 915 466 955 quando
492 915 697 951 reiiciuntur,
733 920 800 945 tum
836 913 1032 944 irascuntur.
1080 912 1167 944 Idem
1191 913 1226 944 fit

243 958 339 989 etiam
363 958 394 988 in
418 957 503 993 aliis,
526 958 580 998 qui
605 963 713 988 tamen
737 957 932 998 sapientiam
961 957 1024 987 sibi
1055 962 1224 998 arrogant.

243 1001 333 1032 Anca
356 1001 409 1031 (lic
431 1001 542 1041 lrluyrn
568 1000 714 1038 Nam-en,
739 1006 815 1031 sunt
839 1000 986 1040 superbi,
1017 1005 1048 1030 et
1066 1000 1131 1031 hac
1153 1000 1225 1041 ipsa

243 1045 398 1085 superbia
421 1044 599 1075 ostendunt
624 1054 663 1074 se
685 1053 761 1075 esse
784 1042 904 1074 fatuos.

1168 566 1228 599 llla

308 1207 366 1239 Ex
396 1206 600 1238 ALIORUM
630 1205 853 1238 ANNORUM
880 1206 1159 1240 RHAPSODus.

334 1323 441 1372 Quid
476 1322 690 1376 fignificat:
725 1326 834 1359 Ieiuno
852 1328 899 1359 bis
923 1329 955 1358 fn
978 1327 1144 1359 sabbato?

242 1475 301 1507 fuit
331 1475 400 1506 dies
430 1475 568 1516 quietim
602 1480 657 1505 aut
686 1474 908 1514 septimanam.
960 1474 1037 1504 Vox
1073 1473 1225 1505 Hebraea

242 1529 301 1561 pro
322 1518 453 1549 diversa
490 1518 670 1558 scriptione
701 1523 757 1549 aut
794 1518 937 1558 quietem
961 1516 1139 1557 significat,
1169 1523 1225 1548 aut

242 1572 412 1593 numerum
441 1561 676 1602 septenarium.
734 1560 795 1591 Hic
818 1565 997 1600 usurpatur
1025 1571 1086 1601 pro
1110 1560 1226 1591 lzelnlo-

241 1606 350 1636 made:
374 1606 482 1636 leimzo
505 1604 553 1634 bis
576 1604 608 1634 1¹⁷3
620 1604 780 1635 Sabbata:
804 1604 836 1634 id
850 1610 912 1641 est,
940 1603 993 1633 Ιιιη
1013 1604 1074 1634 sicr
1090 1603 1225 1634 woclwn.

242 1647 348 1679 Etiam
369 1650 401 1678 in
425 1648 529 1688 prima
553 1645 707 1678 Ecclesia
729 1646 916 1678 habuerunt
947 1645 1069 1687 aliquid
1093 1647 1227 1678 ieiunio-

242 1702 311 1722 rum
336 1690 475 1732 singulis
499 1690 711 1731 septimanis,
747 1690 941 1730 praesertim
965 1691 996 1721 in
1020 1688 1130 1731 vigilis
1155 1690 1228 1721 diei.

242 1733 343 1770 Solis,
367 1734 533 1770 Mercurii,
558 1739 591 1764 et
610 1732 769 1769 Veneris3
796 1734 875 1774 quia
905 1734 977 1764 istis
1001 1733 1118 1764 diebus
1143 1732 1227 1764 cele-

243 1779 383 1809 brabant
406 1776 679 1808 communionem.
729 1775 883 1807 Ecclesie
906 1774 1131 1807 Alexandrina
1159 1786 1225 1807 non

242 1821 355 1851 habuit
379 1820 587 1861 quotidianas
611 1818 754 1857 Missas,
778 1825 814 1851 ut
844 1819 940 1850 hodie
959 1819 1143 1857 nominant,
1167 1819 1227 1850 sed

242 1863 354 1895 habuit
379 1864 552 1905 Synaxes,
581 1861 697 1904 quales
720 1872 783 1893 nos
807 1863 986 1894 habemus:
1021 1863 1051 1893 id
1077 1868 1146 1900 est,
1182 1863 1227 1894 di-

243 1907 471 1939 stributionem
496 1916 622 1937 coenae
646 1905 797 1944 Domini,
833 1906 896 1937 das
918 1905 1019 1937 haben
1043 1906 1089 1936 sic
1113 1904 1143 1936 1⁴71
1168 1906 1228 1936 der

242 1950 367 1981 wacken
390 1949 557 1990 dreymalil
576 1948 743 1989 yehalten:
778 1949 830 1980 die
860 1949 1035 1986 Mercurii,
1072 1948 1227 1986 Veneris,

244 1999 275 2025 et
294 1993 402 2024 Solis:
432 1999 462 2023 et
487 1991 683 2023 inchoarunt
720 1992 820 2023 serias
854 1992 994 2024 istorum
1023 1992 1148 2023 dierum
1172 2003 1227 2023 ve-

243 2036 343 2077 speri,
367 2036 452 2067 sicut
476 2035 584 2067 adhuc
608 2036 654 2066 tit.
689 2034 729 2066 Et
748 2041 783 2072 ut
806 2035 915 2067 idonei
940 2041 1054 2066 essent
1075 2035 1117 2066 ad
1141 2046 1227 2067 com-

244 2080 441 2117 munionem,
464 2084 639 2110 servarunt
668 2078 739 2109 istis
763 2079 879 2110 diebus
906 2077 1051 2120 aliquam
1074 2078 1226 2110 inediam.

243 2122 385 2155 Habetis
409 2120 508 2153 multa
533 2122 637 2155 «iirtzu
657 2131 742 2162 quae
761 2122 990 2153 commendant
1013 2122 1227 2153 sobrietatem

243 2172 275 2198 et
299 2166 561 2206 temperantiam.
612 2165 709 2196 Sicca
732 2166 841 2196 anima
848 2188 858 2203 ,
894 2169 941 2196 est
969 2165 1228 2205 S[11)1'67111'.5·Sl'711a.·

244 2210 274 2241 id
311 2215 375 2247 est,
413 2209 458 2239 du
494 2218 567 2239 mun
601 2208 689 2238 nicht
718 2219 754 2239 :u
783 2209 846 2239 viel
877 2208 1051 2250 sclzwelqet.
1108 2209 1226 2248 Πιιχεΐα

244 2252 356 2294 γαστήρ
375 2251 409 2282 οὐ
431 2256 522 2282 τίκτει
546 2251 653 2291 λεπηῇν
684 2251 788 2292 φρένα.
843 2251 979 2293 Pt’nyuz’s
1014 2254 1124 2282 venter
1163 2261 1227 2282 non

243 2297 347 2337 {Ji-qm]
382 2295 526 2326 subtilem
560 2304 693 2325 sensnm.
761 2294 820 2326 Est
855 2295 942 2336 apud
977 2294 1226 2337 Hieronymum.

246 2339 287 2371 Et
311 2340 360 2370 sic
384 2337 486 2380 vulgo
517 2338 671 2369 dicimus:
708 2337 842 2378 pinquis
879 2343 989 2369 venter
1025 2348 1087 2369 που
1120 2339 1228 2369 studet

246 2383 389 2414 libenter.
448 2382 557 2422 Saepe
585 2381 681 2412 vobis
711 2381 791 2412 dixi:
826 2380 867 2412 Et
895 2387 1014 2422 gentes
1043 2387 1075 2412 et
1108 2380 1229 2423 singuli

247 2425 399 2456 homines
428 2423 634 2456 transferunt
662 2423 879 2466 Evangelium
917 2424 959 2455 ad
991 2434 1102 2456 mores
1132 2434 1228 2456 suos:

249 2474 282 2500 ut
305 2478 388 2510 gens
401 2468 568 2510 Aegyptia
593 2473 623 2498 et
638 2466 779 2503 Svriaca
802 2466 861 2498 suit
884 2468 1130 2507 superstitiosa:
1153 2467 1229 2499 ideo

249 2512 512 2543 accommodavit
528 2502 746 2553 Evangelium
769 2511 811 2542 ad
830 2509 1051 2541 Monachatus
1076 2516 1108 2542 et
1130 2511 1229 2542 vitam

249 2554 464 2586 Eremiticam.
521 2553 654 2586 Graeca
695 2563 810 2585 amans
847 2553 1118 2594 disputationum:
1156 2554 1229 2585 ideo

250 2598 417 2639 quaesivit
439 2596 641 2629 subtilitates
664 2597 697 2629 in
714 2595 898 2639 Evangelio
937 2596 1078 2627 Romani
1097 2596 1231 2629 suerunt

250 2646 421 2678 amantes,
457 2647 489 2672 et
518 2639 741 2682 intelligentes
773 2639 1031 2672 dominationum
1065 2640 1097 2670 in
1126 2639 1229 2671 alios:

887 171 995 203 PHIL.
1021 170 1123 202 MEL.
1149 170 1337 203 SCRIPTA
1363 170 1627 203 EXEGETICA.

789 524 917 555 derivat
950 524 982 555 in
1012 534 1049 555 sc
1079 530 1227 556 nostram
1252 523 1254 535 ¹

2197 173 2261 207 336

1280 266 1379 306 igitur
1403 269 1643 297 constituerunt
1668 265 1757 298 illum
1780 266 2011 299 Pontificatum
2039 278 2145 300 suum.
2190 268 2261 301 Nos

1282 309 1439 340 Germani
1481 310 1522 340 ad
1558 309 1742 341 libertatem
1785 316 1818 342 et
1857 309 2065 342 heluationes
2105 312 2262 352 propensi

1252 376 1254 387 ,
1281 361 1412 383 sumus:
1446 352 1521 384 ideo
1552 353 1843 385 accommodamus
1873 354 2057 385 doctrinam
2088 353 2262 397 Evangelii

1251 394 1255 432 ἑ
1280 395 1324 426 ad
1355 395 1555 427 laxationem
1586 395 1792 437 disciplinae.
1848 396 1919 428 Nec
1951 395 2037 429 salso
2071 398 2190 429 dicitur
2221 398 2263 430 de

1280 443 1396 470 nostra
1432 445 1551 480 gente:
1588 439 1741 470 llulorum
1774 440 1919 478 dez-otio,
1960 444 1990 470 et
2027 440 2262 473 Germanorum

1280 482 1411 519 ieiunia,
1434 492 1496 513 non
1520 492 1617 515 unum
1636 482 1750 522 labam
1772 484 1880 514 valent
1901 484 2017 515 omnia.

1282 647 1416 697 Quare
1458 656 1595 689 textus
1644 649 1761 689 dicit:
1797 656 2019 686 Ascemlerunt
2047 656 2111 687 duo
2133 655 2164 686 in
2189 659 2262 687 tem-

1251 686 1254 698 1

1441 731 1553 771 plum?
1575 733 1618 766 et
1643 732 1816 764 Descendit
1844 727 2069 768 Publicanus‘?

1366 825 1452 862 Quia
1480 825 1634 867 templum
1670 825 1729 859 suit
1757 828 1855 859 situm
1879 828 1910 858 in
1941 832 2062 859 monte.
2117 827 2264 860 Fuerunt

1280 868 1520 911 Hierosolymis
1540 870 1605 901 (luo
1628 877 1760 902 montes
1790 871 1932 912 oppositi
1962 871 2045 902 inter
2067 880 2123 909 se,
2160 877 2191 902 et
2216 876 2264 902 ta-

1280 922 1354 944 men
1377 912 1486 944 vicini.
1533 912 1615 944 Zion
1640 912 1698 945 tuit
1721 912 1776 945 ille
1800 924 1916 952 mons,
1947 913 1998 945 cui
2026 911 2087 945 suit
2109 913 2263 955 imposita

1279 965 1349 996 arx,
1373 956 1446 987 sive
1473 957 1619 987 munitio.
1671 957 1801 988 Nomen
1831 956 1960 994 Ziom's,
1992 956 2159 999 significat
2188 967 2263 998 spe·

1280 998 1406 1038 culam,
1441 1000 1510 1030 eine
1538 1003 1649 1031 warte.
1708 999 1754 1031 lbi
1793 999 1853 1031 fuit
1893 1010 2026 1040 semper
2060 1000 2264 1041 praesidium

1279 1041 1429 1073 militare.
1475 1041 1571 1074 Alter
1593 1053 1689 1074 mons
1713 1042 1774 1074 fuit
1793 1043 1927 1079 Morio,-
1951 1053 2016 1074 vox
2035 1042 2179 1085 legenda
2202 1049 2265 1081 est,

1280 1092 1313 1116 ut
1338 1084 1538 1127 dissyllaba:
1575 1086 1743 1127 significat
1773 1086 1876 1124 idem,
1912 1086 2001 1127 quod
2030 1085 2190 1117 Dominus
2218 1086 2264 1116 vi·

1279 1128 1376 1167 debit,
1401 1127 1466 1167 vel,
1491 1130 1631 1160 ostensio
1653 1129 1793 1161 Domini.
1838 1128 1911 1160 Fuit
1933 1127 1990 1160 ille
2012 1138 2120 1167 monS,
2147 1129 2179 1160 in
2199 1138 2264 1171 quo

1278 1171 1436 1213 templum
1466 1178 1517 1203 est
1547 1171 1749 1204 collocatum
1777 1183 1797 1203 a
1827 1171 2015 1204 Salomone.
2043 1171 2075 1203 2.
2099 1171 2210 1204 Paral.
2233 1171 2264 1204 3.

1278 1214 1488 1247 Posteriores
1512 1214 1722 1257 collegerunt
1745 1222 1919 1257 utrumque
1942 1221 2087 1246 montem
2110 1215 2143 1246 in
2166 1224 2265 1247 unam

1278 1269 1483 1290 communem
1501 1259 1726 1297 mun=tionem‚
1751 1260 1813 1290 das
1836 1269 1869 1290 es
1891 1259 1960 1290 eine
1972 1259 2115 1300 yenzeine
2132 1255 2266 1300 festum]

1280 1311 1368 1333 wem.
1417 1301 1540 1333 GeneS.
1573 1303 1626 1333 22.
1662 1302 1698 1333 fit
1720 1303 1842 1334 mentio
1877 1302 1997 1334 montis
2020 1301 2153 1340 BIoria,
2175 1300 2266 1343 quod

1278 1344 1433 1376 obtulerit
1456 1345 1487 1376 in
1513 1355 1552 1376 eo
1572 1344 1755 1383 Abraham,
1779 1345 1873 1376 Isaac
1897 1344 2009 1377 filium.
2043 1344 2159 1377 Voluit
2169 1344 2265 1377 Deus

1247 1378 1252 1441 ἱ
1278 1388 1441 1426 mdicare,
1471 1389 1560 1429 quod
1584 1387 1707 1431 aliquid
1730 1390 1842 1421 maa-ni
1865 1387 2010 1420 futurum
2040 1394 2132 1420 esset
2164 1388 2199 1420 in
2221 1397 2263 1420 eo

329 1432 505 1463 ΑἵαΙιΙηιίηηι
539 1431 705 1473 significat
739 1437 794 1462 aut
830 1431 911 1462 diem
946 1431 1129 1471 septimum,
1171 1441 1252 1479 qu¹i

1278 1430 1370 1462 loco:
1394 1430 1560 1470 videlicet,
1585 1432 1674 1474 quod
1697 1442 1734 1463 se
1747 1422 1910 1464 ibicveuet
1920 1429 2121 1473 patefacere,
2145 1430 2265 1471 audiri,

1279 1480 1311 1505 et
1334 1474 1494 1506 invocari.
1528 1475 1605 1516 Ipsa
1622 1475 1720 1506 etiam
1737 1474 1917 1507 immolatio
1942 1474 2036 1506 isaac
2059 1475 2172 1506 debuit
2188 1483 2267 1507 esse

1279 1524 1377 1560 typus
1402 1517 1627 1549 crucifixionis
1656 1518 1789 1549 Christi.
1847 1517 2016 1549 Abraham
2050 1518 2201 1559 ascendit
2223 1527 2265 1550 eo

1279 1571 1338 1601 per
1371 1566 1449 1591 octo
1484 1561 1633 1592 miliaria.
1692 1560 1860 1601 Cogitate,
1902 1571 1976 1593 eum
2010 1571 2078 1593 non
2113 1560 2266 1593 celeriter

1250 1631 1253 1642 ,
1279 1604 1381 1635 ivisse
1405 1604 1437 1634 in
1456 1603 1513 1635 illa
1536 1603 1624 1635 lucta
1647 1611 1679 1635 et
1703 1603 1829 1635 dolore.
1881 1603 1990 1644 Saepe
2019 1605 2171 1635 consedit
2189 1614 2265 1635 cum

1251 1645 1254 1691 ζ
1280 1646 1359 1685 filio,
1383 1654 1414 1678 et
1438 1647 1538 1679 edidit
1553 1648 1762 1679 tristissimos
1784 1646 1937 1684 mentitus,
1960 1647 2068 1677 donec
2090 1647 2187 1677 tertio
2211 1646 2264 1678 die

1280 1691 1367 1721 venit
1398 1691 1428 1720 in
1453 1698 1612 1728 mentem,
1647 1696 1678 1721 et
1698 1690 1741 1720 ibi
1766 1690 1904 1721 instituit
1940 1689 2132 1721 sacrificare
2163 1687 2264 1720 filium

1280 1734 1311 1765 in
1335 1733 1579 1765 holocaustum.

1281 1900 1420 1951 Qualis
1453 1907 1514 1940 est
1544 1900 1609 1940 illa
1640 1900 1815 1954 phrasis:
1845 1904 2019 1935 Descendit
2046 1905 2149 1946 mayis
2172 1904 2263 1935 iusti-

1278 1984 1406 2026 ficatus,
1428 1993 1525 2024 quam
1546 1983 1600 2014 ille
1613 1976 1632 2018 ‘3
1686 1977 1809 2017 Estne
1855 1976 1978 2016 etiam
2024 1975 2265 2016 Pharisaeus

1645 2053 1881 2094 iustificatus
1893 2053 1911 2095 ’.ἶ

1368 2163 1459 2196 Haec
1481 2164 1615 2204 phrasis
1642 2173 1708 2194 non
1731 2171 1864 2203 semper
1892 2160 2059 2204 significat
2093 2171 2265 2203 compara-

1280 2209 1420 2239 tionem:
1456 2206 1515 2237 sed
1539 2216 1641 2247 saepe
1665 2204 1817 2247 negative
1845 2205 2013 2236 reddenda
2047 2210 2108 2236 est.
2165 2204 2264 2236 Inter-

1283 2252 1357 2283 dum
1381 2250 1512 2292 quidem
1545 2249 1708 2290 particula
1741 2249 1861 2289 magis,
1896 2247 1975 2279 facit
2009 2247 2222 2280 collationem
2245 2258 2265 2279 a

1252 2301 1258 2366 l
1282 2294 1430 2326 Positivo
1457 2293 1498 2324 ad
1524 2292 1800 2334 Comparativum.
1847 2292 1910 2323 Sed
1938 2290 1992 2322 hic
2021 2290 2187 2333 significat
2209 2300 2264 2322 ne-

1282 2338 1459 2380 gationem.
1505 2335 1666 2367 Erasmus
1689 2340 1780 2367 recte
1804 2335 1916 2366 vertit:
1937 2344 2022 2374 prae
2043 2335 2123 2365 illo.-
2144 2334 2176 2365 id
2201 2340 2264 2372 est,

1281 2379 1479 2423 publicanus
1499 2385 1549 2410 est
1563 2378 1779 2415 iustificatus;
1802 2376 1887 2409 alter
1904 2387 1969 2409 non
1988 2383 2039 2409 est
2057 2377 2264 2409 iustificatus.

1281 2424 1380 2466 Apud
1403 2422 1581 2454 Homerum
1617 2420 1708 2453 lliad.
1753 2422 1782 2458 ά,
1806 2427 1856 2452 est
1878 2420 1934 2452 hic
1963 2430 2100 2459 versus,
2132 2420 2165 2451 in
2199 2429 2264 2462 quo

1281 2466 1395 2499 similis
1418 2465 1552 2508 phrasis
1574 2471 1770 2506 usurpatur:

1369 2508 1499 2548 Bofitou'
1521 2508 1576 2549 ἐγώ
1600 2510 1675 2548 ζῶον
1697 2507 1767 2540 λαὸν
1789 2508 1930 2548 ἔμμεναι,
1954 2506 1973 2546 r‘7'
1995 2506 2014 2538 α’
2036 2508 2202 2538 παλέσθαι.
2233 2506 2265 2537 ld

1282 2560 1351 2592 est,
1386 2553 1454 2594 Eyo
1475 2553 1547 2584 volo
1569 2553 1721 2593 populum
1743 2561 1812 2583 esse
1833 2551 1956 2582 salvum
1978 2551 2044 2582 slve
2066 2550 2262 2586 incolumem,

1282 2601 1312 2629 et
1330 2606 1394 2628 non
1411 2597 1533 2635 perire.
