2374 2985
123 194 168 225 53
822 187 1037 220 POSTILLA
1058 187 1414 220 MELANTHONIAN
1416 187 1456 219 A.
2083 188 2126 219 54

124 287 278 327 excipere
310 284 428 320 velint,
464 293 537 314 eum
570 293 637 314 non
666 286 805 322 possent
832 291 899 312 non
930 281 1099 313 offendere
1122 287 1125 319 Ι
1149 281 1328 313 Corinthiis
1373 281 1475 322 inquit
1514 279 1658 317 Paulus,
1704 285 1879 320 postquam
1924 280 2126 311 enumeravit

126 330 254 362 foetore
277 327 453 358 hesternae
477 324 642 366 crapulae.

213 371 295 401 Cum
328 376 437 401 autem
465 368 553 399 addit
585 366 751 398 l'salmus:
786 365 885 396 Beati
912 375 1017 396 omnes
1046 367 1103 406 qui

125 415 285 456 confidunt
308 414 341 443 in
363 423 413 442 co:
437 410 577 451 explicat
600 411 670 450 ipse
688 408 962 449 significationem
981 407 1098 446 osculi,

127 468 191 498 quo
223 456 436 496 excipiendus
468 459 519 484 cst
547 452 648 483 Filius
677 451 750 481 Dei.
807 450 868 480 Est
891 451 987 488 enim,
1010 461 1099 481 oscu-

126 501 203 536 lari,
238 509 297 529 seu
320 498 467 537 excipere
493 496 615 532 File'mu,
650 503 837 534 agnoscere
860 503 946 530 eum,
970 498 1002 523 et
1024 503 1100 523 con-

126 542 230 572 fidere
252 542 285 571 in
309 551 393 570 eum.
430 539 525 573 Quod
550 539 604 579 qui
626 536 760 574 faciunt,
784 536 803 566 ii
826 546 885 576 per
909 541 942 566 et
964 541 1101 576 propter

126 584 215 616 hunc
238 582 353 613 Filium
378 581 559 612 salvantur.

214 626 279 656 lam
309 626 457 665 sequitur
486 625 517 654 in
542 628 631 653 textu
654 619 854 651 consolatio:
889 619 1002 657 Quod,
1038 621 1101 651 etsi

127 679 247 710 magna
272 667 441 699 multitudo
465 665 615 706 negligit,
641 669 673 694 et
695 663 798 694 reiicit
815 661 930 692 filium
954 662 1033 693 Dei:
1057 668 1101 693 ta-

128 722 201 742 men
226 709 460 750 patersamilias
483 708 615 738 mandat
638 706 757 742 serviS,
780 711 814 736 ut
837 710 956 735 exeant
978 705 1009 735 in
1032 704 1103 745 pla-

127 760 199 784 teas
223 759 255 783 et
278 754 371 783 vicos
397 751 558 787 civitatis,
578 755 608 780 et
631 757 811 788 paupereS,
835 753 867 777 et
890 746 1046 784 claudos,
1071 753 1102 778 et

130 806 251 827 caecos
275 795 493 825 introducant.
545 790 695 832 Intelligo
718 800 777 831 per
796 791 927 830 plateas
950 796 981 821 et
1003 791 1101 829 vicos,

128 839 278 878 imperia,
314 843 345 868 et
374 836 447 867 loca
477 833 632 872 cultiora,
665 835 696 864 in
721 834 838 873 quibus
862 832 936 873 plus
960 838 1012 863 est
1035 843 1101 863 mo-

130 881 253 911 destiae
277 885 307 909 et
329 877 538 919 disciplinae,
572 882 608 908 ut
635 876 670 907 fit
692 875 724 906 in
748 876 956 906 mediocriter
979 876 1101 906 consti-

129 924 206 953 tutis
230 921 360 961 politiis.

216 964 336 994 Postea
370 973 437 994 non
468 961 597 992 dubium
625 967 693 998 est,
729 960 805 1000 quin
835 959 959 1001 aliquid
988 959 1100 990 arcani

129 1006 350 1047 significetur,
383 1015 455 1036 cum
480 1005 591 1035 dicunt
614 1004 718 1034 servi:
749 1002 854 1033 adhuc
872 1004 960 1033 Iocus
982 1006 1046 1037 θείς
1070 1008 1102 1032 ct

128 1048 290 1079 Dor-ninus
313 1047 502 1088 respondet,
526 1050 677 1086 oportere
698 1046 827 1085 impleri
847 1046 973 1076 domum
994 1054 1102 1075 suam:

128 1090 170 1121 Et
192 1091 280 1122 iubet
303 1091 387 1121 exite
410 1091 443 1121 in
465 1091 537 1120 rias
559 1093 589 1119 et
611 1098 720 1129 sepes:
754 1088 786 1118 id
815 1094 880 1126 est,
912 1088 954 1118 ad
983 1093 1100 1128 gentes

128 1132 273 1174 pollutas
297 1134 389 1164 tetris
413 1133 566 1163 sordibus
584 1131 792 1172 flagitiorum.

215 1176 276 1207 Hic
311 1182 361 1206 est
403 1175 570 1211 doctrina,
608 1184 673 1204 non
709 1171 817 1203 solum
851 1172 892 1202 de
925 1172 1101 1203 vocatione

129 1219 291 1260 gentium.
316 1218 375 1248 sed
398 1218 493 1248 etiam
517 1217 557 1246 de
584 1214 780 1256 aequalitate
805 1214 882 1252 Dei,
915 1213 1100 1256 colligentis

129 1261 191 1291 sibi
222 1259 406 1291 Ecclesiam
435 1270 475 1289 ex
505 1265 572 1289 toto
604 1268 725 1300 genere
754 1258 914 1294 humano,
949 1259 1021 1287 sine
1050 1267 1101 1287 re-

129 1309 245 1343 spectu
268 1303 467 1338 meritorum,
486 1302 516 1332 id
541 1307 603 1339 est,
623 1302 771 1331 vocantis
795 1310 857 1330 nos
881 1305 913 1329 et
935 1299 1101 1330 offerentis

129 1346 231 1386 gratis
254 1345 481 1375 remissionem
503 1349 727 1384 peccatorum,
746 1353 810 1373 non
829 1347 964 1383 propter
981 1341 1100 1382 legem,

129 1398 195 1418 non
218 1393 353 1427 propter
375 1397 477 1426 opera
499 1392 625 1423 nostra,
650 1385 709 1415 sed
733 1391 867 1426 propter
890 1383 1005 1414 Filium
1028 1384 1101 1414 Dei.

128 1429 212 1461 Nam
246 1430 326 1467 etsi,
351 1429 439 1470 quod
465 1429 507 1459 ad
535 1427 741 1468 disciplinam
769 1428 895 1464 attinet,
926 1427 1101 1458 discrimen

128 1477 199 1509 est,
228 1478 336 1502 tamen
364 1481 426 1502 uos
455 1481 568 1502 omnes
594 1481 705 1502 comm
728 1470 801 1501 Deo
825 1480 938 1500 snmus
962 1470 1102 1510 indigni:

129 1524 170 1545 ae
191 1525 287 1545 nemo
316 1515 480 1551 reiicitur,
512 1514 720 1554 quantumvis
743 1514 889 1553 impurus
913 1518 969 1543 aut
997 1511 1103 1553 pollu-

130 1562 201 1594 tuS,
234 1558 331 1587 modo
368 1558 570 1596 obtemperet
603 1556 788 1592 vocationi,
823 1562 854 1586 et
882 1555 969 1585 seria
991 1555 1103 1595 poeni-

129 1600 230 1630 tentia
252 1598 469 1638 amplectatur
491 1597 615 1630 Filium.

217 1640 364 1681 Populus
384 1641 534 1672 Iudaicus
557 1640 700 1672 habebat
722 1641 987 1681 imaginationem
1009 1641 1104 1670 istam

131 1693 169 1713 se
190 1685 290 1722 recipi
313 1690 447 1724 propter
470 1684 595 1714 merita.
649 1683 742 1713 Hanc
765 1683 1030 1724 imaginationem
1054 1692 1104 1712 re-

133 1723 217 1755 futat.
246 1725 426 1762 Dominus,
459 1735 525 1755 non
552 1726 669 1763 modo,
700 1736 772 1756 cum
796 1726 829 1756 in
854 1724 969 1766 plateis
994 1725 1104 1755 civita-

131 1772 198 1798 tum
221 1768 310 1797 iubet
333 1768 394 1797 sibi
419 1766 531 1808 colligi
553 1767 739 1798 Ecclesiam
758 1778 798 1798 ex
817 1768 953 1798 infirmis
972 1774 1004 1799 et
1028 1778 1105 1798 con-

131 1811 262 1850 temptis
284 1809 478 1848 hominibus,
502 1808 617 1849 quales
647 1816 721 1840 sunt
745 1811 855 1847 coeci,
886 1809 1005 1848 claudi,
1029 1816 1105 1846 etc„

132 1852 192 1882 sed
217 1853 312 1882 etiam
336 1852 423 1892 quod
446 1852 487 1881 ad
510 1852 582 1882 vias
606 1857 638 1882 et
661 1861 759 1892 sepes
782 1853 894 1888 mittit,
918 1853 950 1883 id
974 1859 1040 1887 est,
1063 1853 1105 1883 ad

133 1899 250 1936 gentes
279 1895 463 1935 inquinatas
492 1894 579 1924 omni
608 1904 730 1935 genere
753 1893 934 1932 scelerum,
964 1895 1105 1936 flagitio-

132 1947 204 1967 rum
227 1942 259 1967 et
280 1943 503 1977 peccatorum-

218 1978 290 2020 Ego
315 1980 443 2019 quoties
468 1979 580 2019 cogito
603 1979 643 2009 de
666 1978 728 2009 hac
753 1984 841 2009 tanta
864 1989 916 2017 re,
940 1989 1005 2009 non
1028 1989 1105 2019 pos-

132 2031 204 2052 sum
237 2022 490 2063 magnitudinem
524 2020 612 2051 illam
647 2022 802 2052 bonitatis
836 2021 898 2052 Dei
933 2021 1105 2062 complecti

134 2065 258 2101 animo,
293 2065 380 2105 quod
415 2062 539 2104 colligit
574 2064 635 2094 sibi
665 2063 851 2094 Ecclesiam
880 2074 939 2104 per
968 2063 1105 2095 Paulum

134 2111 167 2137 et
198 2105 282 2136 alios
315 2107 345 2136 in
377 2107 505 2137 civitate
534 2107 675 2136 omnium
701 2107 964 2146 corruptissima,
998 2105 1105 2147 qualis

134 2154 204 2179 erat
244 2148 348 2179 Roma
386 2154 486 2186 tunc,
527 2158 601 2179 cum
639 2148 728 2179 Nero
769 2150 955 2189 turpissima
995 2148 1106 2179 bellua

133 2191 177 2221 ibi
207 2196 377 2231 regnaret,
410 2196 442 2221 et
469 2191 613 2231 praeiret
643 2190 793 2231 exemplo
821 2202 882 2222 suo
906 2192 1105 2222 immanitate

133 2233 275 2265 omnium
298 2232 462 2264 scelerum
485 2233 614 2271 aulicis,
632 2240 663 2264 et
687 2235 815 2265 civibus
839 2235 920 2271 suis,
941 2235 995 2275 qui
1020 2235 1106 2264 eius-

134 2276 219 2306 modi
244 2274 368 2317 ssagitia
395 2277 525 2316 impune
554 2276 779 2314 imitabantur,
813 2282 845 2307 et
878 2286 936 2317 per
966 2287 1004 2307 ea
1031 2287 1105 2317 gra.—

134 2318 211 2348 tiam
234 2317 442 2358 Imperatoris
464 2319 637 2358 aucupari,
661 2325 692 2349 et
717 2319 876 2360 consequi
900 2319 1087 2350 studebant.

219 2360 293 2389 Non
311 2361 417 2391 minus
435 2361 604 2391 debuisset
620 2361 725 2392 Roma
744 2362 890 2403 demergi
908 2362 942 2392 in
961 2362 1104 2403 abyssos

134 2400 312 2432 inferorum
351 2413 447 2443 quain
481 2403 626 2434 Sodoma
659 2409 691 2434 et
727 2403 928 2441 Gomorrha,
970 2410 1106 2444 propter

136 2453 282 2474 summas
305 2451 336 2475 et
359 2445 541 2475 horrendas
563 2447 782 2486 turpitudines
811 2448 843 2477 in
874 2448 959 2478 omni
983 2456 1106 2487 genere

135 2485 349 2558 flagiticirum,
390 2497 475 2528 quae
513 2487 641 2529 prolixe
680 2488 804 2520 Paulus
838 2495 1009 2521 enumerat
1043 2489 1106 2520 Ro-

134 2538 221 2559 man.
264 2554 270 2561 ,

220 2570 292 2602 Nee
318 2572 424 2602 minor
450 2570 507 2604 illo
536 2572 652 2605 seculo
677 2575 842 2615 turpitudo
865 2573 924 2606 fuit
947 2575 980 2605 in
1005 2573 1108 2605 Grae-

136 2613 204 2651 cia,
238 2619 271 2645 et
304 2615 443 2646 maxima
476 2620 569 2656 parte
595 2617 726 2658 generis
755 2616 924 2654 humanis,
958 2617 1044 2649 sicut
1067 2604 1135 2664 de}

1149 334 1277 355 summa
1308 324 1450 364 flagitia:
1490 323 1584 354 Tales
1618 323 1743 363 quidem
1769 322 1900 361 fuistis,
1933 323 1990 352 sed
2026 323 2129 354 abluti

1150 369 1246 403 estis,
1281 373 1344 397 etc.
1403 366 1443 396 Et
1472 371 1583 396 tamen
1614 371 1706 396 tanta
1736 371 1787 395 est
1815 365 2040 395 misericordia
2063 365 2126 396 Dei

1150 416 1285 449 propter
1308 408 1443 445 Filium,
1465 414 1501 439 ut
1524 418 1565 439 ex
1588 408 1658 438 istis
1682 406 1810 438 fecibus
1834 414 1865 438 et
1889 408 2044 437 sordibus
2067 407 2126 438 ho-

1150 453 1289 489 minum,
1326 457 1358 481 et
1382 461 1422 481 ex
1445 456 1539 481 tanta
1562 449 1674 481 illuvie
1698 447 1778 483 (non
1802 460 1938 490 possum
1961 450 2046 480 enim
2070 460 2126 480 vo-

1152 493 1272 524 cabula
1301 495 1383 524 satis
1412 494 1531 524 idonea
1561 494 1721 533 reperire)
1753 491 1887 533 colligat
1917 493 1980 523 sibi
2011 490 2127 523 Eccle-

1152 537 1234 567 siam
1264 537 1360 567 etiam
1390 537 1423 566 in
1452 537 1525 576 ipsa
1555 534 1631 566 aula
1662 536 1824 573 Neronis,
1850 536 1942 565 sicut
1972 535 2127 565 scribitur

1151 577 1288 609 Paulum
1314 579 1387 610 ideo
1412 583 1598 609 truncatum
1622 588 1697 609 csse
1723 579 1846 618 capite,
1875 578 1961 618 quod
1987 587 2047 608 sua
2071 578 2127 608 do-

1152 622 1263 661 ctrina
1287 622 1487 653 converterit
1516 621 1679 662 quosdam
1701 621 1869 651 ministros
1892 620 2126 660 turpitudinum

1151 664 1306 695 Neronis.

1238 714 1331 745 Hanc
1348 714 1597 745 immensitatem
1614 713 1859 744 misericordiae
1878 713 2006 743 divinae
2026 722 2127 754 agno-

1152 767 1297 794 scamus,
1321 763 1353 787 et
1376 758 1408 787 in
1431 758 1597 798 agnitione
1620 762 1809 787 nostrorum
1831 761 2044 796 peccatorum
2070 755 2127 785 eri·

1153 810 1270 841 gamus
1294 809 1369 837 nos,
1393 805 1425 829 et
1448 806 1539 830 certo
1562 805 1757 836 statuamus,
1774 799 1861 839 quod
1886 803 2024 839 agentes
2048 807 2127 838 poe·

1153 843 1319 872 nitentiam
1353 843 1565 882 recipiamur,
1599 848 1631 873 et
1660 842 1875 872 iustificemur
1903 841 2025 881 gratis,
2056 841 2127 871 sine

1154 885 1277 915 nostris
1300 885 1442 922 meritis,
1465 894 1551 926 quae
1573 894 1712 925 prorsus
1734 883 1826 915 nulla
1849 889 1935 914 sunt.

1240 943 1433 985 Cogitemus
1464 943 1605 985 singuli,
1640 954 1702 975 nos
1733 953 1864 984 quoque
1889 943 2006 973 sedere
2042 943 2127 973 inter

1153 987 1237 1017 istos
1267 996 1406 1024 caeCOS,
1437 985 1593 1024 claudos,
1621 986 1771 1024 mutilos,
1803 985 1965 1017 collectos
1995 996 2035 1015 ex
2058 984 2127 1025 pla-

1154 1030 1233 1066 teis,
1257 1034 1290 1059 et
1314 1030 1391 1067 viis,
1421 1035 1452 1059 et
1481 1029 1633 1061 miremur
1657 1030 1835 1060 bonitatem
1858 1029 1952 1058 istius
1976 1026 2127 1068 patrissa-

1154 1071 1278 1109 milias,
1305 1081 1371 1101 non
1394 1073 1605 1112 aspernantis
1629 1081 1692 1103 nos
1715 1077 1849 1112 propter
1872 1071 1992 1102 sordes
2015 1076 2048 1101 et
2072 1070 2128 1101 de·

1152 1114 1261 1146 sectus
1283 1119 1428 1145 nostros.

1239 1172 1376 1214 Cogita,
1405 1174 1433 1204 si
1457 1172 1616 1214 Princeps
1640 1173 1759 1213 aliquis
1781 1171 1928 1203 liberalis
1949 1178 1979 1202 et
2002 1171 2128 1202 munifi-

1153 1225 1212 1247 cus
1240 1221 1436 1256 apparasset
1466 1215 1590 1247 lautum
1618 1217 1823 1252 convivium,
1853 1220 1885 1245 et
1906 1214 2077 1246 adhiberet
2100 1214 2129 1244 ei

1153 1259 1342 1295 mendicos,
1376 1263 1406 1288 et
1439 1260 1540 1288 variis
1575 1258 1701 1288 morbis
1735 1257 1894 1293 affectos,
1927 1268 2042 1294 unum,
2077 1257 2129 1287 cui

1155 1311 1231 1331 crus
1256 1301 1298 1330 sit
1327 1299 1568 1338 exulceratum,
1598 1306 1631 1331 et
1661 1301 1753 1331 sanie
1784 1299 1988 1340 squalidum,
2017 1299 2128 1337 alium,

1154 1343 1206 1374 cui
1229 1353 1345 1373 :nanus
1369 1344 1482 1373 scabie
1506 1344 1702 1384 contagiosa
1725 1343 1767 1373 sit
1790 1343 1945 1379 obducta,
1962 1348 1993 1372 et
2013 1351 2128 1372 rursus

1154 1385 1262 1423 alium,
1283 1386 1333 1416 cui
1353 1384 1447 1425 lepra
1467 1395 1582 1416 nasum
1601 1386 1839 1426 absumpsei·it;
1865 1384 1973 1426 quale,
1992 1394 2129 1425 quaeso,

1154 1429 1219 1459 hoc
1243 1434 1332 1459 esset
1357 1428 1565 1460 convivium?
1599 1428 1679 1463 Quis
1709 1429 1861 1459 convivio
1891 1426 1946 1458 tali
1970 1426 2129 1458 delectari

1154 1477 1286 1512 posset,
1309 1476 1365 1501 aut
1387 1471 1484 1501 etiam
1508 1470 1624 1511 procul
1648 1476 1801 1511 spectare
1824 1471 1894 1501 sine
1917 1469 2065 1501 nausea?
2088 1469 2130 1500 Et

1154 1520 1263 1545 tamen
1287 1512 1353 1544 tale
1376 1519 1427 1544 est
1450 1514 1637 1544 convivium
1659 1513 1755 1544 huius
1779 1511 2032 1554 patrisfamilias.

1240 1571 1338 1603 Tales
1373 1583 1485 1604 sumus
1520 1582 1583 1603 nos
1619 1582 1753 1610 omneS,
1788 1573 1842 1613 qui
1873 1572 2062 1602 accedimus
2087 1571 2131 1602 ad

1154 1615 1220 1647 hoc
1244 1615 1447 1653 convivium,
1478 1625 1591 1647 sumus
1614 1614 1736 1653 mutili,
1764 1613 1955 1646 laborantes
1975 1613 2130 1654 elephan-

1156 1659 1246 1695 tiasi,
1271 1659 1456 1698 consumpti
1485 1658 1595 1698 lepra,
1624 1657 1788 1688 deformes
1818 1663 1957 1698 peccato
1981 1657 2129 1697 originis,

1157 1707 1189 1732 et
1217 1701 1263 1731 rei
1293 1700 1468 1731 multorum
1490 1700 1657 1741 lapsuumg
1690 1706 1721 1730 et
1744 1701 1919 1740 apponitur
1942 1705 2049 1730 tamen
2072 1709 2130 1730 no-

1156 1745 1207 1774 bis
1237 1743 1409 1781 Christus,
1438 1754 1545 1785 agnus
1574 1743 1653 1779 Dei,
1684 1753 1743 1783 pro
1767 1743 1864 1773 nobis
1888 1748 2064 1776 mactatus,
2088 1742 2130 1772 de

1157 1796 1222 1827 quo
1246 1787 1395 1816 iubemur
1417 1787 1606 1822 comedere,
1631 1791 1661 1815 et
1686 1785 1784 1816 vitam
1814 1795 1853 1815 ae
1884 1784 2023 1815 salutem
2051 1783 2129 1815 hau-

1158 1830 1222 1859 rire
1256 1838 1296 1858 ex
1327 1829 1397 1858 eius
1432 1827 1614 1858 beneficiis.
1670 1827 1734 1857 Pro
1769 1826 1832 1857 hac
1866 1833 1956 1858 tanta
1984 1828 2130 1857 bonitate

1157 1880 1294 1911 agamus
1325 1871 1355 1900 ei
1385 1870 1527 1911 gratias,
1561 1875 1593 1900 et
1623 1870 1843 1900 exuscitemus
1874 1879 1936 1899 nos
1965 1870 2007 1899 ad
2032 1869 2129 1900 fidem

1159 1920 1190 1943 et
1214 1913 1466 1951 invocationem,
1484 1919 1516 1943 et
1539 1913 1581 1943 ad
1604 1912 1745 1943 stadium
1770 1912 1977 1954 gratitudinis
1999 1912 2032 1942 in
2050 1922 2130 1943 vera

1159 1955 1357 1986 obedientia.

1213 2143 1322 2194 Quid
1353 2150 1433 2194 est,
1465 2144 1576 2197 quod
1607 2144 1736 2197 inquit
1767 2142 2073 2184 Paterfamilias:

1481 2216 1638 2258 Compelle
1660 2216 1808 2248 intrare?

1243 2301 1406 2343 Loquitur
1438 2302 1571 2342 proprie
1605 2303 1645 2333 de
1675 2301 1732 2333 illa
1763 2301 1952 2339 coactione,
1986 2311 2071 2342 quae
2094 2301 2130 2332 fit

1157 2355 1216 2385 per
1244 2345 1459 2376 ministerium
1488 2343 1670 2386 Evangelii.
1721 2345 1805 2376 Sunt
1833 2345 1931 2386 igitur
1952 2342 2006 2375 hic
2030 2343 2129 2385 expli-

1158 2387 1284 2418 candae
1308 2388 1545 2428 disputationes
1569 2389 1610 2418 de
1634 2388 1821 2419 discrimine
1850 2387 2024 2427 potestatis
2047 2386 2128 2428 poli-

1158 2431 1260 2468 ticae,
1300 2436 1332 2461 et
1370 2429 1639 2461 Ecclesiasticae.
1700 2430 1822 2461 Postea
1861 2429 2034 2460 dicendum
2067 2435 2130 2467 est,

1159 2473 1323 2514 quomodo
1347 2474 1390 2503 sit
1412 2471 1625 2514 intelligenda
1647 2473 1796 2510 coactio,
1826 2482 1910 2513 quae
1932 2470 1968 2503 fit
1990 2482 2049 2513 per
2073 2473 2129 2503 mi-

1159 2515 1328 2546 nisterium
1350 2514 1536 2557 Evangelii.
