2343 2970
79 154 144 185 329
769 150 985 183 POSTILLA
1006 150 1403 184 MELANTHONlANA.
2027 154 2092 185 330

80 249 183 280 bona:
219 254 251 280 et
284 247 340 279 ille
364 249 448 279 bene
471 247 563 278 dicit:
600 247 669 287 Δ490
702 246 762 277 tibi
789 247 939 287 yralz‘as,
973 248 1059 287 quod
1112 247 1145 277 in
1179 256 1218 278 eo
1249 245 1346 278 dolor
1376 247 1418 278 (le
1450 247 1619 287 agnitione
1655 248 1793 286 peccati.
1829 246 1866 277 11.
1892 258 1958 278 non
1992 248 2092 280 habet

79 301 142 322 non
164 301 232 322 snm
254 292 336 322 sicut
359 290 483 321 caeteri
502 289 660 328 homines,
691 295 742 320 est
764 288 924 320 naturalis
948 295 979 320 et
1002 289 1059 321 ho-
1112 288 1201 320 illam
1220 290 1336 328 tidem,
1367 291 1407 320 de
1434 300 1499 331 qua
1523 288 1617 330 plura
1637 291 1784 321 dicemus
1808 290 1839 320 in
1863 292 2092 331 sequentibus.

80 340 175 366 nesta
199 345 276 372 vox,
294 339 328 366 ut
351 335 379 364 si
403 334 526 364 «liceret
550 331 731 364 Hercules:
754 332 830 373 Ago
845 333 899 363 tibi
920 333 1058 374 gratias,
1112 332 1196 363 Sunt
1220 333 1251 363 in
1272 343 1311 363 eo
1332 332 1455 364 multae
1478 343 1618 374 magnae
1654 333 1887 367 dubitationes,
1923 334 1962 363 ‹le
1986 335 2094 374 provi-

81 378 169 420 quod
188 377 265 408 mihi
288 376 354 407 tale
378 377 480 408 robur
503 377 638 414 dedisti,
672 376 758 407 sicut
780 374 939 407 Telamon
963 376 1058 407 etiam
1112 375 1234 414 dentia,
1263 376 1305 407 de
1340 374 1508 407 voluntate
1543 375 1605 407 Dei
1636 386 1716 417 erga
1740 376 1862 417 ipsum:
1897 384 1975 408 sunt
1998 377 2028 407 in
2053 386 2092 408 eo

80 421 157 452 dicit
181 419 342 451 adfilium:
365 421 452 451 Deus
475 419 566 451 dabit
588 419 773 456 victoriaan
794 423 828 450 ιιι
849 419 934 456 m'de,
956 423 990 449 ut
1014 420 1060 450 sis
1112 417 1234 450 multae
1268 420 1407 450 vitiosae
1438 417 1633 460 cupiditates
1663 425 1695 450 et
1729 419 1881 450 incendia
1916 430 2095 460 pravorum

80 464 250 495 modestus.
319 462 398 494 Item
434 461 553 494 Peleus
588 462 629 494 ad
665 461 843 494 Achillem:
886 461 1059 493 Victoriam
1112 461 1306 497 aflectuunu
1337 472 1404 493 non
1429 462 1533 500 videt,
1563 472 1628 493 non
1648 462 1801 503 agnoscit
1834 472 1912 493 esse
1946 470 2095 503 peccata,

80 507 152 537 Deo
170 506 380 543 commendes,
409 510 443 537 tu,
465 506 556 543 vide,
588 511 623 537 ut
643 506 820 536 modereris
840 506 1058 536 iracundiam.
1113 505 1198 535 sicut
1233 506 1264 536 in
1294 505 1389 536 nobis
1420 511 1551 536 manent
1581 504 1702 537 multae
1738 504 1983 543 deformitates,
2017 511 2096 537 sunt

80 550 153 580 Das
174 550 248 580 3ιήῑί
270 548 473 590 fret-izzmltzye
490 549 581 579 -ιι-ρίεε
598 549 707 579 reden.
764 548 835 579 Lex
865 554 1005 580 naturae
1027 555 1059 579 et
1115 547 1203 578 multi
1234 548 1347 579 tristes
1375 547 1490 590 lapsus
1521 549 1664 579 omnium
1699 554 1907 579 sanctorum:
1938 548 2013 579 Non
2048 552 2096 579 est

80 593 232 624 iudicium
251 591 428 623 humanum
453 592 607 634 agnoscit
630 593 705 630 ista,
730 592 790 623 sed
808 592 952 623 nondum
976 592 1058 623 satis
1113 591 1216 622 iustus
1238 592 1270 622 ’ἱη
1295 595 1400 629 terra,
1423 592 1480 632 qui
1501 589 1693 630 benefaciat,
1717 596 1748 623 cc
1764 601 1827 622 uon
1847 597 1963 631 peccet.
1999 590 2095 623 Intel-

78 641 131 666 cst
153 636 195 666 ad
218 636 371 666 iustitiam
396 645 508 667 coram
531 634 617 666 Deo.
1114 632 1192 675 lige,
1228 645 1293 665 non
1316 635 1348 665 in
1373 636 1489 666 eodem
1524 640 1611 672 actu,
1641 635 1701 665 sed
1733 635 1763 666 in
1788 635 1930 666 diversis
1954 636 2094 666 actibus·

166 678 367 709 Pharisaeus
401 677 457 709 ille
490 678 589 710 habet
623 678 708 709 duos
742 687 882 719 magnos
913 687 1058 715 errores,
1114 677 1282 708 Habemus
1306 676 1407 709 multa
1435 684 1573 718 peccata
1602 678 1809 719 ignorantiae
1835 683 1867 708 ct
1891 679 2095 715 omissionis,

79 729 110 753 et
135 722 200 753 duo
224 722 363 753 maxima
396 727 547 763 peccata:
581 721 608 752 l.
642 721 732 762 quod
767 731 833 752 non
868 726 919 752 est
952 721 984 751 in
1019 731 1059 752 eo
1113 720 1370 752 etinfirmitatis.
1417 720 1536 751 Petrus
1571 719 1710 757 labitur,
1744 721 1859 751 Aaron
1894 720 2096 752 horribiliter

79 765 295 806 poenitentia:
318 763 418 796 habet
440 764 614 802 somnium,
637 764 726 806 quod
748 764 792 795 sit
814 764 922 795 iustus
946 774 1059 795 coram
1113 762 1246 801 labitur,
1270 763 1380 795 David
1392 763 1524 802 labitur,
1548 770 1580 795 et
1599 764 1649 795 sic
1672 764 1713 795 de
1736 764 1892 795 caeteris:
1916 763 1969 795 alii
1989 763 2095 796 aliter.

80 808 172 845 Deo,
207 814 342 849 propter
376 808 471 838 istam
495 806 716 848 disciplinam.
769 806 903 849 Cogitat
921 817 959 838 se
982 816 1059 838 esse
1114 805 1194 837 Cum
1224 807 1322 849 igitur
1356 808 1421 838 sint
1451 808 1483 838 in
1517 807 1615 838 nobis
1639 812 1788 847 peccata,
1824 813 1856 838 et
1879 806 2007 848 lapsuS,
2043 807 2095 839 de-

78 851 110 881 in
135 851 200 882 isto
224 849 348 892 populo
373 860 470 881 unum
494 850 535 881 de
558 849 739 888 columnis,
770 859 846 882 esse
874 851 1058 882 membrum
1114 850 1229 881 bemus
1252 848 1328 881 illos
1352 860 1550 892 agnoscere,
1578 855 1611 881 et
1638 851 1762 881 habere
1793 860 1906 881 verum
1934 849 2093 882 dolorem.

78 892 251 925 Ecclesiae
297 893 533 934 praecipuum3
578 894 653 934 quia
694 892 794 925 faciat
833 892 965 935 legem3
1006 898 1059 924 est
1199 892 1292 924 Haec
1315 894 1518 935 poenitentia
1541 904 1602 924 seu
1626 893 1779 925 contritio
1799 903 1864 924 non
1889 894 1992 924 estin
2012 892 2095 925 Pha-

79 940 291 977 rstvtpmm'rog,
314 936 498 973 ccrbleudt,
526 935 710 968 fascinatus
740 938 960 978 persuasione
983 946 1059 978 pro·
1113 936 1234 967 risaeo.
1281 936 1403 968 Postea
1426 946 1532 978 neque
1557 936 1639 967 fides
1660 937 1690 967 in
1722 946 1761 967 eo
1792 942 1852 967 est.
1897 936 1973 968 Non
1997 936 2097 967 habet

77 981 169 1021 priae
192 979 372 1020 sapientiae
391 985 423 1010 et
446 979 607 1016 iustitiae3
649 986 739 1021 putat
774 990 812 1011 se
846 980 966 1011 iustum
1000 978 1057 1010 illa
1112 977 1200 1010 illam
1223 980 1429 1018 sententiam,
1464 980 1554 1021 quod
1587 986 1724 1021 propter
1757 978 1916 1010 Messian)
1950 978 2094 1021 placeat:

78 1032 139 1054 sua
160 1022 334 1064 disciplina
365 1032 477 1053 coram
499 1021 593 1060 Deo,
627 1029 721 1064 putat
753 1033 814 1054 sua
845 1033 946 1064 opera
981 1032 1058 1053 esse
1113 1022 1188 1052 Non
1218 1023 1330 1054 tribuit
1358 1022 1433 1054 Deo
1468 1022 1554 1054 hanc
1596 1021 1751 1064 gloriam,
1792 1023 1879 1064 quod
1914 1023 1956 1053 sit
1989 1023 2097 1054 iustus

77 1065 228 1097 meritum
261 1065 468 1097 remissionis
509 1072 723 1106 peccatorum
763 1076 824 1106 pro
858 1076 896 1097 se
929 1071 962 1097 et
997 1076 1057 1107 pro
1112 1071 1247 1106 propter
1270 1066 1439 1097 Messiam.
1497 1065 1570 1097 Hoc
1603 1072 1655 1097 est
1678 1065 1903 1107 praecipuum,
1929 1067 2018 1107 quod
2042 1063 2097 1098 ille

77 1107 163 1147 aliis,
193 1117 226 1139 et
260 1117 346 1150 quae
379 1107 476 1140 huius
510 1110 642 1151 generis
669 1109 922 1152 imaginationes
945 1107 1058 1150 plures
1113 1107 1211 1149 plane
1241 1110 1403 1150 praeterit.
1462 1108 1572 1140 Habet
1605 1108 1692 1140 hanc
1726 1107 2002 1149 speculationem:
2033 1108 2096 1140 Fa·

77 1151 110 1182 in
140 1161 181 1183 eo
215 1161 293 1183 esse
322 1157 511 1192 potuerant:
545 1152 632 1185 sieut
664 1153 697 1184 in
730 1162 796 1184 uno
830 1162 946 1184 errore
967 1150 1059 1184 multi
1114 1152 1239 1183 cientes
1261 1151 1368 1194 legem
1403 1158 1480 1184 sunt
1504 1152 1594 1183 iusti:
1628 1151 1701 1194 Ego
1732 1151 1818 1183 facio
1846 1151 1971 1194 legem:
2004 1151 2097 1194 Ergo

78 1203 213 1226 errores
236 1200 314 1226 sunt
336 1193 485 1226 involuti.
1113 1205 1186 1225 sum
1204 1196 1325 1233 iustus,
1356 1202 1388 1227 et
1412 1200 1590 1236 propterea
1623 1205 1688 1237 ago
1724 1195 1782 1226 tibi
1815 1196 1949 1236 gratias.
2004 1194 2097 1227 Haec

165 1237 227 1269 Est
249 1243 356 1269 autem
378 1248 535 1279 magnum
557 1244 731 1279 peccatum
760 1239 863 1269 corda
886 1248 964 1270 esse
986 1239 1059 1270 sine
1113 1243 1164 1269 est
1186 1238 1286 1280 igitur
1309 1239 1488 1279 descriptio
1512 1237 1693 1269 Pharisaei.
1738 1237 1837 1269 Venit
1863 1239 1894 1268 in
1922 1237 2095 1280 templum:

76 1280 296 1323 poenitentia,
330 1281 402 1312 sine
437 1279 564 1312 dolore.
628 1281 703 1312 Non
734 1281 862 1313 debetis
896 1282 1058 1319 dubitare,
1112 1280 1206 1312 affert
1228 1292 1383 1324 magnam
1400 1281 1650 1313 admirationem
1670 1281 1734 1313 sui:
1766 1287 1798 1312 et
1827 1282 1996 1323 egreditur
2021 1292 2096 1314 cum

77 1324 155 1365 quin
179 1322 290 1362 homo,
324 1324 355 1354 in
390 1334 455 1365 quo
491 1333 557 1355 non
592 1330 644 1355 est
677 1323 775 1356 dolor
809 1331 840 1356 et
862 1334 983 1366 pavor,
1018 1325 1060 1355 sit
1112 1324 1237 1356 maiore
1266 1325 1485 1356 admiratione
1519 1325 1570 1356 sui
1598 1323 1657 1355 illo
1681 1325 1753 1366 ipso
1777 1334 1897 1365 opere,
1931 1325 2015 1356 redit
2038 1324 2093 1356 de-

75 1366 204 1398 alienus
228 1376 247 1397 a
271 1365 360 1398 Deo:
385 1372 516 1408 oportet
549 1367 581 1397 in
615 1366 749 1399 homine
778 1377 857 1399 esse
890 1368 1058 1408 poeniten·
1111 1367 1224 1406 terior,
1249 1378 1346 1409 quam
1369 1366 1429 1399 fuit
1453 1374 1567 1399 antea:
1593 1368 1670 1410 quia
1699 1373 1751 1399 est
1773 1366 1882 1399 factus
1905 1368 2090 1410 superbior.

74 1410 165 1441 tiam.
210 1407 302 1441 Illam
326 1419 442 1441 vocem
471 1415 603 1451 oportet
630 1419 763 1451 semper
796 1410 927 1442 audire:
964 1411 1060 1452 Ayz'te

74 1453 313 1494 poenitentiam,
331 1452 363 1483 id
387 1458 450 1491 est,
474 1453 685 1494 expavescite
709 1463 822 1485 coram
844 1453 964 1485 iudicio
983 1454 1058 1485 Dei.

75 1496 170 1528 Item:
200 1495 264 1527 Ubi
283 1495 442 1527 habitabit
473 1495 650 1535 Dominus,
683 1497 750 1528 nisi
770 1497 803 1528 in
836 1497 958 1538 spiritu
984 1507 1057 1528 con-

75 1539 173 1570 trito:
206 1543 237 1570 et
270 1542 419 1571 tremente
452 1548 612 1571 sermones
639 1549 734 1571 meos.
791 1539 826 1571 si
850 1540 923 1582 quis
946 1541 1059 1572 incidit
1319 1532 1357 1572 D
1374 1548 1397 1572 e
1451 1547 1470 1572 S
1482 1547 1504 1573 e
1520 1547 1581 1574 ou
1595 1548 1622 1573 n
1637 1533 1665 1573 d
1681 1548 1705 1573 O
1750 1533 1802 1574 lo
1815 1549 1839 1574 C
1854 1548 1889 1574 Ο.

77 1579 110 1612 in
142 1587 367 1623 contemptum
390 1582 469 1620 Dei,
502 1589 535 1613 et
567 1583 600 1613 in
634 1583 846 1614 securitatem
879 1582 1058 1622 carnalem,

78 1629 129 1655 est
150 1625 222 1656 sine
245 1624 363 1656 dolore
386 1630 418 1656 et
442 1626 659 1666 poenitentia3
689 1625 764 1658 talis
792 1637 860 1657 non
884 1633 935 1658 est
957 1636 1058 1658 mem-
1199 1624 1398 1655 Econtrario
1443 1625 1640 1665 proponitur
1680 1623 1900 1666 publicanus,
1945 1626 1999 1667 qui
2045 1631 2095 1657 est

80 1666 173 1698 brum
206 1666 392 1705 Ecclesiae,
425 1674 477 1698 est
511 1667 638 1700 alienus
662 1679 682 1700 a
704 1669 791 1707 Deo,
826 1675 878 1700 est
910 1670 943 1700 in
967 1675 1058 1701 statu
1113 1666 1297 1708 exemplum
1317 1668 1551 1708 poenitentiae,
1574 1677 1635 1699 seu
1658 1669 1915 1707 conversionis,
1946 1674 1977 1700 et
2006 1669 2094 1700 iusti·

77 1708 307 1741 damnationis.
368 1710 417 1741 lta
438 1709 494 1741 ille
529 1716 580 1741 est
613 1721 771 1749 securus,
811 1711 948 1744 confidit
976 1723 1058 1744 suae
1112 1711 1177 1741 tiae
1196 1711 1281 1742 fidei.
1316 1711 1434 1741 Partes
1453 1711 1678 1750 poenitentiae
1695 1717 1763 1742 tres
1782 1718 1872 1749 sunt,
1896 1712 1980 1743 sicut
1992 1721 2095 1753 saepe

77 1751 236 1789 iustitiae,
273 1751 374 1783 habet
403 1753 582 1790 somnium,
616 1754 705 1794 quod
738 1755 782 1786 sit
822 1755 928 1786 iustus
962 1755 1059 1786 disci·
1112 1753 1246 1784 auditis:
1271 1752 1445 1790 Contritio‚
1470 1753 1579 1791 Fides,
1603 1759 1635 1784 et
1658 1753 1755 1785 Nova
1779 1755 1974 1786 obedientia.
2007 1753 2094 1786 Con-

76 1793 177 1836 plina.
234 1794 301 1825 Sed
326 1805 391 1826 non
414 1796 496 1826 satis
520 1802 571 1826 est
594 1802 745 1828 ornatum
768 1807 846 1829 esse
873 1796 1059 1839 disciplina,
1114 1797 1198 1826 tritio
1224 1802 1275 1826 est
1294 1796 1325 1826 in
1351 1794 1426 1832 {1103
1446 1796 1522 1836 quia
1544 1795 1609 1828 hoc
1633 1797 1819 1829 ostenditur
1842 1798 1874 1828 in
1898 1797 1972 1838 ipso
1985 1804 2094 1840 gestu,

77 1837 174 1869 debet
201 1837 234 1868 in
256 1836 388 1869 homine
412 1847 488 1869 esse
510 1839 722 1879 poenitentia.
1113 1839 1157 1870 Es
1179 1839 1253 1869 sind
1275 1848 1375 1869 :ween
1398 1845 1515 1880 gestus
1538 1839 1594 1877 da,
1617 1840 1683 1870 und
1705 1840 1774 1871 elne
1796 1841 1890 1878 rede,
1926 1851 2012 1882 quae
2043 1846 2096 1873 est

162 1879 279 1920 Neque
303 1886 411 1912 tamen
437 1881 502 1912 hoc
526 1882 623 1913 etiam
645 1882 728 1913 satis
751 1889 820 1920 est,
857 1892 935 1914 esse
965 1882 1059 1914 dolo-2
1113 1880 1281 1913 confessio
1320 1881 1435 1922 ipsius.
1500 1882 1632 1914 Primus
1667 1889 1798 1924 gestus:
1840 1882 1917 1914 Non
1955 1883 2099 1916 audebat

76 1933 146 1954 rem
168 1922 200 1954 in
224 1922 368 1961 homine,
392 1930 521 1965 oportet
545 1925 643 1956 etiam
667 1935 744 1956 esse
767 1925 883 1963 fidem,
914 1932 945 1956 et
966 1926 1058 1968 agni·
1083 1923 1086 1956 i
1112 1925 1221 1956 oculos
1244 1925 1289 1956 ad
1317 1926 1435 1956 coelum
1462 1926 1626 1958 attollere:
1660 1926 1708 1957 Er
1731 1927 1909 1959 orselli-[eka
1935 1924 1997 1966 fur
2024 1928 2095 1959 clem

76 1966 198 1998 tionem
216 1964 410 1997 Mediator-is
431 1967 588 2006 Messiae,
611 1966 666 1998 filii
689 1967 764 2006 Dei,
787 1975 820 2000 et
843 1978 953 2000 verax..
980 1979 1058 2000 con·
1084 1957 1086 1998 i
1111 1968 1259 2006 Hc’mmel,
1284 1968 1382 2008 darff
1399 1969 1461 1999 den
1484 1968 1620 2000 Himmel
1639 1969 1726 2001 nicht
1750 1970 1898 2001 ‹ins-elwa.
1938 1970 1985 2001 lta
2008 1971 2094 2002 enim

76 2007 283 2047 solationem,
307 2020 393 2051 quae
416 2020 482 2041 non
505 2011 698 2042 accenditur
720 2012 791 2043 sine
815 2022 933 2054 magna
959 2012 1058 2044 lucta.
1084 1999 1086 2037 Ι
1111 2010 1159 2042 fit:
1196 2010 1279 2042 Tota
1307 2022 1417 2043 rerum
1449 2018 1567 2043 natura
1588 2010 1753 2044 formidini
1787 2019 1839 2045 est
1869 2014 2095 2046 conscientiae

78 2051 218 2087 Quando
241 2051 339 2082 homo
363 2058 414 2084 est
436 2053 468 2084 in
487 2064 568 2084 vero
592 2053 720 2093 dolore,
743 2060 873 2096 oportet
896 2056 1059 2087 accedere
1084 2055 1085 2088 i
1110 2052 1380 2095 perterrefactae.
1433 2053 1582 2098 Cogitat:
1612 2055 1674 2087 Hic
1696 2062 1748 2087 est
1780 2057 1892 2096 iudex,
1925 2057 1980 2099 qui
2014 2067 2093 2089 con-

76 2093 219 2132 luctam,
252 2095 285 2125 in
314 2105 380 2136 qua
414 2097 525 2128 vincat
548 2096 644 2136 fides,
674 2098 774 2139 quod,
797 2098 852 2139 qui
876 2098 965 2140 digni
988 2109 1058 2130 era·
1083 2089 1086 2148 Ι
1111 2098 1243 2129 demnat
1269 2104 1310 2129 te.

76 2147 149 2169 mus
172 2142 308 2169 aeterna
331 2146 449 2177 morte,
476 2145 611 2181 propter
634 2140 736 2172 tilium
759 2141 821 2172 Dei
852 2152 911 2182 per
934 2142 1058 2173 miseri·
1196 2139 1413 2172 Considerate
1454 2141 1553 2173 istum
1599 2149 1730 2184 gestum
1775 2143 1806 2174 in
1846 2143 1943 2175 vobis
1992 2144 2092 2185 ipsis:

77 2180 235 2219 cordiam,
270 2181 374 2221 gratis
409 2183 511 2214 simus
535 2185 680 2225 recepti,
705 2190 737 2215 et
759 2184 950 2225 placeamus
982 2184 1057 2216 Deo
1083 2152 1085 2216 i
1110 2183 1250 2219 Quando
1273 2183 1392 2226 aliquis
1423 2185 1485 2216 sibi
1512 2191 1563 2216 est
1586 2184 1672 2217 male
1697 2187 1871 2225 conscius,
1897 2197 1963 2218 non
1992 2187 2093 2219 audet

77 2228 211 2264 propter
233 2222 468 2263 Mediatorem‚
503 2226 559 2267 qui
587 2228 629 2258 sit
651 2226 878 2259 umbraculum
896 2234 1056 2259 nostrum.
1082 2218 1085 2276 ι
1109 2227 1226 2259 intueri
1250 2234 1340 2259 recta
1363 2228 1528 2259 homines:
1551 2228 1628 2260 habt
1650 2229 1725 2260 acht
1747 2228 1862 2270 draus,
1885 2240 1918 2261 es
1941 2231 1983 2261 ist
2006 2233 2093 2262 also.-

76 2266 313 2308 Unusquisque
352 2277 430 2300 sese
462 2268 642 2301 intueatur:
682 2276 714 2302 et
750 2270 894 2312 cogitet:
929 2271 1057 2303 etiamsi
1110 2269 1208 2302 Oculi
1231 2276 1309 2302 sunt
1337 2270 1465 2303 indices
1494 2272 1602 2303 animi.
1660 2272 1801 2308 Quando
1835 2271 1954 2314 aliquis
1978 2271 2093 2305 scelus

77 2307 185 2340 habeo
214 2308 438 2351 disciplinam3
472 2317 579 2343 tamen
611 2313 721 2346 habeo
755 2314 864 2346 adhuc
898 2314 1001 2346 multa
1024 2320 1057 2347 et
1109 2312 1243 2355 aliquod
1267 2314 1404 2356 cogitat,
1430 2313 1484 2346 vel
1506 2313 1650 2354 molitur,
1685 2314 1739 2347 vel
1775 2317 1989 2357 perpetravit,
2019 2327 2091 2348 cer·

79 2361 196 2394 magna
219 2359 366 2394 peccata.
1081 2354 1083 2397 1
1109 2362 1176 2388 tum
1200 2363 1263 2396 est,
1287 2358 1376 2399 quod
1398 2368 1465 2389 non
1478 2364 1571 2390 recta
1584 2365 1760 2391 contuetur
1775 2358 1938 2397 homines,
1961 2359 2091 2391 etiamsi

1080 2403 1083 2416 ³
1109 2406 1258 2451 conatur,
1280 2406 1389 2451 tamen
1412 2412 1479 2433 non
1501 2408 1614 2443 potest
1637 2400 1766 2433 facere:
1797 2404 1873 2444 quia
1893 2401 1990 2434 dolor
2013 2413 2090 2434 con-

151 2457 267 2508 Quae
314 2466 408 2500 sunt
454 2475 549 2515 ergo
596 2470 762 2517 peecata
808 2464 847 2504 in
895 2464 971 2504 isto
1080 2443 2090 2531 ÷ntssssztazzaaesesssza‘1222¹„5¹3232333222¹ztgssffit

438 2520 686 2565 Pharisaeo?
1105 2527 1164 2561 Ille
1187 2536 1240 2561 est
1262 2530 1347 2561 ordo
1371 2529 1551 2569 naturalis,
1578 2511 1637 2563 ’est
1673 2532 1894 2563 testimonium
1927 2532 1970 2564 de
1999 2531 2088 2572 Deo,

1078 2578 1080 2606 i
1104 2573 1194 2614 quod
1218 2574 1422 2606 conscientia
1444 2575 1568 2606 iudicat
1597 2575 1696 2606 etiam
1725 2584 1791 2605 non
1821 2580 1968 2606 renatos.
2014 2575 2089 2609 Hoc

162 2608 236 2650 lpse
258 2620 323 2642 non
351 2609 452 2643 habet
474 2621 585 2646 verum
619 2615 768 2647 timorem
790 2613 870 2648 Dei:
906 2625 972 2647 non
1001 2621 1054 2648 est
1078 2640 1079 2655 i
1105 2621 1157 2647 est
1174 2626 1261 2658 opus
1279 2615 1385 2659 legis,
1410 2623 1444 2649 et
1465 2623 1518 2649 est
1540 2618 1623 2649 ordo
1646 2618 1680 2649 in
1703 2623 1837 2656 natura,
1872 2628 1970 2660 quem
1992 2617 2086 2651 Deus
