2343 2970
61 203 126 237 685

63 304 117 331 est
139 296 292 330 Ecclesia
319 295 456 339 alligata
483 297 539 328 uni
567 296 656 333 ιιι-ἰῆς
692 297 738 329 Es
759 297 862 328 stellet
881 296 951 328 hie:
987 295 1045 328 Ca-

63 344 218 382 malicum,
242 341 272 373 id
296 347 359 379 est,
383 350 534 381 sparsam
549 341 580 371 in
596 346 699 371 totum
718 340 885 378 mundum,
909 345 943 371 et
965 349 1044 371 con-

64 386 259 418 sentientem
282 390 390 415 tamen
415 384 456 414 de
479 384 640 415 doctrina.

151 428 216 459 lam
251 427 397 458 dicamus
432 427 549 465 etiam,
585 427 662 468 quid
692 426 734 456 sit
758 423 922 457 Ecclesia.
967 423 1042 456 Non

64 471 190 503 debetis
214 471 373 512 cogitare,
396 469 582 501 Ecclesiam
607 479 686 501 esse
703 468 812 500 ldeam
825 467 1043 506 Platonicam,

64 515 123 546 sed
145 519 327 545 monstrate
348 523 420 544 eam
456 512 584 554 digitis,
618 518 649 543 et
683 511 900 543 contueamini
925 509 1042 542 oculis.

62 559 208 590 Ecclesia
243 561 295 588 est
327 557 460 588 visibilis
495 561 604 588 coetus
638 556 837 587 credentium
872 554 1043 594 Euan-&elio

62 604 94 632 et
115 604 203 631 recte
224 602 381 631 artemium
399 600 628 633 Sacramenta,
656 601 690 630 in
712 607 775 638 qua
797 601 1044 638 conyreyatione

61 645 163 676 Filius
186 644 249 675 Dei
268 648 318 675 est
339 644 462 683 efficax·
481 652 543 683 per
564 643 778 673 ministerium
800 642 984 680 Evangelii,
1013 645 1047 672 et

61 688 178 718 mullos
199 691 372 726 regenerat
400 696 462 726 per
484 686 642 725 Spiritum
663 689 825 724 sanctum,
859 689 891 716 et
912 689 989 716 sunt
1008 685 1044 716 in

62 739 99 760 ea
117 734 226 761 tamen
246 729 340 761 mulli
355 739 418 760 mm
445 731 563 767 sancti,
596 729 638 759 de
658 727 809 759 doctrina
836 732 943 758 tamen
971 737 1043 759 con-

61 773 246 804 sentientes.
300 771 376 803 Vox
411 772 519 803 divina
542 770 606 802 hoc
631 771 740 808 docet,
768 769 955 801 Ecclesiam
975 769 1044 801 eol—

62 814 119 857 ligi
148 825 207 856 per
235 824 352 846 vocem
375 812 562 855 Evangelii:
589 815 668 851 Quia
686 814 892 853 Evanqelz'um
921 818 970 845 est
986 824 1043 854 po-

62 859 162 890 tentia
185 860 245 890 Dei
267 860 312 889 ad
331 860 464 889 salutem
483 860 570 888 omni
590 857 745 888 credenti.
791 856 888 894 ltem,
917 856 1045 888 Placuit

64 901 136 932 Deo
165 912 226 937 ver
254 903 383 933 stultam
406 900 681 940 praedicationem
709 902 815 931 salvos
838 903 952 940 facere
976 910 1045 931 cre·

62 940 182 976 dentes.
227 942 380 975 Ecclesia
404 948 456 974 est
479 941 613 984 alligata
636 943 677 974 ad
701 943 914 974 ministerium
935 942 1043 974 Evan-

62 986 158 1028 gelii,
193 992 223 1017 et
253 987 297 1017 ibi
327 992 379 1017 est
409 987 617 1028 quaerenda,
656 986 712 1017 ubi
743 991 795 1017 est
828 987 1043 1017 ministerium

61 1028 247 1071 Evangelii,
272 1035 304 1060 et
327 1030 381 1061 ubi
394 1039 461 1060 non
474 1029 697 1061 defenduntur
714 1029 923 1070 pertinaciter
943 1028 1042 1060 idola.

63 1117 178 1167 Quae
218 1125 311 1158 sunt
348 1117 461 1171 signa
499 1117 754 1158 ostendentia
794 1118 1044 1159 Ecclesiam?

150 1201 176 1231 l⁴
207 1199 401 1240 incorrupta
435 1200 584 1231 doctrina
619 1199 802 1242 Evangelii.
859 1201 889 1232 2.
921 1200 1042 1243 Legiti-

62 1253 135 1275 mus
171 1253 252 1274 usus
287 1243 589 1274 Sacramentorum.
635 1243 665 1274 3.
691 1243 903 1276 Consoeiatio
926 1243 1042 1276 Eccle-

62 1287 134 1318 siae
156 1287 198 1318 ad
222 1287 452 1318 ministerium:
482 1288 560 1319 cluss
582 1296 657 1318 mun
675 1288 743 1318 sz'elz
772 1289 858 1319 halle
887 1287 928 1319 ad
952 1288 1041 1318 mini-

62 1330 209 1361 sterium.
254 1330 379 1360 Postea
410 1335 595 1371 sequuntur
617 1330 714 1371 signa
743 1330 918 1368 interiora,
950 1340 1042 1362 werm

61 1382 137 1404 man
162 1373 310 1411 empsim!
340 1373 372 1403 iu
403 1383 502 1403 cruce
535 1371 793 1404 consolationes.
851 1373 957 1405 Hodie
991 1380 1042 1405 est

60 1415 186 1457 primus
205 1415 276 1446 dies
300 1413 374 1446 festi
397 1414 733 1447 Tabernaeuloruum.

61 1503 160 1544 Was
192 1504 243 1543 ist:
281 1510 435 1556 gewest
476 1503 625 1545 festum
663 1505 1041 1547 tabernaculorum?

114 1597 120 1604 ’
148 1585 183 1617 ln
209 1585 325 1617 Exodo
356 1588 476 1619 scebet:
512 1588 573 1618 Ter
605 1591 639 1618 in
674 1598 758 1620 amm
791 1589 972 1620 ascendens
999 1590 1044 1620 acl

61 1631 162 1661 Iocum
190 1629 405 1661 Tabernacale‘.
452 1631 496 1662 Es
518 1630 594 1661 siml
614 1632 697 1671 (lt-ey
720 1630 807 1662 festa
826 1641 975 1671 ¹qewesen
999 1635 1041 1662 im

62 1674 150 1707 ihar,
185 1674 237 1703 (lie
264 1674 416 1704 liocltslen
439 1671 538 1710 festa,
570 1673 602 1703 in
632 1675 751 1714 quibus
786 1676 929 1715 oportuit
965 1685 1041 1705 con-

61 1715 174 1747 venire
198 1725 324 1753 omnes,
349 1716 403 1757 qui
426 1716 489 1746 iam
514 1723 607 1746 erant
630 1717 784 1756 puberes,
808 1728 876 1748 reas
897 1719 967 1749 umb
991 1719 1042 1749 dJ'c

61 1760 208 1790 201'lmr
240 1769 315 1790 war.
374 1758 429 1789 lsti
464 1759 689 1789 ascendebant
723 1761 764 1791 ad
799 1760 908 1790 locum
935 1762 1042 1791 taber-

60 1800 187 1832 naculi:
224 1800 367 1832 Primum
396 1803 427 1832 in
456 1800 544 1832 sesto
568 1801 742 1833 Paschatis
778 1803 881 1844 primo
916 1812 1041 1840 mense,

62 1845 117 1886 qui
140 1845 237 1875 nobis
261 1850 313 1875 est
337 1844 475 1876 Martius
498 1843 552 1875 vel
575 1844 717 1885 Aprilis3
750 1847 826 1887 quia
852 1846 914 1886 ipsi
942 1846 1041 1877 habe-

62 1889 141 1919 bant
181 1897 313 1918 menses
354 1886 499 1919 lunares.
567 1887 614 1918 lbi
659 1890 875 1921 comedebant
919 1899 1040 1930 agnum

60 1929 266 1971 paschalem,
301 1937 334 1962 et
357 1932 534 1962 audiebant.
559 1931 743 1962 doctrinam
765 1932 806 1964 de
830 1938 973 1963 ventura
994 1932 1041 1963 vi—

62 1973 175 2011 ctima,
209 1974 240 2004 id
277 1980 348 2011 est,
382 1974 422 2005 de
446 1973 591 2005 Christo.
646 1973 776 2006 Deinde
809 1981 887 2017 post
909 1974 1041 2006 sontes

63 2022 133 2046 erat
167 2015 286 2048 festum
321 2016 551 2055 Pentecostes,
588 2017 701 2055 idest,
736 2025 805 2049 erat
835 2019 1039 2058 praedicatio

63 2058 233 2089 doetrinae
256 2060 297 2090 de
315 2058 577 2101 promulgatione
600 2059 697 2101 legis,
721 2067 750 2091 ct
778 2061 952 2092 dicendum
970 2067 1039 2092 erat

63 2102 105 2133 de
128 2102 274 2132 secunda
298 2101 509 2142 Pentecoste,
543 2104 575 2134 id
600 2109 662 2141 est,
696 2104 736 2134 dc
771 2105 948 2135 donatione
971 2105 1040 2144 Spi-

62 2145 145 2176 ritus
185 2145 289 2176 sancti
325 2151 356 2176 et
392 2147 643 2187 regeneratione
678 2146 849 2188 spirituali.
916 2147 1039 2186 Tertio,

63 2193 135 2218 erat
168 2185 287 2218 festum
315 2188 623 2228 tabernaculorum,
660 2190 692 2220 in
728 2200 793 2231 quo
828 2191 1039 2231 repetebatur

62 2230 220 2261 memoria
252 2231 504 2263 introductionis
528 2231 638 2273 populi
662 2233 694 2264 in
723 2232 810 2264 hanc
838 2239 971 2271 terram,
1007 2239 1039 2265 et

63 2273 329 2314 significabatur,
360 2275 449 2315 quod
472 2273 566 2306 Deus
596 2282 672 2316 post
696 2276 956 2308 destructionem
981 2276 1038 2308 liu-

63 2315 114 2346 ius
144 2316 254 2347 mundi
289 2327 350 2348 nos
387 2317 428 2348 sit
463 2318 663 2350 deducturus
697 2320 730 2350 in
760 2320 872 2350 sedem
904 2325 1037 2352 certam.

64 2357 310 2390 Convenicbant
345 2360 412 2391 hoc
444 2370 560 2392 mense
594 2367 670 2402 post
713 2363 932 2401 vindemiam,
973 2364 1042 2394 und

62 2402 208 2432 machten
234 2403 368 2434 hutilez‘n
394 2414 450 2434 vm·
474 2404 537 2435 den
562 2404 735 2443 Stedtlein,
770 2408 838 2437 und
864 2406 1038 2447 Dorfflein,

63 2449 94 2494 et
118 2445 293 2518 ³¹}diebam
321 2447 616 2486 praedicationem,
649 2448 734 2480 sicut
762 2448 914 2481 Christus
943 2450 1038 2480 etiam

62 2492 146 2518 niter
162 2493 217 2518 uit.

211 2584 427 2635 Quomodo
465 2587 660 2642 colligitur
690 2588 891 2631 Ecclesia?

147 2660 205 2690 Iler
225 2661 325 2699 sehet,
348 2659 455 2701 qualis
479 2662 532 2699 sit,
552 2663 638 2703 quod
662 2663 694 2693 in
711 2662 866 2695 Ecclesia
880 2673 945 2695 non
963 2669 1040 2695 sunt

747 200 967 234 PosTlLLA
984 200 1385 234 MELANTHONJANA.

1067 1752 1069 1769 ι
1094 1741 1322 1771 damnatorum
1357 1746 1434 1771 sunt
1461 1742 1628 1772 tenebrae.

2011 200 2075 233 686

1095 302 1221 328 tantum
1244 295 1369 334 sancti,
1404 295 1464 326 sed
1487 295 1520 326 in
1542 294 1609 326 hae
1637 295 1703 326 vita
1725 295 1857 326 mortali
1880 301 1956 327 sunt
1984 295 2074 328 mixti

1095 339 1185 378 mali,
1213 345 1245 370 et
1264 339 1362 376 boni,
1395 339 1455 370 sed
1480 339 1521 369 de
1545 339 1696 370 doctrina
1721 339 1979 370 consentientes.
2026 341 2075 372 Sa·-

1095 385 1169 415 mz'le
1191 387 1242 414 est
1261 392 1395 423 requam
1417 385 1593 414 coelorum:
1627 382 1659 412 id
1681 388 1749 420 est,
1785 381 1900 412 similis
1931 388 1982 413 est
2011 381 2074 414 Ec-

1095 424 1209 457 clesia.
1254 427 1344 457 Alius
1366 426 1400 457 ln
1422 428 1546 465 cyrum]
1576 425 1607 456 id
1632 431 1702 463 est,
1731 425 1872 456 mundus
1891 435 2011 467 magna
2034 435 2074 456 ex

1094 476 1189 510 parte
1217 467 1365 510 negligit.
1423 470 1492 500 Das
1526 471 1568 500 ist
1607 468 1795 510 obiurgatio
1831 467 2074 500 incredulitatis

1094 510 1282 549 inultorum,
1307 517 1340 542 et·
1362 510 1460 543 simul
1480 510 1665 543 consolatio
1690 513 1818 552 piorum
1844 517 1958 543 contra
1978 521 2075 543 scan-

1095 553 1205 586 dalum
1228 555 1402 596 paucitatis
1437 554 1651 586 credentium.
1696 556 1799 586 Pauci
1825 556 1930 594 electi]
1955 555 1987 585 id
2012 560 2075 590 est,

1094 598 1206 636 nativi,
1229 599 1283 629 die
1305 599 1542 637 rechtschaffen
1563 599 1648 629 stad.
1705 597 1797 629 Deus
1833 598 1924 639 punit
1957 598 2075 638 impios

1094 641 1127 672 in
1151 641 1286 679 mundo,
1310 647 1343 671 et
1359 639 1513 672 Ecclesia
1537 639 1634 671 simul
1658 641 1855 672 concutitur.
1899 641 2076 673 Germania

1094 684 1238 726 punitur,
1262 685 1347 715 sicut
1370 684 1508 722 videtis,
1543 682 1717 715 Ecclesiae
1753 684 1986 716 concutiuntur
2020 684 2076 715 du-

1095 728 1191 758 ritur:
1227 727 1291 757 imo
1316 737 1351 759 es
1370 728 1535 766 yescln'cht
1555 729 1613 766 offt
1635 730 1714 759 also.
1759 726 1915 759 Indicium
1938 737 1957 758 a
1976 727 2076 759 domo

1094 769 1158 801 Dei
1192 770 1328 811 incipit:
1370 771 1419 802 sic
1458 770 1557 811 igitur
1591 768 1683 801 Deus
1720 769 1847 812 colligit
1882 769 2075 802 Ecclesiam.

1094 813 1237 844 Mundus
1263 814 1410 853 punitur:
1435 813 1559 844 interea
1574 823 1666 845 ¹voce
1679 812 1854 855 Evangelii
1875 812 2077 856 colliguntur

1095 855 1202 888 electi.
1249 856 1426 888 Sciendum
1451 861 1501 887 est
1524 862 1633 887 autem
1656 855 1784 888 electos
1808 867 1874 888 non
1894 867 1983 895 esse,
2012 856 2076 887 nisi

1094 901 1127 930 in
1150 905 1249 932 coetu
1271 905 1482 931 vocatorum:
1514 899 1607 930 Deus
1636 909 1716 931 vere
1746 901 1803 931 dat
1825 910 1863 931 se
1886 910 1945 941 per
1967 899 2075 931 Evan-

1095 941 1227 985 gelium.
1274 941 1397 974 Paulus
1420 947 1509 981 sayt:
1535 944 1572 974 Ut
1591 944 1649 974 det
1666 947 1912 983 promissionem
1931 942 2076 982 Spiritus

1093 987 1305 1017 creclentehus.
1350 985 1446 1017 Item:
1470 987 1566 1018 Fides
1588 996 1628 1018 ex
1650 988 1762 1018 (audita
1784 991 1843 1024 est,
1867 988 1997 1018 (mclilus
2015 996 2078 1027 per

1094 1030 1240 1061 verbum:
1262 1034 1294 1060 et
1318 1028 1462 1070 loquitur
1497 1029 1538 1060 de
1569 1030 1669 1060 verbo
1701 1028 1809 1060 vocali
1840 1028 1944 1067 lecto,
1975 1030 2076 1061 medi·

1095 1078 1174 1104 tato.
1218 1071 1400 1112 Stemeltsell
1433 1072 1526 1103 dicit:
1558 1072 1652 1104 Deus
1681 1083 1744 1104 non
1767 1074 1825 1104 dat
1847 1083 1884 1104 se
1901 1083 1964 1112 per
1985 1083 2077 1104 crea-

1093 1121 1209 1147 eurania
1246 1117 1307 1153 Ila,
1331 1117 1419 1147 Deus
1452 1124 1515 1147 non
1548 1117 1605 1146 dut
1637 1126 1673 1147 se
1692 1126 1755 1156 per
1788 1120 1990 1153 ereaturam,
2025 1119 2079 1147 cui

1094 1169 1157 1190 uon
1180 1159 1332 1190 atlz'uuoee'c
1348 1160 1593 1199 promissionem
1616 1168 1728 1190 suam:
1756 1161 1806 1191 als
1828 1161 1927 1191 durch
1952 1159 2076 1199 weylze-

1094 1210 1226 1238 wasser,
1251 1206 1316 1232 etc.
1356 1202 1420 1237 Qui
1443 1208 1637 1243 perseverat
1662 1203 1693 1233 in
1721 1202 1784 1233 fide
1808 1208 1840 1233 et
1863 1203 2076 1234 invocatione

1094 1255 1173 1276 vera
1191 1243 1261 1275 Filii
1280 1243 1354 1282 Dei,
1379 1244 1434 1275 ille
1458 1246 1528 1276 sine
1551 1243 1617 1276 ulla
1641 1245 1843 1278 dubitatione
1869 1251 1921 1277 est
1934 1244 2074 1277 electus.

1093 1290 1195 1320 Nemo
1217 1291 1323 1327 rapiet.
1345 1298 1420 1320 oves
1441 1298 1531 1319 meas
1553 1299 1596 1319 ea:
1619 1290 1766 1320 manebus
1788 1292 1877 1320 meis.

1383 1368 1498 1418 Quae
1530 1375 1624 1408 sunt
1656 1383 1754 1409 oves
1768 1370 1786 1408 ‘?

1184 1439 1265 1470 Oces
1286 1448 1377 1470 meae
1399 1449 1504 1470 vocem
1527 1448 1630 1470 meam
1654 1441 1795 1471 amle‘zmr.
1850 1441 1924 1471 Νιιη
1948 1443 1981 1470 z'n
2003 1441 2077 1471 dem

1095 1488 1195 1513 coetu
1216 1487 1292 1512 sunt
1326 1481 1418 1513 mulii
1453 1492 1518 1513 non
1543 1483 1668 1519 sancti,
1703 1483 1758 1523 qui
1782 1492 1848 1513 non
1876 1481 1998 1513 liabent
2023 1493 2076 1514 ve-

1093 1530 1176 1556 stem
1199 1524 1389 1565 nuptialem.
1452 1524 1578 1557 Vestem
1600 1528 1774 1566 nuptialem
1793 1527 1938 1557 nominat
1963 1536 2077 1557 veram

1093 1569 1202 1606 iidem,
1236 1579 1321 1609 quae
1354 1567 1436 1599 fides
1460 1567 1547 1600 lucet
1576 1570 1846 1610 inpoenitentia.
1904 1568 1976 1599 Non
2008 1574 2076 1600 stat

1093 1612 1177 1643 fides
1202 1622 1277 1642 cum
1301 1618 1438 1651 peccato
1463 1620 1582 1643 contra
1605 1613 1853 1643 conscientiam.
1905 1611 1965 1643 llle
1989 1610 2075 1643 tales

1093 1655 1180 1685 eiicit
1203 1658 1237 1686 in
1259 1656 1409 1686 tenebras
1426 1659 1622 1687 eoetere'ores:
1644 1656 1676 1685 id
1695 1662 1757 1692 est,
1782 1665 1866 1697 quae
1887 1654 1968 1685 foris
1987 1662 2074 1686 sunt.

1092 1697 1176 1728 Nam
1199 1696 1292 1734 foris,
1316 1706 1408 1728 extra
1432 1697 1620 1729 Ecclesiam
1644 1705 1720 1729 sunt
1744 1699 1916 1728 tenebrae:
1942 1699 1972 1728 in
1996 1698 2075 1729 loco

1687 1741 1849 1771 [silatum
1881 1748 1931 1771 est,
1956 1741 1987 1771 in
2013 1741 2075 1772 He·

1093 1784 1195 1813 braca
1228 1782 1358 1824 lingua,
1394 1784 1505 1814 dicere
1538 1782 1644 1814 lucem
1679 1795 1739 1824 pro
1776 1783 2007 1815 consolatione
2044 1791 2072 1813 et

1094 1825 1230 1856 laetitia:
1254 1834 1287 1857 et
1310 1827 1421 1859 dicere
1451 1828 1605 1857 tenebras
1636 1837 1696 1867 pro
1729 1825 1863 1863 dolore,
1898 1837 1959 1868 pro
1988 1838 2075 1859 moe-

1094 1879 1188 1906 rore,
1221 1875 1253 1899 et
1291 1870 1430 1900 tristitia.
1494 1872 1531 1901 In
1565 1871 1731 1901 tenebras:
1772 1871 1801 1900 id
1844 1877 1911 1907 est,
1953 1871 1985 1900 in
2020 1871 2073 1901 do-

1093 1910 1204 1949 lores,
1233 1914 1265 1942 iu
1295 1912 1490 1950 moestitias,
1526 1914 1557 1943 in
1593 1912 1769 1944 horribiles
1805 1913 1983 1951 cruciatus,
2019 1914 2074 1953 qui

1094 1962 1171 1985 sunt
1195 1965 1321 1993 eorum,
1349 1957 1404 1997 qui
1429 1956 1570 1987 damnati
1595 1962 1682 1987 sunt.
1723 1956 1794 1987 Hac
1818 1962 1895 1988 sunt
1918 1958 2074 1987 tenebrae

1094 1999 1290 2036 exteriores,
1313 1999 1341 2029 id
1361 2004 1423 2036 est,
1447 1998 1623 2030 horribiles
1639 2000 1817 2037 cruciatus,
1842 1998 1958 2040 quales
1979 2006 2073 2030 erunt

1093 2041 1334 2079 damnatorum,
1358 2043 1413 2083 qui
1435 2043 1579 2073 sentient
1597 2043 1677 2073 iram
1700 2049 1877 2074 aeternam.

1263 2118 1337 2150 DIE
1367 2118 1516 2150 LUGAE
1536 2119 1899 2157 EVANGELlSTAE,

1091 2178 1159 2231 qui
1191 2184 1252 2218 est
1284 2178 1369 2218 dies
1400 2177 1595 2219 fundatae
1619 2179 1870 2219 Academiae
1897 2179 2071 2218 W'item-

1091 2238 1316 2293 bergensis,
1364 2245 1405 2279 et
1446 2238 1693 2280 Calendariis
1739 2239 1963 2294 adscriptus
2010 2245 2072 2278 est,

1317 2299 1371 2339 ad
1402 2299 1511 2340 diem
1547 2302 1612 2341 18.
1647 2299 1844 2341 Octobris.

1091 2373 1216 2417 Cuius
1247 2377 1375 2417 sancti
1406 2378 1601 2420 memoria
1626 2378 1701 2419 ista
1726 2378 1790 2417 die
1823 2375 2072 2417 celebratur?

1178 2449 1291 2482 Sancti
1314 2450 1435 2484 Lucae.

1093 2519 1192 2571 Quis
1223 2521 1299 2563 fuit
1329 2523 1485 2566 Lucas?
1517 2524 1615 2578 quid
1647 2524 1698 2563 de
1732 2537 1781 2563 eo
1812 2522 1968 2573 scimus,
2001 2528 2072 2563 aut

1204 2583 1302 2637 quid
1332 2584 1510 2625 maxime
1543 2584 1768 2625 celebratur
1799 2584 1851 2623 de
1884 2583 1960 2623 eo‘?

1177 2665 1251 2697 Fuit
1284 2677 1370 2699 unus
1404 2677 1445 2698 ex
1479 2667 1699 2708 scriptoribus
1730 2665 1888 2698 historiae
1917 2665 2071 2708 Evange-
