2374 2985
242 162 301 192 107

324 255 483 286 Doctrina
509 256 549 286 de
572 255 746 286 virtutibus
772 261 801 285 et.
825 255 922 292 vitiis,
942 264 1026 295 qnae
1039 255 1125 294 apud
1138 253 1217 285 Eth-

238 299 332 330 nicos
357 299 504 336 traditur,
529 298 669 339 pertinet
682 298 722 328 ad
736 308 830 328 usum
847 297 928 339 legis
941 298 1217 338 paedagogicum,

241 348 270 372 ct
295 349 343 372 cst
369 349 536 383 utcunque
560 342 754 383 gubernatio
779 347 988 372 externorum
1013 350 1150 370 morum.

341 489 449 539 Quid
480 490 700 543 respondes
736 488 788 528 ad
820 495 1125 540 argumentum:

323 589 550 618 promissiones
571 588 687 627 leyales
706 588 842 627 pendent
866 597 906 616 ea*
929 587 1109 617 emulitione
1121 587 1216 627 leqz's:

328 640 427 670 Nemo
451 641 529 669 satis
547 641 630 678 fiwit
653 639 729 678 lc’yi:

323 691 409 730 Eryo
428 693 649 731 promissiones
670 693 748 720 istae
770 694 839 720 sunt
862 691 973 719 irritae
996 694 1025 720 ct
1039 685 1187 727 inutiles?

325 743 533 784 RespondeO.
579 741 739 774 Concedo
764 748 879 779 totum,
911 741 1065 784 legaliter
1088 748 1214 773 tantum

235 785 413 826 loquendo.
428 785 672 817 Promissiones
684 784 810 825 legales
825 790 900 816 sunt
912 784 1134 823 inutiles,sine
1148 784 1213 816 fide

235 828 288 860 vel
320 830 390 860 sine
425 828 568 860 Christo.
623 828 688 859 Sed
723 839 796 858 euin
820 827 953 858 Christo
987 828 1068 859 fiunt
1100 827 1211 866 utiles,

235 873 312 912 quia
336 878 524 913 reputamur
547 872 622 903 iusti
647 877 781 912 propter
801 870 980 909 Christum,
1003 871 1096 912 quasi
1117 872 1212 902 satis-

233 914 433 946 fecissemus
463 913 538 956 legi.
583 914 712 945 Deinde
746 919 777 945 et
811 914 966 946 inchoata
996 921 1112 945 nostra
1135 915 1212 945 obe-

235 958 375 996 dientia,
410 958 507 989 etiam
531 957 559 988 si
582 968 647 988 non
672 963 723 988 est
747 956 845 998 plena
868 963 900 988 et
923 958 1069 999 integra,
1103 963 1211 988 tamen

233 1002 435 1042 approbatur
458 1006 594 1041 propter
617 999 795 1031 Christum.

319 1044 375 1074 Sic
398 1044 496 1085 igitur
518 1044 607 1074 iuxta
628 1046 785 1074 ἐπιεικείαν
817 1041 990 1085 Evangelii
1023 1042 1213 1083 respondeo

231 1087 273 1117 ad
296 1086 475 1117 Minorem:
507 1085 588 1125 Leyi
620 1097 771 1125 nunqnam
805 1088 918 1125 satisfit
945 1097 965 1118 a
988 1086 1077 1115 vobis
1100 1087 1131 1114 in
1153 1086 1213 1114 liae

232 1131 312 1165 vritu,-
334 1128 462 1160 scilicet
485 1127 652 1170 loquendo
680 1128 840 1170 legaliter.
888 1129 954 1160 Sed
980 1130 1157 1161 credentes
1180 1129 1212 1159 in

232 1171 401 1204 Christum
435 1179 568 1203 servant
604 1173 779 1210 mandata,
816 1171 967 1210 scilicet,
1000 1172 1214 1213 imputatione

231 1216 372 1246 iustitiae
397 1214 536 1253 Christi,
567 1221 599 1246 et
626 1214 837 1247 inchoatione
861 1226 969 1247 novae
993 1216 1212 1247 obedientiae.

231 1258 305 1290 Non
330 1259 463 1290 dubium
486 1259 585 1300 igitur
609 1268 686 1289 esse
709 1259 823 1295 debet,
858 1259 936 1300 quin
960 1258 1054 1290 Deus
1074 1259 1212 1290 daturus

231 1302 271 1333 sit
295 1302 462 1344 praemia,
497 1302 593 1333 etiam
626 1303 659 1333 in
693 1302 757 1333 hac
790 1302 858 1333 vita
887 1307 979 1333 recte
1000 1301 1212 1333 facientibus.

229 1344 413 1387 Postquam
436 1355 551 1377 sumus
574 1344 781 1377 reconciliati
803 1345 867 1376 fide
886 1350 1020 1386 propter
1032 1343 1211 1382 Christum,

231 1396 263 1420 et
286 1390 446 1420 habemus
470 1388 658 1419 inchoatam
680 1389 914 1426 obedientiam,
939 1389 1133 1430 contingunt
1155 1397 1212 1418 no-

231 1433 282 1463 bis
311 1432 467 1463 divinitus
494 1441 615 1473 magna
644 1432 791 1472 praemia
827 1430 1015 1472 corporalia
1055 1436 1088 1462 et
1117 1431 1212 1471 spiri-

229 1475 342 1506 tualia.
387 1475 454 1506 lam
486 1476 657 1506 veniamus
692 1475 736 1506 ad
765 1473 915 1517 singulas
944 1480 1056 1516 partes
1084 1474 1117 1505 in
1147 1473 1213 1505 'hac

231 1528 400 1550 concione.

262 1689 373 1720 Estote
395 1689 621 1721 misericordes:
674 1684 747 1724 Ad
779 1684 889 1738 quod
920 1690 1183 1739 praeceptum

620 1744 822 1799 pertinet?

319 1844 531 1886 Respondeo.
594 1844 646 1876 Ad
683 1851 911 1886 praeceptum:
968 1845 1039 1875 Non
1073 1843 1215 1881 occides,-

234 1889 309 1930 quin
340 1888 564 1919 misericordia
596 1893 646 1919 est
677 1889 799 1926 virtus,
823 1897 908 1928 quae
930 1886 1075 1918 afficitur
1098 1885 1214 1918 dolore

232 1938 367 1972 propter
390 1930 514 1961 alienas
537 1931 707 1968 miserias,
741 1936 773 1962 et
797 1941 883 1972 quae
913 1940 1008 1970 opem
1038 1928 1101 1961 fert
1123 1930 1214 1961 iuxta

232 1975 453 2011 vocationem,
476 1981 508 2004 et
534 1972 721 2011 facultates,
744 1980 777 2005 et
800 1984 886 2015 quae
909 1974 1035 2015 mitigat
1051 1983 1215 2005 summum

233 2017 284 2049 ius
311 2024 443 2058 propter
473 2016 614 2058 aliquam
644 2015 848 2057 probabilem
872 2027 1036 2048 caussam.
1083 2015 1140 2048 Sic
1163 2026 1214 2047 ar·
1237 2033 1242 2071 ί
1267 2034 1353 2064 Sicut

234 2066 423 2102 gumentort

276 2147 477 2185 fndamentm
501 2152 549 2177 es!
571 2148 667 2177 mala:
692 2146 777 2177 sicut
791 2145 924 2176 dicitur:
948 2144 1076 2176 Blanda
1085 2150 1216 2186 patrum

322 2199 439 2229 selmc’s
460 2192 544 2229 fucit
565 2189 764 2228 indulyenleo
786 2193 897 2220 nalo-9:

278 2234 502 2264 ,illserecordia
524 2237 573 2263 est
594 2233 812 2271 indulyenlia:

280 2277 367 2315 Eryo
385 2276 611 2307 miseriem-{lia
634 2280 682 2307 es!
703 2277 796 2306 mala.

322 2359 533 2402 Respondeo.
586 2361 682 2402 Nego
716 2361 903 2397 Minorum3
937 2360 1012 2401 quia
1047 2365 1097 2391 est
1130 2359 1217 2391 mala

235 2402 379 2435 definitio
403 2405 659 2435 misericordiae.
706 2403 780 2434 Non
804 2404 903 2434 debet
926 2403 1150 2434 misericordia
1172 2404 1216 2434 in-

236 2445 339 2486 telligi
364 2448 404 2477 de
428 2446 629 2488 negligentia
654 2452 685 2478 et
704 2446 922 2484 relaxatione,
947 2456 1032 2487 quae
1055 2445 1135 2477 nihil
1158 2457 1217 2487 pu-

237 2491 312 2520 niat.

893 160 1002 191 i’iHL.
1027 160 1130 192 MFJ..
1154 159 1341 192 SCRIPTA
1364 159 1627 193 EXEGETICA.

2188 162 2249 195 108

1356 253 1509 292 Primum,
1534 260 1569 285 ut
1590 252 1774 286 afficiamur
1786 252 1972 285 calamitate
1983 254 2132 293 aliorum,
2155 266 2248 296 prae-

1269 297 1383 327 sertim
1417 297 1560 335 iniusta,
1602 304 1631 328 et
1671 298 1791 328 misere
1831 308 1891 328 seu
1926 298 2044 329 iniuste
2078 299 2248 340 oppressis

1270 349 1364 380 opem
1389 339 1548 377 seramus,
1571 347 1727 381 quantum
1751 350 1930 381 possumus
1954 340 2075 375 facere,
2100 348 2131 373 et
2145 352 2248 383 quan·

1269 388 1336 414 tum
1360 381 1436 413 licet
1459 384 1566 421 nobis,
1590 384 1679 414 iuxta
1702 384 1921 415 vocationem.

1355 424 1451 457 Alter
1469 428 1592 467 gradus
1617 432 1680 463 cst,
1705 433 1739 457 ut
1763 432 1841 458 tunc
1863 428 1971 465 etiam,
1996 437 2069 458 cum
2089 433 2139 458 est
2164 428 2248 460 {ima

1270 467 1463 507 calamitas,
1498 470 1553 500 liat
1586 470 1745 511 mitigatio
1769 479 1916 511 poenae,
1952 469 2080 502 scilicet
2114 477 2248 512 propter

1269 512 1427 543 rationein
1451 511 1669 553 probabilem.

1327 711 1568 765 Pugnantne
1601 712 1704 751 inter
1735 726 1778 751 sc
1811 713 1960 753 iustitia
1992 720 2034 753 et
2064 714 2217 753 mist-ri—

1678 789 1838 831 cordia?

1352 912 1565 954 Respondeo.
1622 913 1851 945 Misericordia
1886 920 1937 945 est
1970 915 2098 953 virtus,
2138 915 2249 947 al'tinis

1265 957 1407 988 iustitiae
1431 955 1639 996 particulari,
1669 967 1755 998 quae
1780 957 1901 998 duplex
1922 963 1988 988 est:
2027 968 2093 989 una
2117 968 2250 998 severa,

1264 1009 1326 1031 seu
1344 999 1461 1041 rigida,
1485 1010 1570 1040 quae
1583 1001 1770 1031 nominatur
1783 1000 2016 1041 ἁκριβοδῐκαιον,
2040 1003 2100 1032 (las
2113 1001 2250 1042 scharff'e

1265 1044 1384 1080 licem,-
1408 1053 1482 1073 cum
1501 1041 1691 1084 simpliciter
1716 1044 1905 1083 proceditur
1929 1044 2018 1075 iuxta
2037 1045 2250 1076 severitatem

1264 1084 1386 1127 legum,
1410 1085 1480 1116 sine
1503 1084 1570 1116 ulla
1593 1086 1810 1127 mitigatione:
1835 1093 1867 1118 ut
1893 1097 1965 1117 cum
1989 1086 2080 1118 Titus
2104 1086 2250 1120 Manlius

1264 1126 1428 1159 interfecit
1451 1127 1552 1159 tilium
1576 1135 1776 1170 pugnantem
1801 1136 1917 1160 contra
1935 1131 2126 1161 mandatum
2140 1141 2249 1169 suum,

1266 1172 1321 1213 qui
1345 1178 1423 1202 tunc
1453 1178 1523 1202 crat
1547 1170 1730 1212 Imperator
1757 1173 1788 1202 in
1812 1173 1976 1210 exercitu,
2009 1174 2136 1204 etiamsi
2161 1172 2249 1206 filius

1266 1225 1339 1246 cum
1362 1213 1459 1245 hoste
1483 1221 1705 1255 provocatore
1727 1213 1865 1246 feliciter
1889 1215 2112 1247 dimicaverat.

1351 1257 1518 1295 Ἐπιείκεια,
1541 1263 1593 1288 est
1615 1258 1795 1289 moderatio
1818 1258 1935 1289 summi
1959 1258 2056 1297 iuris,
2086 1268 2153 1290 non
2176 1257 2250 1291 suti-

1263 1299 1305 1331 lis
1328 1306 1384 1331 aut
1413 1301 1603 1338 temeraria,
1632 1301 1693 1332 sed
1716 1300 1843 1332 habens
1872 1300 2017 1342 aliquam
2045 1300 2250 1343 probabilem

1265 1353 1432 1381 caussam,
1454 1349 1489 1374 ut
1512 1343 1646 1374 Marcus
1671 1343 1822 1384 Papirius
1845 1343 2008 1386 Magister
2029 1345 2176 1385 equitum
2197 1355 2249 1377 re·

1263 1386 1349 1417 misit
1372 1396 1529 1428 poenam,
1564 1387 1765 1426 deprecante
1789 1388 1955 1425 exercitu,
1990 1397 2087 1428 quem
2116 1393 2250 1429 poterat

1264 1439 1391 1461 summo
1415 1430 1485 1460 iure
1507 1428 1707 1468 interficere,
1730 1430 1817 1471 quod
1836 1436 2020 1471 pugnasset
2039 1440 2113 1462 cum
2138 1430 2249 1470 hoste,

1265 1478 1382 1504 contra
1410 1473 1619 1503 interdictum
1643 1473 1835 1509 dictatorisg
1873 1483 1946 1504 cum
1977 1471 2068 1504 nulla
2097 1474 2249 1513 victoria,

1270 1516 1481 1557 quantumvis
1504 1513 1691 1556 splendida,
1726 1516 1807 1547 tanti
1833 1514 1985 1547 facienda
2021 1516 2080 1554 sit,
2109 1523 2145 1548 ut
2173 1527 2250 1559 pro-

1264 1565 1380 1600 pterea
1409 1557 1570 1590 solvenda
1599 1559 1641 1590 sit
1669 1558 1842 1600 disciplina
1865 1558 2025 1590 militaris.
2051 1559 2135 1592 Huic
2157 1559 2250 1592 iusti-

1265 1603 1330 1634 tiae
1353 1607 1554 1643 temperatae
1577 1604 1736 1647 ἐπιεικείᾳ,
1765 1609 1909 1644 cognata
1939 1609 1990 1634 est
2012 1603 2249 1635 misericordia.

1265 1646 1332 1677 Sed
1366 1651 1473 1676 tamen
1499 1644 1605 1676 'latius
1639 1651 1734 1686 paret
1765 1645 2013 1682 misericordia3
2048 1646 2124 1687 quia
2157 1645 2250 1677 addit

1265 1689 1362 1720 etiam
1385 1689 1490 1724 πάθος
1514 1689 1822 1720 commiserationis.
1853 1688 2013 1719 Ἐπιείκεια
2036 1694 2148 1729 potest
2171 1697 2250 1720 esse

1266 1732 1365 1763 etiam
1388 1732 1459 1762 sine
1484 1732 1781 1762 commiseratione.
1807 1732 1901 1762 Sicut
1922 1732 2021 1772 igitur
2044 1741 2109 1763 non
2122 1737 2250 1773 pugnat

1265 1777 1408 1805 ἐπιείκεια
1437 1785 1510 1805 cum
1541 1775 1679 1811 iustitia,
1713 1775 1760 1805 ita
1791 1784 1852 1805 nec
1880 1774 2108 1805 misericordia
2130 1774 2250 1806 evertit

1264 1818 1438 1853 iustitiam3
1472 1818 1536 1848 imo
1572 1827 1608 1848 re
1637 1817 1709 1857 ipsa
1740 1824 1818 1848 sunt
1841 1828 1905 1849 una
1935 1826 1964 1847 et
1990 1818 2105 1848 eadem
2129 1817 2247 1855 virtus,

1270 1866 1327 1892 aut
1350 1866 1440 1891 certe
1464 1860 1672 1891 coniunctae.

1355 1902 1540 1934 Discrimen
1563 1909 1613 1934 est
1637 1903 1726 1934 circa
1746 1903 1888 1940 obiecta,
1913 1902 2094 1933 seeundum
2117 1901 2194 1944 plus
2217 1908 2250 1934 et

1266 1947 1384 1977 minus.
1430 1946 1504 1977 Una
1523 1952 1555 1977 et
1578 1946 1693 1977 eadem
1716 1946 1838 1977 iustitia
1861 1944 2039 1986 aliquando
2063 1945 2132 1987 agit
2154 1955 2250 1977 seve-

1267 1991 1348 2027 rius,
1371 1988 1548 2031 aliquando
1562 1989 1683 2026 mitius,
1707 1995 1842 2030 propter
1853 1988 2014 2019 rationem
2026 1987 2249 2028 probabilem:

1376 2031 1572 2070 liberalitas,
1595 2029 1676 2062 alias·
1702 2038 1752 2062 est
1776 2030 1917 2073 largior,
1941 2031 2023 2062 alias
2048 2032 2250 2063 contractior

1237 2082 1242 2091 ·
1266 2077 1298 2107 in
1322 2076 1450 2113 dando3
1473 2080 1505 2106 et
1527 2075 1745 2106 mansuetudo
1764 2084 1999 2116 nonnunquam
2017 2081 2069 2105 est
2087 2075 2248 2116 asperior,

1267 2129 1503 2160 nonnunquam
1543 2119 1660 2148 mitior.
1707 2117 1815 2149 Homo
1843 2123 2031 2158 temperans
2070 2116 2247 2159 aliquando

1267 2161 1355 2204 plus,
1378 2161 1556 2203 aliquando
1577 2162 1683 2192 minus
1709 2161 1861 2192 comedit.

1238 2352 1243 2416 j
1270 2353 1387 2404 Quae
1419 2360 1512 2394 sunt
1550 2352 1671 2407 igitur
1709 2353 1894 2407 opposita
1926 2351 2248 2392 misericordiae?

1356 2444 1480 2476 Eadem
1521 2450 1595 2475 sunt
1635 2450 1782 2475 extrema
1821 2443 2066 2475 misericordiae
2110 2444 2247 2481 viciosa,

359 2489 576 2530 Magistratus
601 2489 775 2532 negligens
799 2489 831 2520 in
855 2500 916 2520 suo
940 2488 1064 2527 officio,
1094 2495 1127 2520 et
1150 2500 1216 2520 non
1239 2488 1243 2514 f
1269 2498 1353 2531 quae
1376 2489 1472 2519 etiam
1495 2487 1636 2518 institiae
1659 2497 1818 2525 severae,
1853 2492 1885 2518 et
1914 2489 2072 2522 ἐπιεικείας
2101 2492 2248 2517 extrema

237 2533 375 2572 puniens
400 2532 584 2573 petulanter
614 2539 645 2564 et
668 2531 831 2564 scelerate
860 2531 1040 2569 facientes,
1070 2543 1135 2564 non
1166 2539 1216 2564 est
1239 2518 1243 2567 i
1269 2537 1357 2569 sunt,
1380 2529 1533 2562 videlicet
1557 2528 1747 2567 crudelitas,
1771 2536 1802 2561 et
1825 2529 2041 2571 indulgentia.

236 2575 438 2613 misericors,
464 2588 524 2607 nec
549 2582 655 2616 potest
680 2586 717 2607 se
741 2585 902 2607 excusare
926 2581 1098 2617 praetextu
1122 2576 1217 2607 mise·
1240 2579 1244 2609 Ξ

1242 2616 1406 2660 *sperare
1438 2625 1564 2658 poenas
1598 2626 1700 2657 supra
1735 2617 1867 2647 modum
1901 2614 2020 2646 delicti.

236 2617 409 2655 rie-›1·diae‚
435 2630 518 2660 quac
543 2619 641 2651 babet
663 2619 726 2651 hos
750 2620 887 2661 gradus.

1357 2572 1546 2606 Crudelitas
1568 2579 1620 2603 est
1642 2574 1758 2614 punire
1782 2583 1848 2604 non
1871 2572 2151 2646 puniendos‚Eaut
2173 2581 2248 2602 exa-

2099 2619 2131 2645 st
2163 2614 2248 2646 enim
