2343 2970
218 139 284 171 259

217 233 340 266 factum
362 245 383 265 a
411 233 530 272 κακίζω,
562 243 759 275 corrumpo,
795 239 828 265 ct
850 236 957 272 πῆλος,
982 233 1070 274 quod
1089 233 1200 264 vinum

217 278 250 309 in
269 277 381 309 Ionica
402 276 493 319 ligua
510 277 688 319 significat,
712 278 815 308 veteri
840 287 943 308 more.
969 275 1042 318 Ego
1057 286 1077 307 a
1098 275 1201 314 πηλὸς,

216 321 249 352 id
274 327 337 395 estl,
360 319 474 359 lutum,
496 327 576 362 puto
600 321 754 359 derivari,
777 320 871 361 quasi
895 320 1000 356 dicaS,
1023 318 1137 350 facere
1160 330 1201 351 ex

216 365 294 396 vino
332 370 433 396 utum.

366 531 437 570 De
476 529 728 570 vocabulo
776 528 1056 582 amphorae.

302 621 461 653 Horatius
486 621 602 662 inquit:
641 620 806 660 Amphora
828 620 933 660 coepit
951 619 1097 658 Instiluz‘,
1128 629 1201 651 cur-

215 669 306 697 rente
339 668 416 695 rota
450 674 508 695 rur
542 674 658 695 urceus
691 664 777 693 erit?
833 662 973 694 Romani
1007 663 1201 704 amphoram

216 712 401 750 posuerunt
429 707 593 748 lapideam
629 708 659 737 in
696 705 878 747 Capitolio,
912 712 949 737 ut
984 712 1076 737 esset
1111 712 1202 737 certa

216 761 384 783 mensura.
441 751 514 792 Ego
550 751 615 781 vidi
650 751 681 780 in
715 750 911 790 quibusdam
946 750 1084 781 urbibus
1120 749 1202 780 Ger-

215 795 344 826 maniae
368 795 400 825 in
423 794 531 824 medio
555 793 629 824 soro
653 792 805 833 lapideos
828 793 1023 831 medimnoS,
1051 798 1086 824 ut
1109 798 1202 824 esset

215 848 372 869 mensura
397 842 504 867 certa:
536 837 579 867 dn
603 846 675 867 man
702 836 755 867 (It’e
779 835 912 875 sclzesl'el
939 836 1022 866 7111ch
1045 836 1199 873 machele,

215 886 248 911 et
270 891 312 912 ne
341 886 483 921 possent
517 879 588 910 fieri
622 878 770 911 fraudes.
825 879 900 910 Fuit
923 878 1081 920 amphora
1105 884 1203 910 tetra-

217 934 327 965 gonos
358 924 487 955 cubica.
543 922 691 958 Urceus,
724 924 768 953 ist
801 925 852 953 em
885 922 1033 963 lsrz'iyleiu
1064 932 1202 963 yewesen

215 967 299 998 nach
334 967 393 997 der
423 965 527 1005 form,
562 966 616 997 alle
648 975 722 996 man
752 966 822 996 hier
854 965 921 996 hat.
986 967 1048 997 Ez‘n
1081 975 1203 997 urceus

214 1011 258 1041 ist
293 1010 387 1051 qnasi
417 1009 583 1049 σιίμαχος,
618 1020 638 1040 a
661 1004 775 1048 σιὸμα,
809 1014 841 1040 et
865 1008 964 1048 ἄγγω,
988 1009 1044 1040 ubi
1079 1008 1202 1041 fundus

215 1059 267 1085 est
289 1052 430 1095 amplus,
454 1058 486 1083 et
509 1051 630 1084 collum
652 1058 842 1094 angustum,

435 1219 643 1259 Abusus
682 1218 992 1258 divitiarum.

302 1310 459 1342 Christus
493 1311 640 1342 nominat
675 1310 806 1341 divitias
840 1311 998 1347 iniustas,
1032 1318 1100 1339 non
1125 1318 1202 1339 con-

215 1359 266 1386 tra
302 1355 541 1385 conscientiam
573 1359 704 1395 partas,
739 1354 924 1393 sed‘ideo,
959 1353 1036 1394 quia
1075 1352 1203 1383 univer-

215 1396 330 1429 saliter
353 1398 386 1428 in
411 1398 531 1429 divitiis
555 1397 676 1439 aliquis
699 1397 825 1427 abusus
849 1402 920 1434 est,
950 1397 1035 1426 sicut
1070 1395 1101 1426 in
1126 1394 1201 1426 aliis

214 1442 328 1472 rebus.
383 1440 457 1471 [find
479 1442 522 1471 ist
544 1441 605 1471 «ιι-οἰ
628 1451 664 1471 :u
686 1440 855 1472 men-chen.-
879 1438 1003 1470 Christi
1027 1448 1201 1470 sermones

215 1490 292 1515 sunt
314 1482 481 1524 profundi,
504 1484 670 1514 intuentes
704 1483 855 1514 miserias
890 1482 1022 1524 generis
1057 1482 1199 1513 humani.

214 1526 282 1558 Ista
304 1532 421 1558 nostra
449 1528 572 1558 misera
613 1531 730 1557 natura
759 1526 905 1557 abutitur
940 1526 1036 1556 donis
1071 1525 1200 1556 divinis.

214 1569 321 1601 Etiam
345 1570 423 1601 boni
446 1571 644 1605 abutuntur3
667 1570 727 1600 sed
746 1568 842 1600 aliter
866 1579 963 1610 quam
983 1568 1081 1608 impii.
1127 1567 1201 1607 Gnt,

214 1613 319 1644 macht
354 1613 463 1644 wiz'ntlz:
505 1613 601 1643 Mum
634 1613 739 1644 maclzt
773 1612 946 1643 vbermutlz.
1016 1610 1201 1642 Menander

214 1657 336 1697 inquit:
360 1656 476 1687 Plutus
499 1660 546 1687 est
569 1666 692 1694 coecus,
711 1655 798 1695 facit
821 1657 918 1687 etiam
936 1659 1053 1686 mentes
1076 1664 1200 1685 coecas.

216 1698 437 1730 Considerate
461 1699 595 1739 ἀταξίαν,
621 1709 706 1740 quae
739 1704 791 1730 est
825 1699 858 1729 in
892 1704 1054 1739 apparatu
1089 1698 1201 1728 convi-

214 1743 354 1774 viorum.
422 1741 560 1773 Plautus
596 1743 691 1773 dicit:
735 1742 813 1773 Cum
852 1741 1043 1781 PhIlosopIu’
1073 1742 1202 1771 veniunt

216 1789 249 1817 in
280 1786 442 1823 com-iria,
477 1786 612 1826 culpant
647 1786 749 1823 alios,
789 1789 820 1816 et
851 1789 956 1815 tamen
985 1785 1051 1824 ipsi
1079 1794 1202 1825 quoque

214 1829 310 1860 edunt
334 1830 436 1859 simul.
494 1828 689 1860 Communia
719 1827 806 1859 mala
840 1834 871 1859 et
908 1828 1115 1858 consuetudo
1145 1829 1201 1858 im-

214 1870 341 1913 pellunt
363 1871 527 1910 homines,
551 1878 584 1902 et.
606 1872 776 1903 excutiunt
800 1882 820 1902 a
843 1876 934 1902 recta
952 1871 1092 1907 ratione,
1116 1871 1202 1901 sicut

215 1913 346 1955 scopuli
370 1921 403 1945 ct
426 1916 514 1945 venti
545 1925 660 1946 naves.
711 1915 821 1952 Srlzet,
856 1924 944 1945 wevm
966 1924 1039 1945 man
1062 1913 1202 1944 hoeltzei't

215 1957 343 1995 mactet,
379 1956 485 1998 qualis
510 1963 560 1988 est
583 1959 701 1996 εἶταξία,
736 1958 769 1988 id
793 1964 862 1996 est,
898 1957 1006 1999 qualis
1030 1956 1202 1998 profusio?

215 2001 281 2032 Per
315 1999 469 2032 mulieres
503 2000 664 2042 pleraque
695 2001 979 2037 administrantur,
1015 2010 1101 2041 quac
1135 2010 1201 2030 non

214 2044 383 2086 patiuntur
418 2043 536 2075 limites
571 2043 625 2075 vel
658 2043 764 2086 leges.
820 2043 881 2076 Est
913 2054 1035 2086 magna
1069 2043 1202 2075 miseria

216 2088 349 2129 generis
373 2086 517 2118 humani.

215 2252 286 2293 De
319 2253 638 2308 possessione
671 2253 915 2293 bonorum
946 2268 1032 2308 per
1061 2267 1201 2308 prae-

539 2330 879 2384 scriptionem.

304 2429 457 2462 Christus
481 2440 547 2461 non
570 2428 641 2461 vult
663 2439 725 2460 nos
759 2428 898 2471 ailigere
932 2430 974 2460 ad
1003 2429 1092 2461 illam
1123 2431 1201 2462 sub-

217 2471 308 2504 tilem
341 2473 608 2514 inquisitionem,
644 2473 732 2503 unde
772 2483 826 2503 res
863 2473 944 2510 sint,
979 2474 1065 2504 sicut
1100 2484 1202 2515 saepe

217 2515 349 2556 aliquae
374 2517 505 2547 divitiae
525 2517 660 2548 veniunt
679 2516 941 2556 praescriptione
959 2517 998 2546 ad
1023 2516 1201 2549 haeredes:

219 2558 304 2590 Sunt
332 2560 422 2590 initio
447 2559 532 2591 male
567 2566 700 2601 partae,
734 2565 765 2590 et
800 2565 907 2590 tamen
939 2561 1202 2601 praescriptione

218 2600 256 2633 fit
283 2603 456 2643 possessio
486 2604 588 2644 iusta3
623 2604 700 2645 quia
734 2608 787 2634 est
815 2603 966 2634 ordinata
999 2601 1085 2645 lege.
1130 2603 1202 2634 Lex

856 138 970 170 PfflL.
994 138 1098 170 MEL.
1121 138 1310 170 SCRIPTA
1333 137 1596 171 EXEGETICA.

2171 143 2236 175 260

1255 239 1307 265 est
1340 234 1446 276 magis
1482 234 1615 266 domina
1650 243 1759 266 rerum
1794 240 2001 274 nostrarum,
2045 245 2144 277 quam
2173 246 2236 269 nos

1254 286 1379 309 sumus.

1294 443 1404 494 Quid
1436 449 1497 483 est
1527 442 1813 497 praescriptio?
1845 444 1943 498 quid
1975 443 2200 498 significat?

1340 553 1420 584 Eine
1436 552 1640 592 rera’lzermrq,
1671 557 1723 583 est
1748 553 1828 583 certi
1857 553 2016 593 temporis
2039 552 2236 594 praefinitio,

1254 597 1339 627 intra
1369 596 1457 637 quod
1491 601 1620 636 tempus
1653 596 1683 626 si
1717 605 1772 626 res
1807 605 1873 626 non
1908 596 2080 637 repetitur,
2119 602 2239 636 postea

1254 650 1321 671 non
1352 639 1448 669 datur
1481 640 1577 669 actio.
1633 638 1715 669 Tum
1750 639 1835 669 enim
1866 639 1944 669 dicit
1967 638 2056 669 Lex:
2091 638 2160 670 lsta
2182 649 2238 671 res

1254 688 1305 713 est
1327 682 1549 723 possessoris,
1606 681 1674 712 Sed
1709 682 1926 722 praescriptio
1961 687 2070 713 tamen
2100 682 2239 724 requirit

1254 726 1376 757 bonam
1412 725 1662 756 conscientiam.
1731 723 1804 765 Ego
1845 724 2024 766 aliquando
2063 723 2238 766 plurimum

1255 774 1396 800 vexatus
1422 779 1494 799 snm
1512 779 1532 799 a
1551 766 1653 799 milite
1673 774 1846 805 veterano,
1869 768 1924 809 qui
1947 767 2124 808 aliquoties
2147 769 2239 800 venit

1255 813 1297 844 ad
1320 822 1382 847 me,
1405 812 1549 849 (licebat,
1572 813 1661 852 quod
1679 809 1781 842 multa
1804 817 1895 842 esset
1918 811 2058 851 adeptus
2082 812 2114 842 in
2138 810 2240 850 bello,

1255 862 1287 886 et
1310 855 1492 896 quaerebat
1526 865 1567 885 ex
1600 865 1670 892 me,
1706 865 1783 885 num
1818 853 1873 884 illa
1907 859 2025 895 posset
2052 855 2139 885 iuste
2160 864 2240 896 pos-

1255 898 1377 929 sidere.
1433 897 1612 935 Dicebam,
1647 898 1772 928 lustum
1807 895 1929 928 bellum
1964 895 2146 928 transferre
2180 898 2239 929 do·

1254 942 1397 972 minium.
1445 940 1617 975 Quaesivit
1646 941 1687 972 (lc
1711 941 1780 971 suis
1812 939 1898 971 tiliis.
1954 940 2141 981 Respondi:
2173 939 2240 973 Ve-

1254 985 1347 1031 niunt
1387 982 1444 1015 filii
1488 985 1519 1014 in
1566 984 1871 1024 praescriptionem.
1933 982 2003 1014 Lex
2043 983 2241 1024 praescribit

1254 1033 1402 1068 tempuS‚
1447 1027 1533 1057 intra
1572 1027 1662 1067 quod
1705 1032 1756 1057 est
1796 1027 1902 1064 actio,
1941 1032 2059 1067 postea
2088 1036 2155 1057 non
2189 1031 2241 1057 est

1255 1071 1352 1101 actio.
1404 1069 1534 1100 Graece
1571 1075 1710 1100 vocatur
1744 1073 1937 1110 προθεσμία,
1982 1070 2013 1099 id
2047 1075 2116 1106 est,
2152 1069 2239 1100 ordi-

1255 1119 1367 1144 natum
1424 1118 1554 1153 tempus
1605 1113 1648 1143 ad
1703 1112 1938 1144 redimendum.
2016 1111 2239 1153 praescriptio

1254 1157 1340 1187 iuste
1362 1156 1511 1187 attribuit
1544 1165 1615 1186 res:
1652 1161 1686 1186 et
1708 1161 1818 1195 potest
1853 1160 1962 1186 tamen
1994 1154 2078 1193 fieri,
2112 1161 2147 1186 ut
2171 1155 2239 1186 sint

1254 1198 1366 1240 aliqua
1400 1204 1539 1239 peccata
1572 1199 1670 1229 nobis
1700 1209 1768 1229 non
1802 1203 1891 1229 nota.
1960 1198 2012 1228 Fit
2049 1207 2171 1238 saepe,
2203 1202 2240 1228 ut

1254 1241 1373 1283 aliquis
1408 1242 1529 1273 habeat
1562 1252 1683 1283 equum
1718 1241 1806 1272 furto
1842 1246 2047 1282 surreptum,
2089 1246 2122 1272 et
2150 1245 2240 1272 tenet

1253 1285 1365 1325 aliquo
1391 1292 1553 1326 tempore:
1577 1295 1674 1315 nemo
1698 1286 1828 1325 repetit,
1850 1295 1958 1325 neque
1981 1283 2038 1315 ille
2064 1285 2127 1315 scit
2149 1283 2239 1315 furto

1254 1329 1433 1359 abductum
1468 1338 1556 1359 esse.
1624 1327 1753 1358 Deinde
1783 1334 1876 1360 certo
1912 1334 2060 1367 tempore
2092 1332 2241 1368 praeter-

1253 1371 1360 1412 lapso‚
1385 1381 1452 1402 non
1477 1372 1573 1402 datur
1595 1371 1699 1410 acti03
1735 1371 1780 1401 So
1809 1372 1852 1401 ist
1876 1371 1939 1401 das
1956 1369 2069 1411 pferdt
2086 1371 2172 1408 sein,
2205 1374 2241 1401 et

1254 1416 1435 1446 retinentur
1458 1424 1513 1445 res
1536 1424 1596 1454 per
1624 1414 1920 1454 praescriptionem
1950 1415 2039 1444 bona
2068 1413 2240 1444 conscien-

1255 1459 1306 1489 tia.
1365 1458 1435 1489 Sed
1468 1456 1522 1488 hic
1546 1457 1709 1488 Dominus
1743 1456 1832 1488 aliud
1867 1457 1961 1488 dicit:
1996 1466 2062 1487 non
2096 1464 2162 1487 tam
2197 1456 2240 1487 de

1253 1502 1471 1542 possessione
1506 1501 1669 1541 disputat,
1709 1510 1807 1541 quam
1849 1500 1890 1530 de
1930 1509 1994 1531 usu
2032 1498 2238 1531 facultatum.

1254 1545 1400 1576 lntuetur
1440 1544 1604 1574 miseriam
1646 1544 1779 1583 generis
1818 1542 1971 1581 humani,
2020 1543 2051 1573 in
2087 1553 2152 1584 quo
2186 1547 2240 1574 est

1254 1598 1396 1629 magnus
1425 1588 1552 1617 abusus
1588 1587 1789 1622 divitiarum,
1825 1596 1921 1626 quem
1955 1586 2142 1625 exprimere
2171 1595 2239 1616 non

1253 1641 1402 1672 possum.
1438 1630 1531 1660 Selwt
1557 1630 1608 1660 die
1627 1629 1808 1670 Gauclseley
1825 1630 1881 1659 mit
1899 1629 1960 1659 (len
1979 1629 2142 1658 klelclern:
2171 1627 2239 1659 {We

1253 1674 1388 1715 mzflclig
1410 1674 1476 1703 und
1500 1672 1659 1703 Nerm'sclz
1687 1677 1761 1710 ists,
1791 1673 1871 1702 dass
1895 1673 1984 1703 einer
2002 1674 2049 1702 30
2074 1670 2180 1701 Under
2200 1680 2239 1701 :u

1254 1719 1352 1748 cirtem
1375 1726 1440 1757 par
1458 1716 1555 1746 hosen
1579 1715 1719 1755 bedarff.
1766 1715 1810 1746 Es
1833 1716 1874 1745 ist
1898 1716 1949 1745 ein
1971 1714 2175 1745 vnellzwillen:
2205 1718 2239 1744 et

1256 1767 1364 1791 tamen
1389 1764 1439 1789 est
1465 1759 1648 1790 communis
1672 1759 1810 1789 abusus.
1862 1758 1928 1789 Dte
1955 1757 2083 1789 ree-loen
2118 1756 2238 1788 Homer

1254 1814 1292 1834 :n
1316 1803 1466 1833 Zm'clsaa
1491 1802 1675 1833 habuerunt
1705 1811 1846 1843 magnos
1874 1806 2056 1842 proventus
2080 1810 2122 1831 ex
2145 1800 2239 1830 venis

1255 1845 1441 1877 metallicis-
1494 1845 1562 1876 Ista
1596 1845 1656 1877 suit
1690 1845 1776 1875 iusta
1810 1845 1996 1886 possessio,
2029 1849 2149 1884 postea
2182 1841 2241 1873 filii

1255 1888 1491 1921 calceaverunt
1514 1899 1619 1930 equos
1643 1893 1799 1929 argento,
1829 1893 1861 1917 et
1884 1886 2081 1917 balnearum
2103 1886 2136 1916 in
2159 1884 2240 1916 mal-

1255 1933 1378 1970 vatico,
1410 1933 1473 1963 das
1495 1933 1569 1963 siml
1600 1931 1700 1973 yrobe
1733 1929 1962 1971 profusiones,
1997 1929 2064 1960 und
2088 1939 2122 1959 es
2144 1931 2241 1959 werec

1254 1975 1341 2007 nicht
1365 1977 1450 2016 lrmy.
1487 1975 1642 2016 Plerique
1665 1975 1833 2015 principes
1857 1979 1889 2004 et
1912 1983 2012 2014 reges
2035 1972 2110 2003 sind
2132 1972 2247 2002 lauter.

1256 2021 1372 2056 better,
1414 2024 1549 2059 propter
1578 2016 1803 2058 profusiones.
1870 2015 2017 2059 Magnae
2056 2024 2138 2056 opes
2172 2024 2240 2045 non

1255 2068 1333 2094 sunt
1373 2062 1445 2092 sinc
1490 2061 1714 2092 mediocribus
1759 2060 1895 2091 iniuriis.
1967 2059 2045 2090 Ideo
2085 2057 2238 2089 Christus

1255 2106 1400 2137 nominat
1422 2104 1559 2136 iniustas
1583 2104 1726 2135 divitias.

1254 2289 1422 2329 Pretii
1454 2302 1617 2327 rerum
1650 2285 1927 2335 collatio,
1960 2283 2111 2339 apud
2151 2297 2238 2324 ve-

1225 2344 1540 2416 lte1·es,et
1576 2364 1806 2404 nostris
1851 2361 2237 2416 temporibus.

1342 2473 1526 2505 Medimnus
1550 2473 1703 2511 Atticus,
1725 2474 1768 2501 ist
1790 2482 1825 2500 so
1848 2471 1911 2500 viel
1931 2470 1979 2499 als
2001 2472 2050 2500 ein
2074 2469 2239 2509 Leipziyer

1255 2517 1390 2557 scheffel:
1426 2523 1552 2548 tantum
1581 2523 1652 2553 est,
1692 2522 1848 2557 qnantum
1877 2513 1972 2555 lipha
2006 2515 2037 2544 in
2073 2512 2238 2544 mensuris

1256 2561 1441 2593 Hebraicis.
1488 2560 1584 2600 Apud
1614 2559 1875 2590 Demosthenem
1905 2563 2030 2594 exstat,
2060 2555 2166 2587 fuisse
2194 2553 2239 2586 le-

1256 2605 1354 2647 gibus
1389 2609 1537 2642 cautum,
1572 2609 1606 2634 ut
1640 2602 1868 2634 communibus
1902 2600 2017 2638 annis,
2052 2600 2085 2630 in
2117 2598 2238 2630 Atticis
