2374 2985
130 206 173 238 25

214 299 270 331 Sic
297 299 396 341 igitur
423 297 592 329 Pharisaei
620 296 805 328 habuerunt
834 295 955 327 multas
984 297 1098 327 obser-

129 343 296 380 vationes,
319 342 361 373 ad
385 352 467 383 quas
491 346 611 382 postea
633 345 849 372 accesserunt
872 348 1018 376 errores,
1040 349 1098 379 pu-

129 391 240 417 tarunt
269 395 307 416 se
334 386 439 416 iustos
472 394 548 414 esse
575 384 646 414 istis
674 382 962 414 observationibus
987 391 1098 413 coram

128 428 220 466 Deo,
254 428 339 458 sicut
372 433 403 459 et
437 426 589 458 monachi
623 425 773 457 fecerunt
805 425 937 463 merita,
967 429 999 455 et
1020 430 1099 455 vota

129 472 279 503 dixerunt
306 471 398 510 paria
427 480 501 500 esse
531 470 702 510 baptismo.
758 467 915 499 Homines
940 477 1005 498 non
1028 477 1098 498 ser-

129 520 208 546 vant
231 514 506 549 mediocritatem,
530 518 586 543 aut
609 510 774 543 declinant
797 511 839 541 ad
862 511 1021 548 dextram,
1043 515 1100 541 aut

128 557 171 588 ad
195 556 378 594 sinistram,
402 556 443 587 ad
467 553 632 586 defectum
654 552 707 585 vel
730 563 916 585 excessum.

215 606 298 639 Cum
322 606 491 638 Pharisaei
516 612 691 637 onerarent
714 604 900 636 Ecclesiam
923 602 1033 635 multis
1057 604 1098 634 ri-

129 651 235 686 tibus3
264 650 359 681 simul
384 650 479 680 etiam
502 650 660 680 haberent
682 648 920 689 disputationes
944 645 1097 678 difficiles

129 694 171 724 de
194 703 296 733 regno
322 692 459 723 Christi:
484 691 654 728 Saducaei,
677 700 762 731 quae
785 696 854 721 erat
873 688 976 721 altera
994 694 1098 727 secta,

129 734 258 776 delapsi
286 736 319 766 in
348 736 563 772 contrarium,
591 733 794 764 sustulerunt
825 733 1016 763 traditiones
1040 732 1098 763 hu-

131 788 264 814 manas;
291 788 397 818 neque
420 787 459 808 eo
482 777 613 808 fuerunt
634 777 794 812 contenti;
823 776 883 807 sed
907 776 1002 806 etiam
1026 785 1099 806 sns-

131 819 276 851 tulerunt
314 819 510 861 prophetas:
547 818 679 854 Quare?
708 819 784 860 quia
824 818 872 849 illi
906 818 1098 859 expressius

131 864 326 894 mentionem
349 861 472 894 faciunt
494 863 535 893 dc
558 861 669 893 futura
693 863 769 892 vita.
819 861 940 892 Mosen
963 868 1098 901 recepe-

131 911 206 936 runt
243 915 302 945 pro
336 903 456 939 forma,
495 910 531 935 ut
568 903 690 946 aliquid
729 902 847 935 saltem
881 909 1096 941 ostentarent,

130 949 278 989 quamvis
312 948 419 988 ipsum
448 948 545 978 etiam
579 957 645 977 non
674 948 755 977 satis
783 952 874 978 recte
904 947 1096 987 interpreta-

130 990 258 1022 bantur.
308 990 374 1020 Sed
404 989 588 1031 Prophetas
618 990 807 1021 abiecerunt
834 1000 987 1030 prorsus:
1021 989 1096 1020 Non

130 1033 320 1064 sentiebant
343 1032 485 1064 suturam
509 1042 585 1063 esse
608 1033 905 1069 resurrectionem,
929 1038 985 1063 aut
1008 1031 1094 1063 sutu-

128 1084 199 1106 ram
233 1076 332 1106 vitam
367 1074 462 1106 aliam
498 1081 573 1116 post
607 1074 692 1106 hanc
715 1075 825 1106 vitain.
881 1075 1095 1116 Arrogabant

128 1117 192 1148 sibi
216 1117 483 1150 honestissimum
508 1128 638 1149 nomen.
694 1118 876 1155 Saducaei,
899 1118 931 1148 id
956 1123 1025 1154 est,
1048 1118 1096 1148 iu-

128 1160 266 1191 stitiarii.
318 1160 375 1192 Sic
404 1162 581 1192 abutuntur
605 1171 691 1192 nunc
715 1161 940 1192 sacratissimo
964 1161 1095 1191 nomino

128 1201 315 1240 Ecclesiae,
338 1203 508 1243 pontifices
535 1204 648 1233 nostri.

214 1245 415 1276 Essaeorum
445 1246 542 1286 pauci
570 1245 712 1276 fuerunt.
768 1245 896 1276 Nomen
929 1244 1094 1286 significat

128 1294 340 1328 operatores,
361 1289 403 1319 ab
427 1299 500 1327 asa,
523 1289 556 1318 id
579 1295 649 1325 est,
672 1294 828 1328 operatus
852 1293 912 1318 est.
958 1286 1093 1318 Illorum

127 1331 195 1361 vita
217 1329 276 1362 fuit
299 1331 496 1368 modestior,
520 1329 579 1361 fuit
601 1329 787 1362 sodalitium
811 1331 853 1360 ad
877 1331 993 1361 hortos
1014 1329 1093 1361 Bal-

127 1373 221 1403 sami.
266 1372 368 1403 Erant
390 1374 517 1411 medici,
541 1379 572 1404 et
596 1371 759 1404 faciebant
782 1372 892 1404 officia
913 1372 1094 1410 charitatis,

125 1413 323 1446 laborabant
356 1417 387 1446 in
422 1426 614 1453 commune,
647 1416 803 1446 iuvabant
830 1421 1005 1457 aegrotos,
1039 1415 1094 1446 da-

126 1458 205 1488 bant
228 1457 458 1500 eleemosynas
482 1459 690 1499 pauperibus.
748 1458 903 1490 Christus
938 1469 1012 1490 cum
1046 1459 1093 1490 cis

125 1509 192 1530 non
215 1501 339 1531 rixatur
361 1501 507 1540 uspiam,
535 1502 594 1532 sed
623 1511 697 1533 cum
719 1499 854 1542 reliquis
878 1500 1015 1533 multum
1038 1511 1094 1533 ne-

126 1543 206 1584 gotii
228 1542 357 1575 habuit:
381 1543 580 1575 Pharisaeos
603 1544 723 1576 refutat
747 1544 845 1576 valde
867 1553 980 1586 saepe.

304 1707 383 1757 Qui
415 1715 529 1749 erant
558 1710 701 1749 horum
734 1709 911 1751 errores?

213 1805 374 1837 Dixerunt
396 1806 543 1837 homines
567 1817 668 1847 posse
691 1806 825 1847 implere
848 1807 974 1849 legem,
997 1814 1030 1840 et
1053 1819 1092 1840 ea

126 1846 315 1888 impletione
344 1858 420 1879 esse
448 1850 571 1887 iustOS,
607 1855 638 1879 ct
664 1848 880 1890 impletionem
905 1849 993 1880 illam
1017 1860 1092 1883 esse

125 1896 293 1921 externam
327 1890 541 1932 disciplinam.
605 1891 690 1926 Quid
728 1898 834 1923 autem
870 1899 921 1923 est
958 1899 1092 1925 externa

125 1932 315 1974 disciplina,
349 1935 412 1964 nisi
446 1935 549 1964 rectio
585 1933 820 1972 locomotivae,
860 1935 949 1966 iuxta
983 1936 1091 1967 omnia

124 1981 303 2016 praecepta
333 1975 418 2008 Dei?
469 1975 513 2006 Ut
541 1977 568 2007 si
598 1977 670 2017 quis
700 1982 845 2017 praestet
874 1979 1091 2009 reverentiam

125 2023 290 2049 externam
313 2018 402 2055 Deo,
425 2020 635 2060 parentibus,
666 2020 930 2061 magistratibus,
955 2021 997 2050 sit
1020 2020 1090 2051 offi-

124 2060 235 2091 ciosus
259 2070 339 2102 erga
360 2060 455 2099 alios,
480 2072 545 2092 non
568 2062 610 2092 sit
633 2061 807 2099 homicida,
830 2073 895 2093 non
919 2063 1090 2101 moechus,

124 2111 190 2132 non
212 2102 281 2140 fur,
305 2114 369 2134 non
393 2103 589 2135 temulentus
613 2104 722 2136 homo.
767 2105 861 2136 Hanc
885 2105 1089 2147 disciplinam

122 2145 288 2176 nominant
302 2145 566 2187 philosophicam
580 2148 743 2186 iustitiam=
761 2147 991 2186 universalem,
1005 2159 1089 2189 quae

122 2192 172 2217 est
195 2197 306 2218 coram
330 2188 514 2221 hominibus
537 2189 788 2230 pulcherrimum
819 2192 931 2222 decus.
983 2192 1088 2226 Quam

121 2228 260 2270 pulcher
293 2232 342 2261 vir
374 2230 434 2262 fuit
468 2232 578 2272 Scipio
613 2233 644 2263 in
679 2234 766 2264 omni
799 2234 945 2265 actione!
997 2235 1087 2272 ltem,

120 2270 309 2303 Alexander
326 2273 466 2305 Macedo
485 2282 559 2306 ante
578 2275 796 2307 temulentiam
816 2283 850 2308 et
867 2276 1085 2309 homicidium.

119 2313 314 2347 Econtrario
348 2316 482 2348 violatio
517 2324 653 2350 externa
693 2319 868 2351 cuiuslibet
908 2321 1086 2361 praecepti,

119 2356 213 2388 affert
242 2358 416 2391 infamiam.
473 2360 539 2391 Sed
567 2372 631 2392 non
658 2367 709 2392 est
738 2362 911 2403 disciplina
941 2363 1086 2404 impletio

119 2398 202 2440 legis
225 2402 364 2442 integra,
381 2412 443 2434 nec
466 2409 517 2434 cst
538 2405 661 2438 iustitia
680 2415 789 2435 coram
803 2405 888 2438 Deo.
923 2405 999 2437 Ideo
1012 2416 1087 2448 pas-

118 2442 178 2472 sim
201 2442 320 2475 refutat
350 2445 437 2476 hunc
466 2456 612 2479 errorem
639 2447 891 2480 Pharisaeorum
916 2448 1085 2481 Christus:

117 2490 152 2515 ut
168 2485 201 2516 in
219 2485 283 2517 hoc
301 2492 407 2518 textu:
431 2488 504 2518 Nisi
514 2491 582 2528 quis
597 2494 720 2520 renatus
733 2492 838 2529 fucrit.
872 2492 913 2523 Et
926 2492 1041 2524 Matth.
1054 2492 1084 2522 5.

116 2525 189 2557 Nisi
212 2528 413 2559 abundaverit
435 2532 554 2561 iustitia
576 2537 679 2562 vestra
696 2534 771 2572 plus
793 2545 881 2574 quam
899 2535 1085 2565 Pharisaeo-

116 2579 179 2598 rum
202 2575 233 2600 et
253 2571 440 2604 Scribarum.
484 2573 609 2606 Eodem
637 2577 670 2607 in
698 2576 773 2608 loco
797 2579 1031 2619 interpretatur
1053 2583 1085 2610 et

117 2611 259 2653 explicat
277 2616 472 2648 sententiam
494 2615 586 2658 legis.

801 202 1018 235 POSTILLA
1040 200 1434 234 MELANTHONIANA.

1144 1816 1164 1846 p

1109 2228 1116 2670 t

1237 340 1314 380 Dic
1345 340 1466 380 alium
1498 353 1672 380 errorem
1704 340 2036 382 Pharisaeorum?

1236 438 1289 470 De
1312 439 1436 471 Messia
1459 439 1650 481 cogitabant
1671 437 1744 470 fore
1765 440 1963 471 mundanum
1986 440 2123 482 Impera-

1151 487 1270 513 torem:
1295 487 1326 513 et
1349 480 1436 514 mille
1459 490 1565 513 annos
1588 488 1814 523 regnaturum,
1837 488 1870 514 et
1893 484 2043 515 daturum
2067 484 2124 515 im·

1151 525 1276 565 perium
1309 524 1450 556 Indaeis.
1496 524 1559 555 Ubi
1590 523 1654 556 hoc
1679 524 2002 557 Christusrrefutat‘?
2036 525 2124 558 citat

1151 577 1192 599 ex
1214 566 1303 598 Psal.
1327 568 1395 598 110.
1432 568 1529 596 Dizic
1558 567 1710 596 Dominus
1738 568 1872 597 Domino
1898 579 1977 602 meo,
2010 569 2082 598 sede
2106 580 2125 599 a

1151 610 1275 639 dextris
1296 612 1377 639 viteis.
1430 609 1511 641 Erat
1533 609 1564 640 in
1589 609 1776 641 Pharisaeis
1808 612 1951 642 caecitas
1975 611 2007 642 in
2030 610 2122 653 lege:

1151 659 1223 684 erat
1256 654 1352 684 etiam
1386 653 1532 684 caecitas
1569 653 1609 683 de
1639 652 1787 684 Christo:
1823 655 1863 685 de
1890 660 2006 685 neutra
2029 660 2123 695 parte

1151 695 1321 727 doctrinae
1339 697 1494 727 tenebant
1510 694 1773 727 fundamentum:
1793 697 1877 728 sicut
1891 697 1975 737 apud
1988 703 2124 729 nostros

1150 738 1335 771 Monachus
1369 749 1489 781 magna
1523 744 1582 783 est¹
1603 740 1747 770 caecitas
1780 740 1821 770 de
1844 739 1938 782 Lege
1962 747 1994 771 et
2015 740 2123 772 Evan-

1151 780 1248 823 gelio.

1236 823 1405 855 Pharisaei
1435 834 1515 866 ergo
1546 833 1613 855 non
1640 830 1734 855 erant
1765 830 1843 855 tunc
1865 823 2036 863 Ecclesia,
2060 826 2123 858 nisi

1149 867 1236 908 quod
1260 867 1344 898 inter
1366 868 1458 908 ipsos
1481 865 1581 908 aliqui
1603 868 1725 898 rectius
1749 873 1937 905 senserunt,
1961 875 1994 899 et
2016 868 2123 900 minus

1149 909 1334 941 habuerunt
1357 909 1527 951 caliginiS,
1557 910 1643 941 sicut
1667 910 1754 941 inter
1775 909 1973 942 Monachos.
2018 911 2122 942 Bern-

1147 951 1273 983 hardus
1296 958 1387 984 recte
1410 952 1555 993 loquitur
1582 953 1623 983 de
1645 953 1766 984 iustitia
1790 953 1884 990 fidei,
1918 951 1995 984 licet
2018 963 2121 994 supra

1147 993 1227 1025 illud
1257 993 1503 1026 fundamentum
1533 1001 1649 1036 postca
1677 996 1838 1026 exstruxit
1861 995 2012 1036 stipulas.
2059 996 2121 1028 Est

1147 1036 1269 1078 aliquid
1292 1048 1441 1070 errorum
1463 1039 1495 1068 in
1519 1039 1671 1070 ominbus
1689 1038 1886 1070 hominibus.
1923 1039 2027 1070 Nemo
2049 1038 2121 1081 glo-

1146 1080 1250 1111 rIetur
1278 1090 1315 1111 se
1345 1090 1421 1112 esse
1449 1081 1658 1118 omniscium,
1689 1081 1823 1112 exuisse
1852 1091 1966 1112 omncs
1989 1081 2120 1114 fatuita-

1146 1127 1208 1154 tes.
1254 1123 1341 1154 Inter
1363 1122 1563 1154 Pharisaeos
1592 1129 1770 1164 potuerunt
1801 1133 1877 1154 esse
1906 1123 2005 1165 aliqui
2031 1135 2120 1155 com—

1146 1166 1275 1196 modius
1298 1167 1495 1203 sentienteS,
1520 1167 1575 1207 qui
1598 1165 1755 1207 paulatim
1778 1166 1993 1198 trahebantur
2015 1173 2049 1199 et
2072 1167 2120 1199 in·

1145 1207 1384 1240 formabantur.

1220 1372 1417 1414 saducaei
1447 1373 1518 1413 ubi
1549 1372 1772 1414 refutantur
1803 1389 1826 1415 a
1861 1373 2045 1418 Christo?

1232 1462 1347 1494 Matth.
1366 1462 1418 1494 22.
1452 1462 1578 1493 Erratis
1605 1466 1773 1494 nescientes
1800 1466 2001 1504 scripturam3
2032 1466 2118 1497 Deus

1145 1515 1206 1535 non
1228 1510 1274 1535 est
1297 1506 1383 1535 Deus
1400 1510 1594 1536 mortuorum.
1631 1507 1811 1539 Confirmat
1829 1518 1906 1540 esse
1925 1510 2024 1540 vitam
2041 1516 2118 1551 post

1145 1548 1232 1580 hanc
1255 1550 1364 1580 vitam.
1408 1548 1468 1580 Est
1490 1549 1711 1581 firmissimum
1734 1556 1767 1582 et
1789 1550 2045 1592 pulcherrimum
2067 1563 2118 1584 ar-

1146 1598 1344 1633 gumentum.
1389 1591 1464 1623 Uno
1486 1591 1550 1624 hoc
1573 1591 1709 1624 fulmine
1730 1594 1847 1626 evertit
1871 1594 1989 1637 dogma
2012 1595 2117 1628 Sadu-

1147 1645 1300 1667 caeorum
1323 1640 1439 1666 totum.

1232 1678 1299 1708 lam
1328 1678 1361 1708 in
1390 1676 1447 1709 illa
1470 1678 1684 1718 distractione
1706 1679 1878 1711 doctorum
1902 1686 1994 1711 erant
2019 1681 2116 1712 etiam

1146 1721 1376 1751 distractiones
1409 1719 1535 1761 populi:
1569 1720 1629 1753 llla
1667 1732 1771 1762 parva
1810 1733 1893 1763 gens
1932 1722 2114 1755 israelitica

1146 1769 1215 1794 erat
1244 1764 1421 1800 distracta,
1451 1762 1506 1794 alii
1535 1762 1608 1794 aliis
1639 1765 1921 1801 assentiebantur,
1956 1766 2052 1796 sicuti
2075 1775 2116 1796 ex

1168 1807 1256 1836 arvis
1279 1806 1447 1836 erroribus
1466 1804 1621 1845 paulatim
1640 1806 1720 1837 fiunt
1738 1808 1864 1848 magni:
1888 1815 1930 1846 ut,
1958 1807 2116 1849 Virgilius

1144 1848 1221 1879 dicit.
1245 1848 1284 1877 (lc
1306 1847 1408 1878 fama:
1442 1847 1549 1876 Parva
1570 1852 1649 1878 metu
1670 1851 1786 1887 primo,
1816 1860 1887 1878 mom
1910 1861 1974 1879 sese
1998 1851 2116 1880 uitauit

1143 1892 1175 1919 in
1199 1900 1300 1918 ‹un-as.
1358 1890 1456 1920 Iidem
1490 1900 1609 1922 versus
1644 1897 1721 1922 sunt.
1754 1893 1842 1932 apud
1871 1892 2049 1925 Homerum
2073 1894 2114 1926 de

1144 1933 1308 1963 discordia
1331 1932 1361 1962 in
1387 1932 1559 1974 Odyssea,
1592 1934 1635 1965 ibi
1655 1934 1746 1965 dicit:
1775 1934 1955 1966 Discordia
1976 1937 2113 1976 primum

1143 1981 1216 2006 orta
1245 1985 1284 2005 ex
1314 1975 1427 2016 parvis
1456 1974 1627 2013 scintillis,
1663 1978 1697 2007 fit
1732 1988 1885 2019 magnum
1916 1979 2113 2016 incendium,

1142 2018 1230 2058 quod
1259 2016 1326 2048 late
1360 2023 1549 2059 grassatum
1584 2020 1671 2060 quod
1700 2021 1796 2051 ctiam
1826 2020 1988 2052 Pindarus
2018 2021 2110 2052 dicit:

1142 2060 1247 2089 Parra
1269 2061 1405 2090 scintilla
1435 2061 1583 2091 comburit
1614 2066 1710 2091 totam
1739 2063 1862 2103 sylvam.
1921 2063 1955 2093 ld
1985 2065 2111 2104 experi-

1141 2114 1212 2134 mur
1236 2103 1305 2134 sieri
1324 2104 1420 2135 etiam
1436 2105 1560 2135 nostris
1578 2106 1794 2145 temporibus:
1819 2106 2005 2137 discordiae
2022 2107 2112 2138 initia

1141 2144 1296 2186 paulatim
1321 2156 1493 2185 crescere,
1525 2148 1601 2188 quia
1623 2149 1654 2178 in
1678 2147 1742 2179 illis
1767 2149 2032 2180 contentionibus
2055 2159 2111 2181 ac-

1140 2189 1325 2220 cenduntur
1357 2190 1455 2221 animi
1489 2190 1589 2228 odiis,
1623 2201 1663 2221 ex
1692 2192 1810 2232 quibus
1839 2197 2020 2232 sequuntur
2043 2192 2109 2222 ani-

1139 2242 1264 2263 morum
1288 2232 1533 2270 distractioneS,
1557 2234 1762 2265 vastationes
1786 2240 1819 2265 et
1841 2233 1938 2265 bella.

1139 2395 1253 2446 Quae
1286 2396 1360 2438 fuit
1390 2412 1487 2452 ergo
1518 2398 1710 2449 Ecclesia,
1751 2412 1842 2439 cum
1874 2398 1948 2439 fuit
1979 2413 2108 2454 popu-

1413 2475 1472 2515 lus
1504 2475 1559 2516 ita
1591 2475 1829 2516 distractus?

1222 2563 1429 2606 Respondeo.
1454 2564 1597 2600 Simeon,
1611 2564 1804 2603 ZachariaS,
1822 2564 1977 2603 loaehim,
1998 2566 2107 2604 Anna,

1136 2605 1274 2648 Ioseph,
1305 2613 1337 2638 et
1366 2606 1457 2639 multi
1487 2607 1550 2639 alii.
1606 2609 1689 2639 Nam
1712 2608 1845 2639 Simeon
1868 2615 1900 2639 et
1925 2607 2104 2639 Zacharias

1136 2647 1266 2681 suerunt
1294 2650 1326 2681 in
1355 2648 1466 2682 officio
1491 2652 1647 2689 docendi,
1677 2650 1861 2682 habuerunt
1883 2650 2048 2688 scholam,
2074 2656 2104 2682 et
