<?xml version="1.0" encoding="UTF-8"?>
<!DOCTYPE html PUBLIC "-//W3C//DTD XHTML 1.0 Transitional//EN"
    "http://www.w3.org/TR/xhtml1/DTD/xhtml1-transitional.dtd">
<html xmlns="http://www.w3.org/1999/xhtml" xml:lang="en" lang="en">
 <head>
  <title>
</title>
<meta http-equiv="Content-Type" content="text/html;charset=utf-8" />
  <meta name='ocr-system' content='tesseract 3.04.00' />
  <meta name='ocr-capabilities' content='ocr_page ocr_carea ocr_par ocr_line ocrx_word'/>
</head>
<body>
  <div class='ocr_page' id='page_1' title='image "./operaquaesupersu25melauoft/operaquaesupersu25melauoft_0208.png"; bbox 0 0 2343 2970; ppageno 0'>
   <div class='ocr_carea' id='block_1_1' title="bbox 810 173 1571 207">
    <p class='ocr_par' dir='ltr' id='par_1_1' title="bbox 810 173 1571 207">
     <span class='ocr_line' id='line_1_1' title="bbox 810 173 1571 207; baseline -0.003 0"><span class='ocrx_word' id='word_1_1' title='bbox 810 176 922 207; x_wconf 85' lang='lat' dir='ltr'><strong>PHlL.</strong></span> <span class='ocrx_word' id='word_1_2' title='bbox 946 175 1050 207; x_wconf 84' lang='lat' dir='ltr'><strong>MEL.</strong></span> <span class='ocrx_word' id='word_1_3' title='bbox 1074 173 1281 207; x_wconf 79' lang='lat' dir='ltr'><strong>SCRIPTA</strong></span> <span class='ocrx_word' id='word_1_4' title='bbox 1304 173 1571 206; x_wconf 80' lang='lat' dir='ltr'><strong>EXEGETICA.</strong></span> 
     </span>
    </p>
   </div>
   <div class='ocr_carea' id='block_1_2' title="bbox 199 268 1179 605">
    <p class='ocr_par' dir='ltr' id='par_1_2' title="bbox 199 268 1179 605">
     <span class='ocr_line' id='line_1_2' title="bbox 202 268 1179 311; baseline -0.002 -9"><span class='ocrx_word' id='word_1_5' title='bbox 202 272 300 302; x_wconf 75' lang='lat' dir='ltr'><strong>electi.</strong></span> <span class='ocrx_word' id='word_1_6' title='bbox 346 271 508 303; x_wconf 87' lang='lat' dir='ltr'><strong>Traianus</strong></span> <span class='ocrx_word' id='word_1_7' title='bbox 527 281 593 302; x_wconf 91' lang='lat' dir='ltr'><strong>non</strong></span> <span class='ocrx_word' id='word_1_8' title='bbox 617 276 667 302; x_wconf 88' lang='lat' dir='ltr'><strong>est</strong></span> <span class='ocrx_word' id='word_1_9' title='bbox 691 269 829 308; x_wconf 75' lang='lat' dir='ltr'><strong>electus,</strong></span> <span class='ocrx_word' id='word_1_10' title='bbox 847 269 974 301; x_wconf 79' lang='lat' dir='ltr'><strong>etiamsi</strong></span> <span class='ocrx_word' id='word_1_11' title='bbox 997 268 1100 311; x_wconf 79' lang='lat' dir='ltr'>aliqui</span> <span class='ocrx_word' id='word_1_12' title='bbox 1123 269 1179 301; x_wconf 86' lang='lat' dir='ltr'><strong>fin-</strong></span> 
     </span>
     <span class='ocr_line' id='line_1_3' title="bbox 202 312 1178 358; baseline -0.004 -11"><span class='ocrx_word' id='word_1_13' title='bbox 202 321 306 358; x_wconf 86' lang='lat' dir='ltr'><strong>gunt,</strong></span> <span class='ocrx_word' id='word_1_14' title='bbox 340 315 429 357; x_wconf 89' lang='lat' dir='ltr'><strong>quod</strong></span> <span class='ocrx_word' id='word_1_15' title='bbox 452 314 485 346; x_wconf 87' lang='lat' dir='ltr'><strong>S.</strong></span> <span class='ocrx_word' id='word_1_16' title='bbox 511 313 695 355; x_wconf 79' lang='lat' dir='ltr'>Gregorius</span> <span class='ocrx_word' id='word_1_17' title='bbox 730 323 803 344; x_wconf 92' lang='lat' dir='ltr'><strong>eum</strong></span> <span class='ocrx_word' id='word_1_18' title='bbox 826 312 1016 344; x_wconf 85' lang='lat' dir='ltr'><strong>liberaverit</strong></span> <span class='ocrx_word' id='word_1_19' title='bbox 1039 323 1080 344; x_wconf 86' lang='lat' dir='ltr'><strong>ex</strong></span> <span class='ocrx_word' id='word_1_20' title='bbox 1102 323 1178 355; x_wconf 84' lang='lat' dir='ltr'><strong>pur-</strong></span> 
     </span>
     <span class='ocr_line' id='line_1_4' title="bbox 201 355 1179 400; baseline -0.003 -10"><span class='ocrx_word' id='word_1_21' title='bbox 201 359 341 400; x_wconf 85' lang='lat' dir='ltr'><strong>gatorio.</strong></span> <span class='ocrx_word' id='word_1_22' title='bbox 387 358 460 389; x_wconf 85' lang='lat' dir='ltr'><strong>Fuit</strong></span> <span class='ocrx_word' id='word_1_23' title='bbox 482 356 637 389; x_wconf 79' lang='lat' dir='ltr'><strong>laudatus</strong></span> <span class='ocrx_word' id='word_1_24' title='bbox 660 357 814 397; x_wconf 89' lang='lat' dir='ltr'><strong>princeps</strong></span> <span class='ocrx_word' id='word_1_25' title='bbox 828 379 837 394; x_wconf 95' lang='lat'><strong>,</strong></span> <span class='ocrx_word' id='word_1_26' title='bbox 872 356 933 387; x_wconf 85' lang='lat' dir='ltr'><strong>sed</strong></span> <span class='ocrx_word' id='word_1_27' title='bbox 966 355 1080 388; x_wconf 84' lang='lat' dir='ltr'><strong>habuit</strong></span> <span class='ocrx_word' id='word_1_28' title='bbox 1102 366 1179 398; x_wconf 88' lang='lat' dir='ltr'><strong>pec-</strong></span> 
     </span>
     <span class='ocr_line' id='line_1_5' title="bbox 200 400 1178 441; baseline -0.002 -8"><span class='ocrx_word' id='word_1_29' title='bbox 200 407 275 433; x_wconf 79' lang='lat' dir='ltr'><strong>cata</strong></span> <span class='ocrx_word' id='word_1_30' title='bbox 299 401 483 432; x_wconf 90' lang='lat' dir='ltr'><strong>communia</strong></span> <span class='ocrx_word' id='word_1_31' title='bbox 506 406 538 431; x_wconf 85' lang='lat' dir='ltr'><strong>et</strong></span> <span class='ocrx_word' id='word_1_32' title='bbox 561 400 701 431; x_wconf 81' lang='lat' dir='ltr'><strong>atrocia:</strong></span> <span class='ocrx_word' id='word_1_33' title='bbox 722 410 787 431; x_wconf 91' lang='lat' dir='ltr'><strong>non</strong></span> <span class='ocrx_word' id='word_1_34' title='bbox 800 405 925 431; x_wconf 84' lang='lat' dir='ltr'><strong>tantum</strong></span> <span class='ocrx_word' id='word_1_35' title='bbox 938 400 1178 441; x_wconf 79' lang='lat' dir='ltr'><strong>ignorationem</strong></span> 
     </span>
     <span class='ocr_line' id='line_1_6' title="bbox 199 442 1178 484; baseline -0.002 -8"><span class='ocrx_word' id='word_1_36' title='bbox 199 444 276 483; x_wconf 88' lang='lat' dir='ltr'><strong>Dei,</strong></span> <span class='ocrx_word' id='word_1_37' title='bbox 299 445 479 475; x_wconf 84' lang='lat' dir='ltr'><strong>sed-etiam</strong></span> <span class='ocrx_word' id='word_1_38' title='bbox 502 443 567 474; x_wconf 87' lang='lat' dir='ltr'><strong>alia</strong></span> <span class='ocrx_word' id='word_1_39' title='bbox 590 448 673 474; x_wconf 85' lang='lat' dir='ltr'><strong>tetra</strong></span> <span class='ocrx_word' id='word_1_40' title='bbox 696 443 784 474; x_wconf 72' lang='lat' dir='ltr'><strong>vitia.</strong></span> <span class='ocrx_word' id='word_1_41' title='bbox 830 442 999 474; x_wconf 73' lang='lat' dir='ltr'><strong>Fortassis</strong></span> <span class='ocrx_word' id='word_1_42' title='bbox 1030 443 1085 484; x_wconf 90' lang='lat' dir='ltr'><strong>qui</strong></span> <span class='ocrx_word' id='word_1_43' title='bbox 1114 443 1178 474; x_wconf 85' lang='lat' dir='ltr'><strong>ista</strong></span> 
     </span>
     <span class='ocr_line' id='line_1_7' title="bbox 199 484 1177 530; baseline -0.002 -11"><span class='ocrx_word' id='word_1_44' title='bbox 199 487 327 530; x_wconf 86' lang='lat' dir='ltr'><strong>fingunt</strong></span> <span class='ocrx_word' id='word_1_45' title='bbox 350 488 381 518; x_wconf 92' lang='lat' dir='ltr'><strong>in</strong></span> <span class='ocrx_word' id='word_1_46' title='bbox 406 486 509 524; x_wconf 81' lang='lat' dir='ltr'><strong>ltalia,</strong></span> <span class='ocrx_word' id='word_1_47' title='bbox 532 491 647 528; x_wconf 88' lang='lat' dir='ltr'><strong>putant</strong></span> <span class='ocrx_word' id='word_1_48' title='bbox 680 484 738 517; x_wconf 90' lang='lat' dir='ltr'><strong>illa</strong></span> <span class='ocrx_word' id='word_1_49' title='bbox 771 487 848 517; x_wconf 75' lang='lat' dir='ltr'><strong>vitia</strong></span> <span class='ocrx_word' id='word_1_50' title='bbox 883 496 948 517; x_wconf 91' lang='lat' dir='ltr'><strong>non</strong></span> <span class='ocrx_word' id='word_1_51' title='bbox 983 495 1060 517; x_wconf 83' lang='lat' dir='ltr'><strong>esse</strong></span> <span class='ocrx_word' id='word_1_52' title='bbox 1089 486 1177 517; x_wconf 70' lang='lat' dir='ltr'><strong>vitia.</strong></span> 
     </span>
     <span class='ocr_line' id='line_1_8' title="bbox 201 528 1178 572; baseline -0.001 -11"><span class='ocrx_word' id='word_1_53' title='bbox 201 531 341 572; x_wconf 78' lang='lat' dir='ltr'>Oportet</span> <span class='ocrx_word' id='word_1_54' title='bbox 365 541 428 561; x_wconf 76' lang='lat' dir='ltr'><strong>nos</strong></span> <span class='ocrx_word' id='word_1_55' title='bbox 451 539 529 561; x_wconf 77' lang='lat' dir='ltr'><strong>esse</strong></span> <span class='ocrx_word' id='word_1_56' title='bbox 551 531 697 561; x_wconf 85' lang='lat' dir='ltr'><strong>membra</strong></span> <span class='ocrx_word' id='word_1_57' title='bbox 720 528 913 562; x_wconf 77' lang='lat' dir='ltr'><strong>Ecclesiae:</strong></span> <span class='ocrx_word' id='word_1_58' title='bbox 942 535 1071 570; x_wconf 79' lang='lat' dir='ltr'><strong>oportet</strong></span> <span class='ocrx_word' id='word_1_59' title='bbox 1101 540 1178 560; x_wconf 68' lang='lat' dir='ltr'><strong>esse</strong></span> 
     </span>
     <span class='ocr_line' id='line_1_9' title="bbox 199 580 347 605; baseline -0.007 0"><span class='ocrx_word' id='word_1_60' title='bbox 199 580 347 605; x_wconf 77' lang='lat' dir='ltr'><strong>vocatos.</strong></span> 
     </span>
    </p>
   </div>
   <div class='ocr_carea' id='block_1_3' title="bbox 445 738 939 789">
    <p class='ocr_par' dir='ltr' id='par_1_3' title="bbox 445 738 939 789">
     <span class='ocr_line' id='line_1_10' title="bbox 445 738 939 789; baseline -0.002 -10"><span class='ocrx_word' id='word_1_61' title='bbox 445 739 522 789; x_wconf 84' lang='lat' dir='ltr'><strong>Qui</strong></span> <span class='ocrx_word' id='word_1_62' title='bbox 557 740 744 779; x_wconf 85' lang='lat' dir='ltr'><strong>dicuntur</strong></span> <span class='ocrx_word' id='word_1_63' title='bbox 775 738 908 779; x_wconf 77' lang='lat' dir='ltr'><strong>vocati</strong></span> <span class='ocrx_word' id='word_1_64' title='bbox 921 743 939 778; x_wconf 69' lang='lat'><strong>‘3</strong></span> 
     </span>
    </p>
   </div>
   <div class='ocr_carea' id='block_1_4' title="bbox 196 829 1180 2637">
    <p class='ocr_par' dir='ltr' id='par_1_4' title="bbox 196 829 1180 1394">
     <span class='ocr_line' id='line_1_11' title="bbox 292 829 1178 868; baseline -0.005 -5"><span class='ocrx_word' id='word_1_65' title='bbox 292 831 411 863; x_wconf 85' lang='lat' dir='ltr'><strong>Vocati</strong></span> <span class='ocrx_word' id='word_1_66' title='bbox 445 838 522 863; x_wconf 86' lang='lat' dir='ltr'><strong>sunt</strong></span> <span class='ocrx_word' id='word_1_67' title='bbox 550 831 720 862; x_wconf 76' lang='lat' dir='ltr'><strong>audientes</strong></span> <span class='ocrx_word' id='word_1_68' title='bbox 756 829 996 868; x_wconf 69' lang='lat' dir='ltr'><strong>ministerium,</strong></span> <span class='ocrx_word' id='word_1_69' title='bbox 1033 829 1178 860; x_wconf 88' lang='lat' dir='ltr'><strong>adiuncti</strong></span> 
     </span>
     <span class='ocr_line' id='line_1_12' title="bbox 198 873 1178 916; baseline -0.004 -10"><span class='ocrx_word' id='word_1_70' title='bbox 198 875 376 906; x_wconf 83' lang='lat' dir='ltr'><strong>ministerio</strong></span> <span class='ocrx_word' id='word_1_71' title='bbox 401 880 536 906; x_wconf 82' lang='lat' dir='ltr'><strong>externa</strong></span> <span class='ocrx_word' id='word_1_72' title='bbox 560 873 769 916; x_wconf 80' lang='lat' dir='ltr'><strong>professione</strong></span> <span class='ocrx_word' id='word_1_73' title='bbox 793 874 974 912; x_wconf 83' lang='lat' dir='ltr'><strong>doctrinae,</strong></span> <span class='ocrx_word' id='word_1_74' title='bbox 992 878 1024 904; x_wconf 88' lang='lat' dir='ltr'><strong>et</strong></span> <span class='ocrx_word' id='word_1_75' title='bbox 1047 878 1178 904; x_wconf 84' lang='lat' dir='ltr'><strong>utentes</strong></span> 
     </span>
     <span class='ocr_line' id='line_1_13' title="bbox 198 914 1177 959; baseline -0.004 -10"><span class='ocrx_word' id='word_1_76' title='bbox 198 918 435 950; x_wconf 72' lang='lat' dir='ltr'><strong>Sam-amentis.</strong></span> <span class='ocrx_word' id='word_1_77' title='bbox 480 918 626 949; x_wconf 76' lang='lat' dir='ltr'><strong>Externa</strong></span> <span class='ocrx_word' id='word_1_78' title='bbox 649 917 817 959; x_wconf 77' lang='lat' dir='ltr'><strong>professio</strong></span> <span class='ocrx_word' id='word_1_79' title='bbox 831 923 893 955; x_wconf 87' lang='lat' dir='ltr'><strong>est,</strong></span> <span class='ocrx_word' id='word_1_80' title='bbox 908 916 1039 958; x_wconf 87' lang='lat' dir='ltr'><strong>quando</strong></span> <span class='ocrx_word' id='word_1_81' title='bbox 1058 914 1177 953; x_wconf 85' lang='lat' dir='ltr'><strong>fateor,</strong></span> 
     </span>
     <span class='ocr_line' id='line_1_14' title="bbox 198 959 1179 1004; baseline -0.004 -11"><span class='ocrx_word' id='word_1_82' title='bbox 198 962 285 1004; x_wconf 89' lang='lat' dir='ltr'><strong>quod</strong></span> <span class='ocrx_word' id='word_1_83' title='bbox 310 962 475 999; x_wconf 71' lang='lat' dir='ltr'><strong>doctrina,</strong></span> <span class='ocrx_word' id='word_1_84' title='bbox 505 972 601 1003; x_wconf 84' lang='lat' dir='ltr'><strong>quam</strong></span> <span class='ocrx_word' id='word_1_85' title='bbox 625 960 798 1003; x_wconf 82' lang='lat' dir='ltr'><strong>profitetur</strong></span> <span class='ocrx_word' id='word_1_86' title='bbox 821 959 991 997; x_wconf 75' lang='lat' dir='ltr'><strong>Ecclesia,</strong></span> <span class='ocrx_word' id='word_1_87' title='bbox 1017 959 1060 990; x_wconf 76' lang='lat' dir='ltr'><strong>sit</strong></span> <span class='ocrx_word' id='word_1_88' title='bbox 1087 969 1179 997; x_wconf 88' lang='lat' dir='ltr'><strong>vera,</strong></span> 
     </span>
     <span class='ocr_line' id='line_1_15' title="bbox 197 1001 1179 1046; baseline -0.003 -11"><span class='ocrx_word' id='word_1_89' title='bbox 197 1015 270 1037; x_wconf 76' lang='lat' dir='ltr'><strong>sum</strong></span> <span class='ocrx_word' id='word_1_90' title='bbox 293 1005 405 1036; x_wconf 77' lang='lat' dir='ltr'><strong>socius</strong></span> <span class='ocrx_word' id='word_1_91' title='bbox 430 1005 622 1043; x_wconf 85' lang='lat' dir='ltr'><strong>ministerii,</strong></span> <span class='ocrx_word' id='word_1_92' title='bbox 655 1014 805 1046; x_wconf 74' lang='lat' dir='ltr'><strong>agnosco</strong></span> <span class='ocrx_word' id='word_1_93' title='bbox 837 1010 989 1035; x_wconf 85' lang='lat' dir='ltr'><strong>caeteros</strong></span> <span class='ocrx_word' id='word_1_94' title='bbox 1013 1012 1091 1033; x_wconf 80' lang='lat' dir='ltr'><strong>esse</strong></span> <span class='ocrx_word' id='word_1_95' title='bbox 1114 1001 1179 1033; x_wconf 85' lang='lat' dir='ltr'><strong>sra-</strong></span> 
     </span>
     <span class='ocr_line' id='line_1_16' title="bbox 197 1046 1179 1086; baseline -0.003 -7"><span class='ocrx_word' id='word_1_96' title='bbox 197 1055 278 1086; x_wconf 76' lang='lat' dir='ltr'><strong>treS,</strong></span> <span class='ocrx_word' id='word_1_97' title='bbox 293 1058 353 1079; x_wconf 90' lang='lat' dir='ltr'><strong>oro</strong></span> <span class='ocrx_word' id='word_1_98' title='bbox 377 1058 450 1079; x_wconf 88' lang='lat' dir='ltr'><strong>cum</strong></span> <span class='ocrx_word' id='word_1_99' title='bbox 474 1055 583 1086; x_wconf 87' lang='lat' dir='ltr'><strong>coetu,</strong></span> <span class='ocrx_word' id='word_1_100' title='bbox 598 1054 628 1079; x_wconf 89' lang='lat' dir='ltr'><strong>et</strong></span> <span class='ocrx_word' id='word_1_101' title='bbox 652 1046 751 1079; x_wconf 83' lang='lat' dir='ltr'><strong>foveo</strong></span> <span class='ocrx_word' id='word_1_102' title='bbox 775 1046 863 1078; x_wconf 86' lang='lat' dir='ltr'><strong>illam</strong></span> <span class='ocrx_word' id='word_1_103' title='bbox 887 1046 1179 1083; x_wconf 77' lang='lat' dir='ltr'><strong>consociationem,</strong></span> 
     </span>
     <span class='ocr_line' id='line_1_17' title="bbox 197 1087 1180 1132; baseline -0.005 -8"><span class='ocrx_word' id='word_1_104' title='bbox 197 1098 260 1124; x_wconf 86' lang='lat' dir='ltr'><strong>etc.</strong></span> <span class='ocrx_word' id='word_1_105' title='bbox 307 1091 377 1120; x_wconf 80' lang='lat' dir='ltr'><strong>Das</strong></span> <span class='ocrx_word' id='word_1_106' title='bbox 390 1092 462 1121; x_wconf 78' lang='lat' dir='ltr'><strong>siud</strong></span> <span class='ocrx_word' id='word_1_107' title='bbox 481 1091 718 1131; x_wconf 59' lang='lat' dir='ltr'><strong>Tenslblskopsj&#39;eg</strong></span> <span class='ocrx_word' id='word_1_108' title='bbox 738 1091 792 1132; x_wconf 90' lang='lat' dir='ltr'><strong>qui</strong></span> <span class='ocrx_word' id='word_1_109' title='bbox 811 1091 987 1131; x_wconf 76' lang='lat' dir='ltr'><strong>seiungunt</strong></span> <span class='ocrx_word' id='word_1_110' title='bbox 1005 1087 1180 1120; x_wconf 83' lang='lat' dir='ltr'><strong>seaMini-</strong></span> 
     </span>
     <span class='ocr_line' id='line_1_18' title="bbox 197 1132 1178 1174; baseline -0.004 -8"><span class='ocrx_word' id='word_1_111' title='bbox 197 1136 314 1167; x_wconf 82' lang='lat' dir='ltr'><strong>sterio:</strong></span> <span class='ocrx_word' id='word_1_112' title='bbox 338 1135 391 1165; x_wconf 74' lang='lat' dir='ltr'><strong>die</strong></span> <span class='ocrx_word' id='word_1_113' title='bbox 414 1135 456 1164; x_wconf 74' lang='lat' dir='ltr'><strong>(Iu</strong></span> <span class='ocrx_word' id='word_1_114' title='bbox 479 1146 538 1174; x_wconf 72' lang='lat' dir='ltr'><strong>yar</strong></span> <span class='ocrx_word' id='word_1_115' title='bbox 562 1136 610 1163; x_wconf 68' lang='grc' dir='ltr'><strong>εἰη</strong></span> <span class='ocrx_word' id='word_1_116' title='bbox 633 1136 737 1173; x_wconf 67' lang='lat' dir='ltr'><strong>eiynes</strong></span> <span class='ocrx_word' id='word_1_117' title='bbox 758 1134 865 1163; x_wconf 75' lang='lat' dir='ltr'><strong>wellen</strong></span> <span class='ocrx_word' id='word_1_118' title='bbox 888 1132 1012 1162; x_wconf 68' lang='lat' dir='ltr'><strong>viat-lien</strong></span> <span class='ocrx_word' id='word_1_119' title='bbox 1026 1154 1035 1169; x_wconf 92' lang='lat'><strong>,</strong></span> <span class='ocrx_word' id='word_1_120' title='bbox 1063 1137 1097 1163; x_wconf 87' lang='lat' dir='ltr'><strong>et</strong></span> <span class='ocrx_word' id='word_1_121' title='bbox 1125 1142 1178 1162; x_wconf 88' lang='lat' dir='ltr'><strong>ne-</strong></span> 
     </span>
     <span class='ocr_line' id='line_1_19' title="bbox 197 1173 1179 1220; baseline -0.005 -10"><span class='ocrx_word' id='word_1_122' title='bbox 197 1189 260 1220; x_wconf 89' lang='lat' dir='ltr'><strong>que</strong></span> <span class='ocrx_word' id='word_1_123' title='bbox 283 1179 346 1219; x_wconf 78' lang='lat' dir='ltr'><strong>ipsi</strong></span> <span class='ocrx_word' id='word_1_124' title='bbox 371 1179 492 1216; x_wconf 82' lang='lat' dir='ltr'><strong>vident,</strong></span> <span class='ocrx_word' id='word_1_125' title='bbox 513 1179 589 1220; x_wconf 88' lang='lat' dir='ltr'><strong>quid</strong></span> <span class='ocrx_word' id='word_1_126' title='bbox 603 1178 757 1215; x_wconf 88' lang='lat' dir='ltr'><strong>doceant,</strong></span> <span class='ocrx_word' id='word_1_127' title='bbox 770 1187 877 1219; x_wconf 87' lang='lat' dir='ltr'><strong>neque</strong></span> <span class='ocrx_word' id='word_1_128' title='bbox 899 1175 953 1207; x_wconf 87' lang='lat' dir='ltr'><strong>alii</strong></span> <span class='ocrx_word' id='word_1_129' title='bbox 979 1186 1038 1207; x_wconf 87' lang='lat' dir='ltr'><strong>eos</strong></span> <span class='ocrx_word' id='word_1_130' title='bbox 1063 1173 1179 1206; x_wconf 86' lang='lat' dir='ltr'><strong>intelli-</strong></span> 
     </span>
     <span class='ocr_line' id='line_1_20' title="bbox 197 1217 1179 1265; baseline -0.006 -12"><span class='ocrx_word' id='word_1_131' title='bbox 197 1228 288 1265; x_wconf 82' lang='lat' dir='ltr'><strong>gunt.</strong></span> <span class='ocrx_word' id='word_1_132' title='bbox 324 1222 431 1253; x_wconf 85' lang='lat' dir='ltr'><strong>Omne</strong></span> <span class='ocrx_word' id='word_1_133' title='bbox 442 1233 556 1253; x_wconf 83' lang='lat' dir='ltr'><strong>verum</strong></span> <span class='ocrx_word' id='word_1_134' title='bbox 569 1220 668 1252; x_wconf 89' lang='lat' dir='ltr'><strong>habet</strong></span> <span class='ocrx_word' id='word_1_135' title='bbox 683 1219 815 1262; x_wconf 87' lang='lat' dir='ltr'><strong>aliquos</strong></span> <span class='ocrx_word' id='word_1_136' title='bbox 834 1217 1067 1261; x_wconf 79' lang='lat' dir='ltr'><strong>intelligentes.</strong></span> <span class='ocrx_word' id='word_1_137' title='bbox 1102 1218 1179 1247; x_wconf 81' lang='lat' dir='ltr'><strong>Man</strong></span> 
     </span>
     <span class='ocr_line' id='line_1_21' title="bbox 197 1262 1178 1304; baseline -0.003 -10"><span class='ocrx_word' id='word_1_138' title='bbox 197 1276 277 1294; x_wconf 80' lang='lat' dir='ltr'><strong>muss</strong></span> <span class='ocrx_word' id='word_1_139' title='bbox 300 1265 348 1294; x_wconf 59' lang='lat' dir='ltr'><strong>ilie</strong></span> <span class='ocrx_word' id='word_1_140' title='bbox 371 1269 466 1295; x_wconf 70' lang='lat' dir='ltr'><strong>etwas</strong></span> <span class='ocrx_word' id='word_1_141' title='bbox 489 1265 609 1294; x_wconf 61' lang='lat' dir='ltr'><strong>darcon</strong></span> <span class='ocrx_word' id='word_1_142' title='bbox 635 1264 799 1295; x_wconf 76' lang='lat' dir='ltr'><strong>cci-slehen.</strong></span> <span class='ocrx_word' id='word_1_143' title='bbox 845 1262 918 1300; x_wconf 90' lang='lat' dir='ltr'><strong>llli,</strong></span> <span class='ocrx_word' id='word_1_144' title='bbox 953 1263 1007 1304; x_wconf 84' lang='lat' dir='ltr'><strong>qui</strong></span> <span class='ocrx_word' id='word_1_145' title='bbox 1039 1272 1106 1293; x_wconf 85' lang='lat' dir='ltr'><strong>non</strong></span> <span class='ocrx_word' id='word_1_146' title='bbox 1130 1262 1178 1291; x_wconf 84' lang='lat' dir='ltr'><strong>in-</strong></span> 
     </span>
     <span class='ocr_line' id='line_1_22' title="bbox 196 1303 1178 1350; baseline -0.004 -10"><span class='ocrx_word' id='word_1_147' title='bbox 196 1307 389 1350; x_wconf 77' lang='lat' dir='ltr'><strong>telliguntur</strong></span> <span class='ocrx_word' id='word_1_148' title='bbox 411 1309 452 1340; x_wconf 85' lang='lat' dir='ltr'><strong>ab</strong></span> <span class='ocrx_word' id='word_1_149' title='bbox 476 1307 571 1346; x_wconf 68' lang='lat' dir='ltr'><strong>aliis,</strong></span> <span class='ocrx_word' id='word_1_150' title='bbox 605 1319 642 1339; x_wconf 80' lang='lat' dir='ltr'><strong>se</strong></span> <span class='ocrx_word' id='word_1_151' title='bbox 676 1309 768 1348; x_wconf 67' lang='lat' dir='ltr'><strong>ipsos</strong></span> <span class='ocrx_word' id='word_1_152' title='bbox 804 1316 936 1349; x_wconf 84' lang='lat' dir='ltr'><strong>quoque</strong></span> <span class='ocrx_word' id='word_1_153' title='bbox 971 1314 1038 1337; x_wconf 88' lang='lat' dir='ltr'><strong>non</strong></span> <span class='ocrx_word' id='word_1_154' title='bbox 1061 1303 1178 1336; x_wconf 89' lang='lat' dir='ltr'><strong>intelli-</strong></span> 
     </span>
     <span class='ocr_line' id='line_1_23' title="bbox 198 1358 290 1394; baseline 0 -11"><span class='ocrx_word' id='word_1_155' title='bbox 198 1358 290 1394; x_wconf 86' lang='lat' dir='ltr'><strong>gunt.</strong></span> 
     </span>
    </p>

    <p class='ocr_par' dir='ltr' id='par_1_5' title="bbox 196 1390 1179 2518">
     <span class='ocr_line' id='line_1_24' title="bbox 283 1390 1179 1430; baseline -0.008 -4"><span class='ocrx_word' id='word_1_156' title='bbox 283 1394 350 1426; x_wconf 84' lang='lat' dir='ltr'><strong>Dat</strong></span> <span class='ocrx_word' id='word_1_157' title='bbox 372 1400 481 1426; x_wconf 87' lang='lat' dir='ltr'><strong>autem</strong></span> <span class='ocrx_word' id='word_1_158' title='bbox 507 1395 586 1424; x_wconf 79' lang='lat' dir='ltr'><strong>duos</strong></span> <span class='ocrx_word' id='word_1_159' title='bbox 609 1395 762 1424; x_wconf 75' lang='lat' dir='ltr'><strong>denarios.</strong></span> <span class='ocrx_word' id='word_1_160' title='bbox 807 1394 874 1423; x_wconf 80' lang='lat' dir='ltr'><strong>Der</strong></span> <span class='ocrx_word' id='word_1_161' title='bbox 897 1392 1050 1424; x_wconf 84' lang='lat' dir='ltr'><strong>denarius</strong></span> <span class='ocrx_word' id='word_1_162' title='bbox 1074 1390 1179 1430; x_wconf 71' lang='lat' dir='ltr'><strong>kompt</strong></span> 
     </span>
     <span class='ocr_line' id='line_1_25' title="bbox 196 1434 1178 1477; baseline -0.003 -10"><span class='ocrx_word' id='word_1_163' title='bbox 196 1438 246 1467; x_wconf 74' lang='lat' dir='ltr'><strong>hie</strong></span> <span class='ocrx_word' id='word_1_164' title='bbox 269 1449 302 1468; x_wconf 77' lang='lat' dir='ltr'><strong>zu</strong></span> <span class='ocrx_word' id='word_1_165' title='bbox 325 1449 454 1477; x_wconf 64' lang='lat' dir='ltr'><strong>(lt-ossen</strong></span> <span class='ocrx_word' id='word_1_166' title='bbox 478 1438 583 1468; x_wconf 73' lang='lat' dir='ltr'><strong>t&#39;lll&#39;ell:</strong></span> <span class='ocrx_word' id='word_1_167' title='bbox 607 1437 670 1467; x_wconf 83' lang='lat' dir='ltr'><strong>soll</strong></span> <span class='ocrx_word' id='word_1_168' title='bbox 679 1440 818 1477; x_wconf 69' lang='lat' dir='ltr'><strong>ee&#39;usiyur</strong></span> <span class='ocrx_word' id='word_1_169' title='bbox 836 1438 901 1466; x_wconf 82' lang='lat' dir='ltr'><strong>sein</strong></span> <span class='ocrx_word' id='word_1_170' title='bbox 924 1434 1054 1466; x_wconf 87' lang='lat' dir='ltr'><strong>illarum</strong></span> <span class='ocrx_word' id='word_1_171' title='bbox 1078 1434 1178 1465; x_wconf 78' lang='lat' dir='ltr'><strong>maxi-</strong></span> 
     </span>
     <span class='ocr_line' id='line_1_26' title="bbox 199 1477 1176 1521; baseline -0.005 -9"><span class='ocrx_word' id='word_1_172' title='bbox 199 1492 323 1513; x_wconf 82' lang='lat' dir='ltr'><strong>marum</strong></span> <span class='ocrx_word' id='word_1_173' title='bbox 347 1491 473 1512; x_wconf 89' lang='lat' dir='ltr'><strong>serum:</strong></span> <span class='ocrx_word' id='word_1_174' title='bbox 507 1480 615 1512; x_wconf 83' lang='lat' dir='ltr'><strong>Credo</strong></span> <span class='ocrx_word' id='word_1_175' title='bbox 639 1487 775 1521; x_wconf 88' lang='lat' dir='ltr'><strong>propter</strong></span> <span class='ocrx_word' id='word_1_176' title='bbox 788 1479 915 1512; x_wconf 85' lang='lat' dir='ltr'><strong>numeri</strong></span> <span class='ocrx_word' id='word_1_177' title='bbox 927 1477 1176 1519; x_wconf 87' lang='lat' dir='ltr'><strong>perfectionem,</strong></span> 
     </span>
     <span class='ocr_line' id='line_1_27' title="bbox 199 1518 1177 1565; baseline -0.005 -9"><span class='ocrx_word' id='word_1_178' title='bbox 199 1523 355 1557; x_wconf 80' lang='lat' dir='ltr'><strong>maluisse</strong></span> <span class='ocrx_word' id='word_1_179' title='bbox 380 1535 452 1556; x_wconf 88' lang='lat' dir='ltr'><strong>eum</strong></span> <span class='ocrx_word' id='word_1_180' title='bbox 477 1525 521 1556; x_wconf 89' lang='lat' dir='ltr'><strong>uti</strong></span> <span class='ocrx_word' id='word_1_181' title='bbox 551 1524 675 1555; x_wconf 84' lang='lat' dir='ltr'><strong>denarii</strong></span> <span class='ocrx_word' id='word_1_182' title='bbox 707 1524 834 1565; x_wconf 69' lang='lat' dir='ltr'><strong>potiuS,</strong></span> <span class='ocrx_word' id='word_1_183' title='bbox 869 1532 966 1565; x_wconf 81' lang='lat' dir='ltr'><strong>quam</strong></span> <span class='ocrx_word' id='word_1_184' title='bbox 1001 1518 1177 1551; x_wconf 79' lang='lat' dir='ltr'><strong>drachmae</strong></span> 
     </span>
     <span class='ocr_line' id='line_1_28' title="bbox 198 1564 1178 1610; baseline -0.007 -10"><span class='ocrx_word' id='word_1_185' title='bbox 198 1567 434 1610; x_wconf 73' lang='lat' dir='ltr'><strong>appellatione.</strong></span> <span class='ocrx_word' id='word_1_186' title='bbox 496 1568 531 1598; x_wconf 93' lang='lat' dir='ltr'><strong>ln</strong></span> <span class='ocrx_word' id='word_1_187' title='bbox 566 1567 701 1598; x_wconf 88' lang='lat' dir='ltr'><strong>denario</strong></span> <span class='ocrx_word' id='word_1_188' title='bbox 737 1572 787 1598; x_wconf 83' lang='lat' dir='ltr'><strong>cst</strong></span> <span class='ocrx_word' id='word_1_189' title='bbox 822 1575 976 1597; x_wconf 85' lang='lat' dir='ltr'><strong>numerus</strong></span> <span class='ocrx_word' id='word_1_190' title='bbox 1012 1564 1178 1601; x_wconf 86' lang='lat' dir='ltr'><strong>denarius,</strong></span> 
     </span>
     <span class='ocr_line' id='line_1_29' title="bbox 199 1606 1177 1653; baseline -0.007 -10"><span class='ocrx_word' id='word_1_191' title='bbox 199 1613 255 1653; x_wconf 89' lang='lat' dir='ltr'><strong>qui</strong></span> <span class='ocrx_word' id='word_1_192' title='bbox 279 1618 328 1642; x_wconf 89' lang='lat' dir='ltr'><strong>est</strong></span> <span class='ocrx_word' id='word_1_193' title='bbox 353 1621 510 1643; x_wconf 87' lang='lat' dir='ltr'><strong>numerus</strong></span> <span class='ocrx_word' id='word_1_194' title='bbox 529 1609 725 1652; x_wconf 75' lang='lat' dir='ltr'><strong>completus,</strong></span> <span class='ocrx_word' id='word_1_195' title='bbox 772 1609 847 1641; x_wconf 93' lang='lat' dir='ltr'><strong>Duo</strong></span> <span class='ocrx_word' id='word_1_196' title='bbox 872 1608 919 1640; x_wconf 88' lang='lat' dir='ltr'><strong>illi</strong></span> <span class='ocrx_word' id='word_1_197' title='bbox 943 1607 1069 1639; x_wconf 87' lang='lat' dir='ltr'><strong>denarii</strong></span> <span class='ocrx_word' id='word_1_198' title='bbox 1082 1606 1177 1637; x_wconf 83' lang='lat' dir='ltr'><strong>etiam</strong></span> 
     </span>
     <span class='ocr_line' id='line_1_30' title="bbox 198 1650 1178 1696; baseline -0.006 -10"><span class='ocrx_word' id='word_1_199' title='bbox 198 1660 275 1686; x_wconf 89' lang='lat' dir='ltr'><strong>sunt</strong></span> <span class='ocrx_word' id='word_1_200' title='bbox 298 1654 368 1686; x_wconf 79' lang='lat' dir='ltr'><strong>Lex</strong></span> <span class='ocrx_word' id='word_1_201' title='bbox 392 1661 423 1686; x_wconf 84' lang='lat' dir='ltr'><strong>et</strong></span> <span class='ocrx_word' id='word_1_202' title='bbox 447 1652 683 1696; x_wconf 68' lang='lat' dir='ltr'><strong>Evangeliuim</strong></span> <span class='ocrx_word' id='word_1_203' title='bbox 706 1660 783 1685; x_wconf 88' lang='lat' dir='ltr'><strong>sunt</strong></span> <span class='ocrx_word' id='word_1_204' title='bbox 814 1653 878 1684; x_wconf 89' lang='lat' dir='ltr'><strong>duo</strong></span> <span class='ocrx_word' id='word_1_205' title='bbox 910 1661 1034 1693; x_wconf 77' lang='lat' dir='ltr'><strong>genera</strong></span> <span class='ocrx_word' id='word_1_206' title='bbox 1057 1650 1178 1681; x_wconf 86' lang='lat' dir='ltr'><strong>doctri—</strong></span> 
     </span>
     <span class='ocr_line' id='line_1_31' title="bbox 198 1692 1177 1739; baseline -0.006 -10"><span class='ocrx_word' id='word_1_207' title='bbox 198 1708 280 1730; x_wconf 87' lang='lat' dir='ltr'><strong>nae:</strong></span> <span class='ocrx_word' id='word_1_208' title='bbox 302 1704 476 1739; x_wconf 86' lang='lat' dir='ltr'><strong>utrumque</strong></span> <span class='ocrx_word' id='word_1_209' title='bbox 500 1707 606 1739; x_wconf 84' lang='lat' dir='ltr'><strong>genus</strong></span> <span class='ocrx_word' id='word_1_210' title='bbox 630 1707 693 1728; x_wconf 80' lang='lat' dir='ltr'><strong>suo</strong></span> <span class='ocrx_word' id='word_1_211' title='bbox 716 1697 814 1727; x_wconf 84' lang='lat' dir='ltr'><strong>modo</strong></span> <span class='ocrx_word' id='word_1_212' title='bbox 839 1702 890 1727; x_wconf 80' lang='lat' dir='ltr'><strong>est</strong></span> <span class='ocrx_word' id='word_1_213' title='bbox 908 1698 1082 1736; x_wconf 88' lang='lat' dir='ltr'><strong>integrum.</strong></span> <span class='ocrx_word' id='word_1_214' title='bbox 1128 1692 1177 1723; x_wconf 86' lang='lat' dir='ltr'><strong>Tu</strong></span> 
     </span>
     <span class='ocr_line' id='line_1_32' title="bbox 198 1735 1177 1782; baseline -0.006 -10"><span class='ocrx_word' id='word_1_215' title='bbox 198 1751 263 1772; x_wconf 92' lang='lat' dir='ltr'><strong>non</strong></span> <span class='ocrx_word' id='word_1_216' title='bbox 289 1741 390 1772; x_wconf 89' lang='lat' dir='ltr'><strong>debes</strong></span> <span class='ocrx_word' id='word_1_217' title='bbox 414 1742 551 1782; x_wconf 81' lang='lat' dir='ltr'><strong>gignere</strong></span> <span class='ocrx_word' id='word_1_218' title='bbox 573 1750 661 1771; x_wconf 72' lang='lat' dir='ltr'><strong>nova</strong></span> <span class='ocrx_word' id='word_1_219' title='bbox 684 1740 863 1781; x_wconf 72' lang='lat' dir='ltr'><strong>dogmata,</strong></span> <span class='ocrx_word' id='word_1_220' title='bbox 898 1743 955 1770; x_wconf 85' lang='lat' dir='ltr'><strong>aut</strong></span> <span class='ocrx_word' id='word_1_221' title='bbox 978 1746 1086 1768; x_wconf 72' lang='lat' dir='ltr'><strong>novos</strong></span> <span class='ocrx_word' id='word_1_222' title='bbox 1110 1735 1177 1767; x_wconf 87' lang='lat' dir='ltr'><strong>cul—</strong></span> 
     </span>
     <span class='ocr_line' id='line_1_33' title="bbox 199 1778 1177 1826; baseline -0.004 -11"><span class='ocrx_word' id='word_1_223' title='bbox 199 1790 262 1822; x_wconf 81' lang='lat' dir='ltr'><strong>tus,</strong></span> <span class='ocrx_word' id='word_1_224' title='bbox 286 1785 340 1826; x_wconf 90' lang='lat' dir='ltr'><strong>qui</strong></span> <span class='ocrx_word' id='word_1_225' title='bbox 364 1795 429 1816; x_wconf 82' lang='lat' dir='ltr'><strong>non</strong></span> <span class='ocrx_word' id='word_1_226' title='bbox 454 1785 517 1815; x_wconf 85' lang='lat' dir='ltr'><strong>sint</strong></span> <span class='ocrx_word' id='word_1_227' title='bbox 540 1794 647 1825; x_wconf 86' lang='lat' dir='ltr'><strong>neque</strong></span> <span class='ocrx_word' id='word_1_228' title='bbox 670 1784 701 1814; x_wconf 90' lang='lat' dir='ltr'><strong>in</strong></span> <span class='ocrx_word' id='word_1_229' title='bbox 725 1783 811 1823; x_wconf 85' lang='lat' dir='ltr'><strong>lege,</strong></span> <span class='ocrx_word' id='word_1_230' title='bbox 835 1791 943 1823; x_wconf 90' lang='lat' dir='ltr'><strong>neque</strong></span> <span class='ocrx_word' id='word_1_231' title='bbox 974 1781 1005 1811; x_wconf 90' lang='lat' dir='ltr'><strong>in</strong></span> <span class='ocrx_word' id='word_1_232' title='bbox 1028 1778 1177 1821; x_wconf 80' lang='lat' dir='ltr'><strong>Evange-</strong></span> 
     </span>
     <span class='ocr_line' id='line_1_34' title="bbox 198 1823 1177 1869; baseline -0.006 -10"><span class='ocrx_word' id='word_1_233' title='bbox 198 1826 253 1859; x_wconf 90' lang='lat' dir='ltr'><strong>lio.</strong></span> <span class='ocrx_word' id='word_1_234' title='bbox 278 1827 446 1859; x_wconf 82' lang='lat' dir='ltr'><strong>Draclima</strong></span> <span class='ocrx_word' id='word_1_235' title='bbox 465 1827 629 1869; x_wconf 77' lang='lat' dir='ltr'><strong>significat</strong></span> <span class='ocrx_word' id='word_1_236' title='bbox 647 1825 863 1867; x_wconf 87' lang='lat' dir='ltr'><strong>manipulum:</strong></span> <span class='ocrx_word' id='word_1_237' title='bbox 879 1831 910 1856; x_wconf 91' lang='lat' dir='ltr'><strong>et</strong></span> <span class='ocrx_word' id='word_1_238' title='bbox 923 1823 1078 1856; x_wconf 82' lang='lat' dir='ltr'><strong>denarius</strong></span> <span class='ocrx_word' id='word_1_239' title='bbox 1091 1823 1177 1854; x_wconf 87' lang='lat' dir='ltr'><strong>idem</strong></span> 
     </span>
     <span class='ocr_line' id='line_1_35' title="bbox 199 1864 1176 1912; baseline -0.005 -11"><span class='ocrx_word' id='word_1_240' title='bbox 199 1877 261 1909; x_wconf 75' lang='lat' dir='ltr'><strong>est,</strong></span> <span class='ocrx_word' id='word_1_241' title='bbox 285 1872 373 1912; x_wconf 91' lang='lat' dir='ltr'><strong>quod</strong></span> <span class='ocrx_word' id='word_1_242' title='bbox 392 1870 559 1902; x_wconf 78' lang='lat' dir='ltr'><strong>drachma.</strong></span> <span class='ocrx_word' id='word_1_243' title='bbox 606 1870 688 1901; x_wconf 84' lang='lat' dir='ltr'><strong>Sunt</strong></span> <span class='ocrx_word' id='word_1_244' title='bbox 714 1871 779 1901; x_wconf 92' lang='lat' dir='ltr'><strong>duo</strong></span> <span class='ocrx_word' id='word_1_245' title='bbox 803 1868 930 1910; x_wconf 78' lang='lat' dir='ltr'><strong>pulchri</strong></span> <span class='ocrx_word' id='word_1_246' title='bbox 955 1864 1121 1906; x_wconf 81' lang='lat' dir='ltr'><strong>manipuli,</strong></span> <span class='ocrx_word' id='word_1_247' title='bbox 1144 1867 1176 1897; x_wconf 91' lang='lat' dir='ltr'><strong>id</strong></span> 
     </span>
     <span class='ocr_line' id='line_1_36' title="bbox 199 1909 1176 1955; baseline -0.005 -10"><span class='ocrx_word' id='word_1_248' title='bbox 199 1920 262 1952; x_wconf 86' lang='lat' dir='ltr'><strong>est,</strong></span> <span class='ocrx_word' id='word_1_249' title='bbox 285 1914 358 1945; x_wconf 83' lang='lat' dir='ltr'><strong>Lex</strong></span> <span class='ocrx_word' id='word_1_250' title='bbox 380 1920 412 1945; x_wconf 89' lang='lat' dir='ltr'><strong>et</strong></span> <span class='ocrx_word' id='word_1_251' title='bbox 435 1912 662 1955; x_wconf 73' lang='lat' dir='ltr'><strong>Evangeliuin.</strong></span> <span class='ocrx_word' id='word_1_252' title='bbox 709 1911 796 1944; x_wconf 89' lang='lat' dir='ltr'><strong>Olim</strong></span> <span class='ocrx_word' id='word_1_253' title='bbox 825 1920 957 1944; x_wconf 85' lang='lat' dir='ltr'><strong>moneta</strong></span> <span class='ocrx_word' id='word_1_254' title='bbox 981 1911 1084 1943; x_wconf 88' lang='lat' dir='ltr'><strong>maior</strong></span> <span class='ocrx_word' id='word_1_255' title='bbox 1106 1909 1176 1940; x_wconf 77' lang='lat' dir='ltr'><strong>suit.</strong></span> 
     </span>
     <span class='ocr_line' id='line_1_37' title="bbox 199 1953 1177 1998; baseline -0.006 -9"><span class='ocrx_word' id='word_1_256' title='bbox 199 1958 323 1989; x_wconf 83' lang='lat' dir='ltr'><strong>Postea</strong></span> <span class='ocrx_word' id='word_1_257' title='bbox 344 1957 451 1998; x_wconf 84' lang='lat' dir='ltr'><strong>magis</strong></span> <span class='ocrx_word' id='word_1_258' title='bbox 474 1958 646 1998; x_wconf 74' lang='lat' dir='ltr'><strong>magisque</strong></span> <span class='ocrx_word' id='word_1_259' title='bbox 669 1956 826 1987; x_wconf 72' lang='lat' dir='ltr'><strong>decrevit.</strong></span> <span class='ocrx_word' id='word_1_260' title='bbox 872 1955 950 1986; x_wconf 84' lang='lat' dir='ltr'><strong>Inde</strong></span> <span class='ocrx_word' id='word_1_261' title='bbox 967 1953 1177 1990; x_wconf 74' lang='lat' dir='ltr'><strong>proverbium</strong></span> 
     </span>
     <span class='ocr_line' id='line_1_38' title="bbox 199 1995 1177 2040; baseline -0.003 -11"><span class='ocrx_word' id='word_1_262' title='bbox 199 2007 263 2032; x_wconf 81' lang='lat' dir='ltr'><strong>est:</strong></span> <span class='ocrx_word' id='word_1_263' title='bbox 297 2000 436 2040; x_wconf 77' lang='lat' dir='ltr'><strong>Ncquior</strong></span> <span class='ocrx_word' id='word_1_264' title='bbox 461 2002 549 2031; x_wconf 74' lang='lat' dir='ltr'><strong>nocis</strong></span> <span class='ocrx_word' id='word_1_265' title='bbox 571 2001 706 2029; x_wconf 63' lang='lat' dir='ltr'><strong>nannai-v.</strong></span> <span class='ocrx_word' id='word_1_266' title='bbox 752 1999 819 2030; x_wconf 86' lang='lat' dir='ltr'><strong>Sed</strong></span> <span class='ocrx_word' id='word_1_267' title='bbox 854 1998 977 2029; x_wconf 82' lang='lat' dir='ltr'><strong>denarii</strong></span> <span class='ocrx_word' id='word_1_268' title='bbox 1013 1995 1177 2028; x_wconf 73' lang='lat' dir='ltr'><strong>vocabulo</strong></span> 
     </span>
     <span class='ocr_line' id='line_1_39' title="bbox 199 2041 1178 2085; baseline -0.006 -9"><span class='ocrx_word' id='word_1_269' title='bbox 199 2053 281 2076; x_wconf 75' lang='lat' dir='ltr'><strong>usus</strong></span> <span class='ocrx_word' id='word_1_270' title='bbox 305 2051 373 2080; x_wconf 87' lang='lat' dir='ltr'><strong>est;</strong></span> <span class='ocrx_word' id='word_1_271' title='bbox 409 2045 484 2085; x_wconf 88' lang='lat' dir='ltr'><strong>quia</strong></span> <span class='ocrx_word' id='word_1_272' title='bbox 519 2043 710 2085; x_wconf 76' lang='lat' dir='ltr'><strong>siguificare</strong></span> <span class='ocrx_word' id='word_1_273' title='bbox 746 2041 847 2073; x_wconf 73' lang='lat' dir='ltr'><strong>voluit</strong></span> <span class='ocrx_word' id='word_1_274' title='bbox 883 2041 1066 2072; x_wconf 82' lang='lat' dir='ltr'><strong>doctrinam</strong></span> <span class='ocrx_word' id='word_1_275' title='bbox 1102 2050 1178 2071; x_wconf 82' lang='lat' dir='ltr'><strong>esse</strong></span> 
     </span>
     <span class='ocr_line' id='line_1_40' title="bbox 199 2082 1176 2130; baseline -0.006 -11"><span class='ocrx_word' id='word_1_276' title='bbox 199 2089 371 2130; x_wconf 80' lang='lat' dir='ltr'><strong>integram,</strong></span> <span class='ocrx_word' id='word_1_277' title='bbox 395 2085 475 2118; x_wconf 89' lang='lat' dir='ltr'><strong>nihil</strong></span> <span class='ocrx_word' id='word_1_278' title='bbox 499 2087 685 2118; x_wconf 87' lang='lat' dir='ltr'><strong>addendum</strong></span> <span class='ocrx_word' id='word_1_279' title='bbox 709 2096 786 2116; x_wconf 62' lang='lat' dir='ltr'><strong>csse</strong></span> <span class='ocrx_word' id='word_1_280' title='bbox 802 2085 883 2127; x_wconf 73' lang='lat' dir='ltr'><strong>Legi</strong></span> <span class='ocrx_word' id='word_1_281' title='bbox 907 2090 963 2116; x_wconf 86' lang='lat' dir='ltr'><strong>aut</strong></span> <span class='ocrx_word' id='word_1_282' title='bbox 983 2082 1176 2125; x_wconf 73' lang='lat' dir='ltr'><strong>Evangelio,</strong></span> 
     </span>
     <span class='ocr_line' id='line_1_41' title="bbox 199 2128 1178 2172; baseline -0.005 -11"><span class='ocrx_word' id='word_1_283' title='bbox 199 2132 286 2163; x_wconf 85' lang='lat' dir='ltr'><strong>sicut</strong></span> <span class='ocrx_word' id='word_1_284' title='bbox 310 2130 509 2172; x_wconf 84' lang='lat' dir='ltr'><strong>praecipitur</strong></span> <span class='ocrx_word' id='word_1_285' title='bbox 533 2130 563 2161; x_wconf 93' lang='lat' dir='ltr'><strong>in</strong></span> <span class='ocrx_word' id='word_1_286' title='bbox 588 2129 863 2160; x_wconf 80' lang='lat' dir='ltr'><strong>Deuteronomio:</strong></span> <span class='ocrx_word' id='word_1_287' title='bbox 881 2128 974 2159; x_wconf 69' lang='lat' dir='ltr'><strong>Nihil</strong></span> <span class='ocrx_word' id='word_1_288' title='bbox 995 2128 1108 2161; x_wconf 78' lang='lat' dir='ltr'><strong>addas,</strong></span> <span class='ocrx_word' id='word_1_289' title='bbox 1127 2137 1178 2156; x_wconf 76' lang='lat' dir='ltr'><strong>‘ln’-</strong></span> 
     </span>
     <span class='ocr_line' id='line_1_42' title="bbox 199 2170 1178 2214; baseline -0.005 -11"><span class='ocrx_word' id='word_1_290' title='bbox 199 2184 257 2214; x_wconf 77' lang='lat' dir='ltr'><strong>qne</strong></span> <span class='ocrx_word' id='word_1_291' title='bbox 280 2173 438 2203; x_wconf 74' lang='lat' dir='ltr'><strong>deb-altus.</strong></span> <span class='ocrx_word' id='word_1_292' title='bbox 485 2173 579 2204; x_wconf 84' lang='lat' dir='ltr'><strong>ltem:</strong></span> <span class='ocrx_word' id='word_1_293' title='bbox 614 2172 754 2202; x_wconf 71' lang='lat' dir='ltr'><strong>Lucerna</strong></span> <span class='ocrx_word' id='word_1_294' title='bbox 786 2172 919 2211; x_wconf 69' lang='lat' dir='ltr'><strong>pedibus</strong></span> <span class='ocrx_word' id='word_1_295' title='bbox 952 2173 1026 2200; x_wconf 77' lang='lat' dir='ltr'><strong>meis</strong></span> <span class='ocrx_word' id='word_1_296' title='bbox 1060 2170 1178 2200; x_wconf 61' lang='lat' dir='ltr'><strong>corbum</strong></span> 
     </span>
     <span class='ocr_line' id='line_1_43' title="bbox 201 2215 1178 2254; baseline -0.004 -7"><span class='ocrx_word' id='word_1_297' title='bbox 201 2221 293 2248; x_wconf 70' lang='lat' dir='ltr'><strong>latmi.</strong></span> <span class='ocrx_word' id='word_1_298' title='bbox 340 2215 431 2248; x_wconf 80' lang='lat' dir='ltr'><strong>lteni:</strong></span> <span class='ocrx_word' id='word_1_299' title='bbox 457 2217 620 2247; x_wconf 75' lang='lat' dir='ltr'><strong>Ambulatc</strong></span> <span class='ocrx_word' id='word_1_300' title='bbox 649 2217 680 2244; x_wconf 78' lang='lat' dir='ltr'><strong>iu</strong></span> <span class='ocrx_word' id='word_1_301' title='bbox 715 2217 788 2244; x_wconf 72' lang='lat' dir='ltr'><strong>meis</strong></span> <span class='ocrx_word' id='word_1_302' title='bbox 817 2216 1016 2254; x_wconf 72' lang='lat' dir='ltr'><strong>praeceptis,</strong></span> <span class='ocrx_word' id='word_1_303' title='bbox 1052 2224 1112 2243; x_wconf 83' lang='lat' dir='ltr'><strong>non</strong></span> <span class='ocrx_word' id='word_1_304' title='bbox 1147 2215 1178 2244; x_wconf 79' lang='lat'><strong>1⁰71</strong></span> 
     </span>
     <span class='ocr_line' id='line_1_44' title="bbox 196 2258 1178 2300; baseline -0.002 -11"><span class='ocrx_word' id='word_1_305' title='bbox 196 2262 378 2300; x_wconf 73' lang='lat' dir='ltr'><strong>praeceptis</strong></span> <span class='ocrx_word' id='word_1_306' title='bbox 407 2263 534 2299; x_wconf 76' lang='lat' dir='ltr'><strong>patrum</strong></span> <span class='ocrx_word' id='word_1_307' title='bbox 569 2263 743 2289; x_wconf 63' lang='lat' dir='ltr'><strong>vestrorum.</strong></span> <span class='ocrx_word' id='word_1_308' title='bbox 800 2258 869 2289; x_wconf 82' lang='lat' dir='ltr'><strong>llos</strong></span> <span class='ocrx_word' id='word_1_309' title='bbox 905 2259 989 2289; x_wconf 81' lang='lat' dir='ltr'><strong>duos</strong></span> <span class='ocrx_word' id='word_1_310' title='bbox 1024 2258 1178 2288; x_wconf 85' lang='lat' dir='ltr'><strong>denarios</strong></span> 
     </span>
     <span class='ocr_line' id='line_1_45' title="bbox 201 2300 1178 2345; baseline -0.004 -11"><span class='ocrx_word' id='word_1_311' title='bbox 201 2304 255 2336; x_wconf 86' lang='lat' dir='ltr'><strong>dat</strong></span> <span class='ocrx_word' id='word_1_312' title='bbox 277 2303 455 2345; x_wconf 80' lang='lat' dir='ltr'><strong>hospiti,et</strong></span> <span class='ocrx_word' id='word_1_313' title='bbox 477 2303 563 2334; x_wconf 85' lang='lat' dir='ltr'><strong>iubet</strong></span> <span class='ocrx_word' id='word_1_314' title='bbox 589 2303 663 2333; x_wconf 88' lang='lat' dir='ltr'><strong>inde</strong></span> <span class='ocrx_word' id='word_1_315' title='bbox 685 2302 756 2333; x_wconf 82' lang='lat' dir='ltr'><strong>fiori</strong></span> <span class='ocrx_word' id='word_1_316' title='bbox 774 2307 947 2343; x_wconf 84' lang='lat' dir='ltr'><strong>sumptum.</strong></span> <span class='ocrx_word' id='word_1_317' title='bbox 993 2300 1178 2343; x_wconf 77' lang='lat' dir='ltr'><strong>Significat,</strong></span> 
     </span>
     <span class='ocr_line' id='line_1_46' title="bbox 201 2345 1177 2389; baseline -0.005 -10"><span class='ocrx_word' id='word_1_318' title='bbox 201 2347 288 2389; x_wconf 86' lang='lat' dir='ltr'><strong>quod</strong></span> <span class='ocrx_word' id='word_1_319' title='bbox 312 2347 343 2377; x_wconf 93' lang='lat' dir='ltr'><strong>in</strong></span> <span class='ocrx_word' id='word_1_320' title='bbox 368 2345 523 2378; x_wconf 71' lang='lat' dir='ltr'><strong>Ecclesia</strong></span> <span class='ocrx_word' id='word_1_321' title='bbox 547 2346 762 2387; x_wconf 78' lang='lat' dir='ltr'><strong>proponenda</strong></span> <span class='ocrx_word' id='word_1_322' title='bbox 786 2351 835 2375; x_wconf 82' lang='lat' dir='ltr'><strong>est</strong></span> <span class='ocrx_word' id='word_1_323' title='bbox 858 2351 997 2386; x_wconf 89' lang='lat' dir='ltr'><strong>utraque</strong></span> <span class='ocrx_word' id='word_1_324' title='bbox 1016 2345 1177 2381; x_wconf 86' lang='lat' dir='ltr'><strong>doctrina,</strong></span> 
     </span>
     <span class='ocr_line' id='line_1_47' title="bbox 201 2386 1178 2431; baseline -0.004 -10"><span class='ocrx_word' id='word_1_325' title='bbox 201 2390 268 2421; x_wconf 60' lang='lat' dir='ltr'><strong>Les</strong></span> <span class='ocrx_word' id='word_1_326' title='bbox 293 2396 320 2421; x_wconf 87' lang='lat' dir='ltr'><strong>et</strong></span> <span class='ocrx_word' id='word_1_327' title='bbox 348 2388 579 2431; x_wconf 74' lang='lat' dir='ltr'><strong>Evangelium,</strong></span> <span class='ocrx_word' id='word_1_328' title='bbox 615 2389 674 2420; x_wconf 77' lang='lat' dir='ltr'><strong>sed</strong></span> <span class='ocrx_word' id='word_1_329' title='bbox 705 2398 766 2419; x_wconf 81' lang='lat' dir='ltr'><strong>suo</strong></span> <span class='ocrx_word' id='word_1_330' title='bbox 791 2389 916 2419; x_wconf 87' lang='lat' dir='ltr'><strong>ordine.</strong></span> <span class='ocrx_word' id='word_1_331' title='bbox 963 2386 1178 2429; x_wconf 84' lang='lat' dir='ltr'><strong>Evangelium</strong></span> 
     </span>
     <span class='ocr_line' id='line_1_48' title="bbox 201 2431 1178 2475; baseline -0.004 -10"><span class='ocrx_word' id='word_1_332' title='bbox 201 2437 434 2475; x_wconf 84' lang='lat' dir='ltr'><strong>interpretatur</strong></span> <span class='ocrx_word' id='word_1_333' title='bbox 470 2433 616 2474; x_wconf 84' lang='lat' dir='ltr'><strong>Legem,</strong></span> <span class='ocrx_word' id='word_1_334' title='bbox 651 2438 683 2463; x_wconf 86' lang='lat' dir='ltr'><strong>ct</strong></span> <span class='ocrx_word' id='word_1_335' title='bbox 717 2432 883 2469; x_wconf 81' lang='lat' dir='ltr'><strong>ostendit,</strong></span> <span class='ocrx_word' id='word_1_336' title='bbox 918 2431 991 2472; x_wconf 74' lang='lat' dir='ltr'><strong>quis</strong></span> <span class='ocrx_word' id='word_1_337' title='bbox 1025 2431 1067 2461; x_wconf 74' lang='lat' dir='ltr'><strong>sit</strong></span> <span class='ocrx_word' id='word_1_338' title='bbox 1098 2438 1178 2462; x_wconf 77' lang='lat' dir='ltr'><strong>usus</strong></span> 
     </span>
     <span class='ocr_line' id='line_1_49' title="bbox 201 2476 312 2518; baseline -0.009 -11"><span class='ocrx_word' id='word_1_339' title='bbox 201 2476 312 2518; x_wconf 73' lang='lat' dir='ltr'><strong>Legis.</strong></span> 
     </span>
    </p>

    <p class='ocr_par' dir='ltr' id='par_1_6' title="bbox 201 2516 1180 2637">
     <span class='ocr_line' id='line_1_50' title="bbox 291 2516 1177 2559; baseline -0.002 -11"><span class='ocrx_word' id='word_1_340' title='bbox 291 2519 465 2559; x_wconf 65' lang='lat' dir='ltr'><strong>DiliJJeuter</strong></span> <span class='ocrx_word' id='word_1_341' title='bbox 483 2529 548 2549; x_wconf 79' lang='lat' dir='ltr'><strong>eum</strong></span> <span class='ocrx_word' id='word_1_342' title='bbox 567 2529 651 2554; x_wconf 79' lang='lat' dir='ltr'><strong>curn,</strong></span> <span class='ocrx_word' id='word_1_343' title='bbox 673 2517 787 2559; x_wconf 77' lang='lat' dir='ltr'><strong>inquit.</strong></span> <span class='ocrx_word' id='word_1_344' title='bbox 836 2516 906 2547; x_wconf 83' lang='lat' dir='ltr'><strong>Hoc</strong></span> <span class='ocrx_word' id='word_1_345' title='bbox 933 2517 1092 2557; x_wconf 77' lang='lat' dir='ltr'><strong>praecipit</strong></span> <span class='ocrx_word' id='word_1_346' title='bbox 1123 2517 1177 2547; x_wconf 81' lang='lat' dir='ltr'><strong>ini-</strong></span> 
     </span>
     <span class='ocr_line' id='line_1_51' title="bbox 201 2561 1178 2594; baseline -0.004 0"><span class='ocrx_word' id='word_1_347' title='bbox 201 2563 313 2594; x_wconf 81' lang='lat' dir='ltr'><strong>nistris</strong></span> <span class='ocrx_word' id='word_1_348' title='bbox 338 2569 370 2594; x_wconf 90' lang='lat' dir='ltr'><strong>et</strong></span> <span class='ocrx_word' id='word_1_349' title='bbox 393 2563 598 2594; x_wconf 78' lang='lat' dir='ltr'><strong>ducentibus.</strong></span> <span class='ocrx_word' id='word_1_350' title='bbox 643 2561 714 2592; x_wconf 88' lang='lat' dir='ltr'><strong>Nos</strong></span> <span class='ocrx_word' id='word_1_351' title='bbox 739 2561 896 2591; x_wconf 71' lang='lat' dir='ltr'><strong>debemus</strong></span> <span class='ocrx_word' id='word_1_352' title='bbox 925 2565 1017 2591; x_wconf 86' lang='lat' dir='ltr'><strong>recte</strong></span> <span class='ocrx_word' id='word_1_353' title='bbox 1046 2561 1178 2591; x_wconf 89' lang='lat' dir='ltr'><strong>docere.</strong></span> 
     </span>
     <span class='ocr_line' id='line_1_52' title="bbox 201 2603 1180 2637; baseline -0.004 0"><span class='ocrx_word' id='word_1_354' title='bbox 201 2605 244 2636; x_wconf 84' lang='lat' dir='ltr'><strong>Et</strong></span> <span class='ocrx_word' id='word_1_355' title='bbox 266 2605 422 2637; x_wconf 82' lang='lat' dir='ltr'><strong>docemus</strong></span> <span class='ocrx_word' id='word_1_356' title='bbox 444 2605 655 2637; x_wconf 85' lang='lat' dir='ltr'><strong>mediocriter</strong></span> <span class='ocrx_word' id='word_1_357' title='bbox 678 2604 738 2635; x_wconf 88' lang='lat' dir='ltr'><strong>Dei</strong></span> <span class='ocrx_word' id='word_1_358' title='bbox 768 2603 938 2634; x_wconf 81' lang='lat' dir='ltr'><strong>beneficio.</strong></span> <span class='ocrx_word' id='word_1_359' title='bbox 985 2603 1052 2634; x_wconf 85' lang='lat' dir='ltr'><strong>Sed</strong></span> <span class='ocrx_word' id='word_1_360' title='bbox 1083 2603 1180 2634; x_wconf 79' lang='lat' dir='ltr'><strong>disei-</strong></span> 
     </span>
    </p>
   </div>
   <div class='ocr_carea' id='block_1_5' title="bbox 1204 271 1208 325">
    <p class='ocr_par' dir='ltr' id='par_1_7' title="bbox 1204 271 1208 325">
     <span class='ocr_line' id='line_1_53' title="bbox 1204 271 1208 325; baseline 0 0"><span class='ocrx_word' id='word_1_361' title='bbox 1204 271 1208 325; x_wconf 79' lang='grc' dir='ltr'>Ι</span> 
     </span>
    </p>
   </div>
   <div class='ocr_carea' id='block_1_6' title="bbox 2148 177 2213 210">
    <p class='ocr_par' dir='ltr' id='par_1_8' title="bbox 2148 177 2213 210">
     <span class='ocr_line' id='line_1_54' title="bbox 2148 177 2213 210; baseline 0.015 -1"><span class='ocrx_word' id='word_1_362' title='bbox 2148 177 2213 210; x_wconf 85' lang='grc'><strong>388</strong></span> 
     </span>
    </p>
   </div>
   <div class='ocr_carea' id='block_1_7' title="bbox 1232 267 2211 312">
    <p class='ocr_par' dir='ltr' id='par_1_9' title="bbox 1232 267 2211 312">
     <span class='ocr_line' id='line_1_55' title="bbox 1232 267 2211 312; baseline 0 -12"><span class='ocrx_word' id='word_1_363' title='bbox 1232 279 1304 301; x_wconf 88' lang='lat' dir='ltr'><strong>mus</strong></span> <span class='ocrx_word' id='word_1_364' title='bbox 1327 279 1392 300; x_wconf 80' lang='lat' dir='ltr'><strong>vox</strong></span> <span class='ocrx_word' id='word_1_365' title='bbox 1417 267 1611 300; x_wconf 86' lang='lat' dir='ltr'><strong>clamantis:</strong></span> <span class='ocrx_word' id='word_1_366' title='bbox 1663 268 1730 299; x_wconf 86' lang='lat' dir='ltr'><strong>Wir</strong></span> <span class='ocrx_word' id='word_1_367' title='bbox 1753 270 1872 299; x_wconf 57' lang='lat' dir='ltr'><strong>konnen</strong></span> <span class='ocrx_word' id='word_1_368' title='bbox 1897 269 2105 312; x_wconf 80' lang='lat' dir='ltr'><strong>disciplinam</strong></span> <span class='ocrx_word' id='word_1_369' title='bbox 2128 271 2211 301; x_wconf 77' lang='lat' dir='ltr'><strong>nicht</strong></span> 
     </span>
    </p>
   </div>
   <div class='ocr_carea' id='block_1_8' title="bbox 1203 311 2212 361">
    <p class='ocr_par' dir='ltr' id='par_1_10' title="bbox 1203 311 2212 361">
     <span class='ocr_line' id='line_1_56' title="bbox 1203 311 2212 361; baseline 0.003 -20"><span class='ocrx_word' id='word_1_370' title='bbox 1203 329 1208 361; x_wconf 21' lang='grc' dir='ltr'><strong>ιη</strong></span> <span class='ocrx_word' id='word_1_371' title='bbox 1231 323 1266 342; x_wconf 90' lang='lat' dir='ltr'><strong>so</strong></span> <span class='ocrx_word' id='word_1_372' title='bbox 1289 312 1377 342; x_wconf 75' lang='lat' dir='ltr'><strong>stru-l&lt;</strong></span> <span class='ocrx_word' id='word_1_373' title='bbox 1400 311 1551 350; x_wconf 76' lang='lat' dir='ltr'><strong>erhulcen,</strong></span> <span class='ocrx_word' id='word_1_374' title='bbox 1573 322 1657 341; x_wconf 75' lang='lat' dir='ltr'><strong>wctm</strong></span> <span class='ocrx_word' id='word_1_375' title='bbox 1680 323 1750 342; x_wconf 83' lang='lat' dir='ltr'><strong>man</strong></span> <span class='ocrx_word' id='word_1_376' title='bbox 1773 313 1858 343; x_wconf 67' lang='lat' dir='ltr'><strong>nieht</strong></span> <span class='ocrx_word' id='word_1_377' title='bbox 1881 313 1960 352; x_wconf 73' lang='lat' dir='ltr'><strong>that,</strong></span> <span class='ocrx_word' id='word_1_378' title='bbox 1976 315 2031 343; x_wconf 83' lang='lat' dir='ltr'><strong>wie</strong></span> <span class='ocrx_word' id='word_1_379' title='bbox 2054 315 2104 344; x_wconf 75' lang='grc' dir='ltr'><strong>εἰη</strong></span> <span class='ocrx_word' id='word_1_380' title='bbox 2126 314 2212 344; x_wconf 76' lang='lat' dir='ltr'><strong>ieder</strong></span> 
     </span>
    </p>
   </div>
   <div class='ocr_carea' id='block_1_9' title="bbox 1200 1970 1208 2685">
    <p class='ocr_par' dir='ltr' id='par_1_11' title="bbox 1200 1970 1208 2685">
     <span class='ocr_line' id='line_1_57' title="bbox 1203 1970 1208 2241; baseline 0 0"><span class='ocrx_word' id='word_1_381' title='bbox 1203 1970 1208 2241; x_wconf 63' lang='grc' dir='ltr'>ι</span> 
     </span>
     <span class='ocr_line' id='line_1_58' title="bbox 1200 2245 1208 2685; baseline 0 0"><span class='ocrx_word' id='word_1_382' title='bbox 1200 2245 1208 2685; x_wconf 65' lang='grc' dir='ltr'><strong><em>ἰ</em></strong></span> 
     </span>
    </p>
   </div>
   <div class='ocr_carea' id='block_1_10' title="bbox 1229 355 2214 2642">
    <p class='ocr_par' dir='ltr' id='par_1_12' title="bbox 1231 355 2213 743">
     <span class='ocr_line' id='line_1_59' title="bbox 1231 355 2213 398; baseline 0.005 -14"><span class='ocrx_word' id='word_1_383' title='bbox 1231 355 1304 390; x_wconf 81' lang='lat' dir='ltr'><em>will,</em></span> <span class='ocrx_word' id='word_1_384' title='bbox 1327 366 1361 385; x_wconf 88' lang='lat' dir='ltr'><strong>so</strong></span> <span class='ocrx_word' id='word_1_385' title='bbox 1384 355 1451 394; x_wconf 66' lang='lat' dir='ltr'><strong>[sibl</strong></span> <span class='ocrx_word' id='word_1_386' title='bbox 1481 366 1548 384; x_wconf 71' lang='lat' dir='ltr'><strong>man</strong></span> <span class='ocrx_word' id='word_1_387' title='bbox 1568 355 1707 394; x_wconf 75' lang='lat' dir='ltr'><strong>pocleens</strong></span> <span class='ocrx_word' id='word_1_388' title='bbox 1725 357 1789 394; x_wconf 81' lang='lat' dir='ltr'><strong>fur.</strong></span> <span class='ocrx_word' id='word_1_389' title='bbox 1836 356 1926 388; x_wconf 85' lang='lat' dir='ltr'><strong>Talis</strong></span> <span class='ocrx_word' id='word_1_390' title='bbox 1956 362 2006 388; x_wconf 74' lang='lat' dir='ltr'><strong>cst</strong></span> <span class='ocrx_word' id='word_1_391' title='bbox 2034 355 2213 398; x_wconf 76' lang='lat' dir='ltr'><strong>petulantia</strong></span> 
     </span>
     <span class='ocr_line' id='line_1_60' title="bbox 1231 397 2212 441; baseline 0.002 -11"><span class='ocrx_word' id='word_1_392' title='bbox 1231 404 1263 430; x_wconf 80' lang='lat' dir='ltr'><strong>et</strong></span> <span class='ocrx_word' id='word_1_393' title='bbox 1285 397 1408 430; x_wconf 89' lang='lat' dir='ltr'><strong>malitia</strong></span> <span class='ocrx_word' id='word_1_394' title='bbox 1433 398 1529 430; x_wconf 78' lang='lat' dir='ltr'><strong>liuius</strong></span> <span class='ocrx_word' id='word_1_395' title='bbox 1552 399 1693 437; x_wconf 74' lang='lat' dir='ltr'><strong>aetatis,</strong></span> <span class='ocrx_word' id='word_1_396' title='bbox 1728 406 1762 430; x_wconf 93' lang='lat' dir='ltr'><strong>ut</strong></span> <span class='ocrx_word' id='word_1_397' title='bbox 1791 399 1881 431; x_wconf 86' lang='lat' dir='ltr'><strong>inulti</strong></span> <span class='ocrx_word' id='word_1_398' title='bbox 1906 399 2099 441; x_wconf 85' lang='lat' dir='ltr'><strong>simpliciter</strong></span> <span class='ocrx_word' id='word_1_399' title='bbox 2121 401 2212 432; x_wconf 86' lang='lat' dir='ltr'><strong>indu-</strong></span> 
     </span>
     <span class='ocr_line' id='line_1_61' title="bbox 1232 442 2212 486; baseline 0.003 -14"><span class='ocrx_word' id='word_1_400' title='bbox 1232 448 1307 473; x_wconf 92' lang='lat' dir='ltr'><strong>cunt</strong></span> <span class='ocrx_word' id='word_1_401' title='bbox 1334 443 1365 472; x_wconf 92' lang='lat' dir='ltr'><strong>in</strong></span> <span class='ocrx_word' id='word_1_402' title='bbox 1389 442 1540 475; x_wconf 86' lang='lat' dir='ltr'><strong>animuin,</strong></span> <span class='ocrx_word' id='word_1_403' title='bbox 1565 448 1721 486; x_wconf 78' lang='lat' dir='ltr'><strong>oportere</strong></span> <span class='ocrx_word' id='word_1_404' title='bbox 1754 442 1836 484; x_wconf 84' lang='lat' dir='ltr'><strong>ipsis</strong></span> <span class='ocrx_word' id='word_1_405' title='bbox 1871 444 1990 475; x_wconf 86' lang='lat' dir='ltr'><strong>cedere</strong></span> <span class='ocrx_word' id='word_1_406' title='bbox 2025 442 2140 485; x_wconf 83' lang='lat' dir='ltr'><strong>leges,</strong></span> <span class='ocrx_word' id='word_1_407' title='bbox 2174 452 2212 475; x_wconf 90' lang='lat' dir='ltr'><strong>se</strong></span> 
     </span>
     <span class='ocr_line' id='line_1_62' title="bbox 1232 484 2211 526; baseline 0 -11"><span class='ocrx_word' id='word_1_408' title='bbox 1232 495 1298 515; x_wconf 90' lang='lat' dir='ltr'><strong>non</strong></span> <span class='ocrx_word' id='word_1_409' title='bbox 1323 491 1478 525; x_wconf 84' lang='lat' dir='ltr'><strong>oportere</strong></span> <span class='ocrx_word' id='word_1_410' title='bbox 1502 485 1622 516; x_wconf 84' lang='lat' dir='ltr'><strong>cedere</strong></span> <span class='ocrx_word' id='word_1_411' title='bbox 1645 484 1785 526; x_wconf 76' lang='lat' dir='ltr'><strong>legibus,</strong></span> <span class='ocrx_word' id='word_1_412' title='bbox 1832 485 1898 516; x_wconf 76' lang='lat' dir='ltr'><strong>Der</strong></span> <span class='ocrx_word' id='word_1_413' title='bbox 1920 486 2020 515; x_wconf 70' lang='lat' dir='ltr'><strong>Tum-l:</strong></span> <span class='ocrx_word' id='word_1_414' title='bbox 2036 487 2117 515; x_wconf 67' lang='lat' dir='ltr'><strong>wiri!</strong></span> <span class='ocrx_word' id='word_1_415' title='bbox 2134 486 2211 516; x_wconf 74' lang='lat' dir='ltr'><strong>weli-</strong></span> 
     </span>
     <span class='ocr_line' id='line_1_63' title="bbox 1233 528 2211 571; baseline 0.005 -15"><span class='ocrx_word' id='word_1_416' title='bbox 1233 538 1303 561; x_wconf 82' lang='lat' dir='ltr'><strong>rcn,</strong></span> <span class='ocrx_word' id='word_1_417' title='bbox 1330 539 1374 557; x_wconf 77' lang='lat' dir='ltr'><strong>wo</strong></span> <span class='ocrx_word' id='word_1_418' title='bbox 1398 539 1430 558; x_wconf 72' lang='lat' dir='ltr'><strong>cs</strong></span> <span class='ocrx_word' id='word_1_419' title='bbox 1455 528 1530 557; x_wconf 73' lang='lat' dir='ltr'><strong>(loll</strong></span> <span class='ocrx_word' id='word_1_420' title='bbox 1555 528 1641 557; x_wconf 64' lang='lat' dir='ltr'><strong>nicht</strong></span> <span class='ocrx_word' id='word_1_421' title='bbox 1665 528 1795 563; x_wconf 72' lang='lat' dir='ltr'><strong>limlert,</strong></span> <span class='ocrx_word' id='word_1_422' title='bbox 1820 536 1955 570; x_wconf 86' lang='lat' dir='ltr'><strong>propter</strong></span> <span class='ocrx_word' id='word_1_423' title='bbox 1978 531 2120 571; x_wconf 80' lang='lat' dir='ltr'><strong>gemitus</strong></span> <span class='ocrx_word' id='word_1_424' title='bbox 2144 530 2211 571; x_wconf 83' lang='lat' dir='ltr'><strong>pio-</strong></span> 
     </span>
     <span class='ocr_line' id='line_1_64' title="bbox 1232 570 2212 614; baseline 0.003 -13"><span class='ocrx_word' id='word_1_425' title='bbox 1232 581 1314 602; x_wconf 90' lang='lat' dir='ltr'><strong>rum.</strong></span> <span class='ocrx_word' id='word_1_426' title='bbox 1344 570 1400 601; x_wconf 83' lang='lat' dir='ltr'><strong>lsti</strong></span> <span class='ocrx_word' id='word_1_427' title='bbox 1418 577 1538 608; x_wconf 85' lang='lat' dir='ltr'><strong>tamen,</strong></span> <span class='ocrx_word' id='word_1_428' title='bbox 1551 572 1605 611; x_wconf 83' lang='lat' dir='ltr'><strong>qui</strong></span> <span class='ocrx_word' id='word_1_429' title='bbox 1630 582 1695 602; x_wconf 90' lang='lat' dir='ltr'><strong>non</strong></span> <span class='ocrx_word' id='word_1_430' title='bbox 1721 578 1970 611; x_wconf 80' lang='lat' dir='ltr'><strong>convertuntur,</strong></span> <span class='ocrx_word' id='word_1_431' title='bbox 1988 573 2113 604; x_wconf 87' lang='lat' dir='ltr'><strong>dabunt</strong></span> <span class='ocrx_word' id='word_1_432' title='bbox 2136 581 2212 614; x_wconf 89' lang='lat' dir='ltr'><strong>poe-</strong></span> 
     </span>
     <span class='ocr_line' id='line_1_65' title="bbox 1233 613 2211 657; baseline 0 -13"><span class='ocrx_word' id='word_1_433' title='bbox 1233 624 1307 651; x_wconf 90' lang='lat' dir='ltr'><strong>nas,</strong></span> <span class='ocrx_word' id='word_1_434' title='bbox 1330 624 1396 645; x_wconf 90' lang='lat' dir='ltr'><strong>non</strong></span> <span class='ocrx_word' id='word_1_435' title='bbox 1420 613 1587 656; x_wconf 72' lang='lat' dir='ltr'><strong>effugient.</strong></span> <span class='ocrx_word' id='word_1_436' title='bbox 1636 614 1716 646; x_wconf 84' lang='lat' dir='ltr'><strong>Cum</strong></span> <span class='ocrx_word' id='word_1_437' title='bbox 1751 625 1832 656; x_wconf 84' lang='lat' dir='ltr'><strong>ergo</strong></span> <span class='ocrx_word' id='word_1_438' title='bbox 1867 616 1984 657; x_wconf 87' lang='lat' dir='ltr'><strong>inquit:</strong></span> <span class='ocrx_word' id='word_1_439' title='bbox 2020 615 2103 645; x_wconf 80' lang='lat' dir='ltr'><strong>Cura</strong></span> <span class='ocrx_word' id='word_1_440' title='bbox 2133 626 2211 645; x_wconf 82' lang='lat' dir='ltr'><strong>eum:</strong></span> 
     </span>
     <span class='ocr_line' id='line_1_66' title="bbox 1233 656 2212 701; baseline 0.002 -13"><span class='ocrx_word' id='word_1_441' title='bbox 1233 657 1481 698; x_wconf 85' lang='lat' dir='ltr'><strong>comprehendit</strong></span> <span class='ocrx_word' id='word_1_442' title='bbox 1517 656 1626 688; x_wconf 87' lang='lat' dir='ltr'><strong>osticia</strong></span> <span class='ocrx_word' id='word_1_443' title='bbox 1660 659 1833 689; x_wconf 86' lang='lat' dir='ltr'><strong>doctorum</strong></span> <span class='ocrx_word' id='word_1_444' title='bbox 1863 664 1894 690; x_wconf 84' lang='lat' dir='ltr'><strong>et</strong></span> <span class='ocrx_word' id='word_1_445' title='bbox 1932 659 2212 701; x_wconf 85' lang='lat' dir='ltr'><strong>gubernatorum:</strong></span> 
     </span>
     <span class='ocr_line' id='line_1_67' title="bbox 1233 700 1792 743; baseline 0.002 -12"><span class='ocrx_word' id='word_1_446' title='bbox 1233 701 1355 733; x_wconf 89' lang='lat' dir='ltr'><strong>docere</strong></span> <span class='ocrx_word' id='word_1_447' title='bbox 1379 706 1410 731; x_wconf 84' lang='lat' dir='ltr'><strong>et</strong></span> <span class='ocrx_word' id='word_1_448' title='bbox 1435 710 1552 743; x_wconf 75' lang='lat' dir='ltr'><strong>regere</strong></span> <span class='ocrx_word' id='word_1_449' title='bbox 1576 700 1792 742; x_wconf 85' lang='lat' dir='ltr'><strong>disciplinam.</strong></span> 
     </span>
    </p>

    <p class='ocr_par' dir='ltr' id='par_1_13' title="bbox 1231 743 2214 1302">
     <span class='ocr_line' id='line_1_68' title="bbox 1318 743 2212 785; baseline 0.002 -11"><span class='ocrx_word' id='word_1_450' title='bbox 1318 743 1420 774; x_wconf 83' lang='lat' dir='ltr'><strong>Addit</strong></span> <span class='ocrx_word' id='word_1_451' title='bbox 1444 754 1538 775; x_wconf 76' lang='lat' dir='ltr'><strong>vero:</strong></span> <span class='ocrx_word' id='word_1_452' title='bbox 1561 744 1592 774; x_wconf 68' lang='lat' dir='ltr'><strong>si</strong></span> <span class='ocrx_word' id='word_1_453' title='bbox 1613 745 1691 785; x_wconf 76' lang='lat' dir='ltr'><strong>qnid</strong></span> <span class='ocrx_word' id='word_1_454' title='bbox 1712 749 1887 785; x_wconf 73' lang='lat' dir='ltr'><strong>praeterea.</strong></span> <span class='ocrx_word' id='word_1_455' title='bbox 1911 746 2114 785; x_wconf 73' lang='lat' dir='ltr'><strong>crpcnderls,</strong></span> <span class='ocrx_word' id='word_1_456' title='bbox 2138 745 2212 776; x_wconf 83' lang='lat' dir='ltr'><strong>red-</strong></span> 
     </span>
     <span class='ocr_line' id='line_1_69' title="bbox 1231 786 2213 830; baseline 0.003 -14"><span class='ocrx_word' id='word_1_457' title='bbox 1231 786 1307 817; x_wconf 78' lang='lat' dir='ltr'><strong>dam</strong></span> <span class='ocrx_word' id='word_1_458' title='bbox 1330 786 1397 824; x_wconf 75' lang='lat' dir='ltr'><strong>cibi,</strong></span> <span class='ocrx_word' id='word_1_459' title='bbox 1420 797 1488 818; x_wconf 77' lang='lat' dir='ltr'><strong>cum</strong></span> <span class='ocrx_word' id='word_1_460' title='bbox 1510 788 1650 818; x_wconf 70' lang='lat' dir='ltr'><strong>rediero.</strong></span> <span class='ocrx_word' id='word_1_461' title='bbox 1683 787 1724 818; x_wconf 88' lang='lat' dir='ltr'><strong>Et</strong></span> <span class='ocrx_word' id='word_1_462' title='bbox 1747 798 1824 819; x_wconf 85' lang='lat' dir='ltr'><strong>mox</strong></span> <span class='ocrx_word' id='word_1_463' title='bbox 1847 788 1935 819; x_wconf 87' lang='lat' dir='ltr'><strong>addit</strong></span> <span class='ocrx_word' id='word_1_464' title='bbox 1959 787 2213 830; x_wconf 80' lang='lat' dir='ltr'><strong>applicationem</strong></span> 
     </span>
     <span class='ocr_line' id='line_1_70' title="bbox 1231 829 2212 872; baseline 0.002 -12"><span class='ocrx_word' id='word_1_465' title='bbox 1231 831 1333 861; x_wconf 88' lang='lat' dir='ltr'><strong>totius</strong></span> <span class='ocrx_word' id='word_1_466' title='bbox 1356 829 1557 870; x_wconf 80' lang='lat' dir='ltr'><strong>parabolae:</strong></span> <span class='ocrx_word' id='word_1_467' title='bbox 1604 832 1684 869; x_wconf 70' lang='lat' dir='ltr'><strong>Quis</strong></span> <span class='ocrx_word' id='word_1_468' title='bbox 1707 835 1755 862; x_wconf 72' lang='lat' dir='ltr'><strong>est</strong></span> <span class='ocrx_word' id='word_1_469' title='bbox 1778 832 1828 862; x_wconf 80' lang='lat' dir='ltr'><strong>illi</strong></span> <span class='ocrx_word' id='word_1_470' title='bbox 1845 832 2037 872; x_wconf 69' lang='lat' dir='ltr'><strong>prarz&#39;mus?</strong></span> <span class='ocrx_word' id='word_1_471' title='bbox 2082 829 2140 863; x_wconf 82' lang='lat' dir='ltr'><strong>ule</strong></span> <span class='ocrx_word' id='word_1_472' title='bbox 2162 841 2212 862; x_wconf 82' lang='lat' dir='ltr'><strong>re-</strong></span> 
     </span>
     <span class='ocr_line' id='line_1_71' title="bbox 1231 873 2212 915; baseline 0.002 -12"><span class='ocrx_word' id='word_1_473' title='bbox 1231 874 1394 913; x_wconf 85' lang='lat' dir='ltr'><strong>spondet:</strong></span> <span class='ocrx_word' id='word_1_474' title='bbox 1442 874 1508 912; x_wconf 78' lang='lat' dir='ltr'><strong>Qm‘</strong></span> <span class='ocrx_word' id='word_1_475' title='bbox 1525 874 1688 914; x_wconf 75' lang='lat' dir='ltr'><strong>benefecit,</strong></span> <span class='ocrx_word' id='word_1_476' title='bbox 1703 876 1947 915; x_wconf 63' lang='lat' dir='ltr'><strong>estprom‘mns:</strong></span> <span class='ocrx_word' id='word_1_477' title='bbox 1971 881 2003 905; x_wconf 82' lang='lat' dir='ltr'><strong>et</strong></span> <span class='ocrx_word' id='word_1_478' title='bbox 2027 884 2144 906; x_wconf 86' lang='lat' dir='ltr'><strong>rursus</strong></span> <span class='ocrx_word' id='word_1_479' title='bbox 2167 873 2212 905; x_wconf 83' lang='lat' dir='ltr'><strong>al-</strong></span> 
     </span>
     <span class='ocr_line' id='line_1_72' title="bbox 1233 916 2214 959; baseline 0.002 -12"><span class='ocrx_word' id='word_1_480' title='bbox 1233 922 1282 948; x_wconf 89' lang='lat' dir='ltr'><strong>ter</strong></span> <span class='ocrx_word' id='word_1_481' title='bbox 1305 917 1360 957; x_wconf 90' lang='lat' dir='ltr'><strong>qui</strong></span> <span class='ocrx_word' id='word_1_482' title='bbox 1383 916 1552 958; x_wconf 74' lang='lat' dir='ltr'><strong>indigebat</strong></span> <span class='ocrx_word' id='word_1_483' title='bbox 1576 928 1640 959; x_wconf 84' lang='lat' dir='ltr'><strong>ope</strong></span> <span class='ocrx_word' id='word_1_484' title='bbox 1665 918 1747 956; x_wconf 69' lang='lat' dir='ltr'><strong>eius,</strong></span> <span class='ocrx_word' id='word_1_485' title='bbox 1766 916 1833 957; x_wconf 81' lang='lat' dir='ltr'><strong>fm&#39;t</strong></span> <span class='ocrx_word' id='word_1_486' title='bbox 1852 922 2022 959; x_wconf 58' lang='lat' dir='ltr'><strong>prox-imus</strong></span> <span class='ocrx_word' id='word_1_487' title='bbox 2044 920 2084 949; x_wconf 72' lang='grc' dir='ltr'><strong>ρι’.</strong></span> <span class='ocrx_word' id='word_1_488' title='bbox 2129 917 2214 949; x_wconf 85' lang='lat' dir='ltr'><strong>Nam</strong></span> 
     </span>
     <span class='ocr_line' id='line_1_73' title="bbox 1232 959 2213 1002; baseline 0.003 -13"><span class='ocrx_word' id='word_1_489' title='bbox 1232 961 1401 1000; x_wconf 82' lang='lat' dir='ltr'><strong>proximus</strong></span> <span class='ocrx_word' id='word_1_490' title='bbox 1424 959 1526 991; x_wconf 85' lang='lat' dir='ltr'><strong>habet</strong></span> <span class='ocrx_word' id='word_1_491' title='bbox 1549 971 1586 992; x_wconf 77' lang='lat' dir='ltr'><strong>se</strong></span> <span class='ocrx_word' id='word_1_492' title='bbox 1621 960 1830 992; x_wconf 75' lang='lat' dir='ltr'><strong>correlative.</strong></span> <span class='ocrx_word' id='word_1_493' title='bbox 1886 961 1990 992; x_wconf 81' lang='lat' dir='ltr'><strong>Miser</strong></span> <span class='ocrx_word' id='word_1_494' title='bbox 2023 968 2075 992; x_wconf 85' lang='lat' dir='ltr'><strong>est</strong></span> <span class='ocrx_word' id='word_1_495' title='bbox 2110 961 2213 1002; x_wconf 81' lang='lat' dir='ltr'><strong>opitu-</strong></span> 
     </span>
     <span class='ocr_line' id='line_1_74' title="bbox 1232 1002 2213 1046; baseline 0.001 -13"><span class='ocrx_word' id='word_1_496' title='bbox 1232 1002 1313 1033; x_wconf 84' lang='lat' dir='ltr'><strong>lanti</strong></span> <span class='ocrx_word' id='word_1_497' title='bbox 1337 1002 1522 1043; x_wconf 80' lang='lat' dir='ltr'><strong>proximus:</strong></span> <span class='ocrx_word' id='word_1_498' title='bbox 1553 1010 1585 1034; x_wconf 86' lang='lat' dir='ltr'><strong>et</strong></span> <span class='ocrx_word' id='word_1_499' title='bbox 1615 1003 1780 1044; x_wconf 80' lang='lat' dir='ltr'><strong>opitulans</strong></span> <span class='ocrx_word' id='word_1_500' title='bbox 1811 1010 1861 1035; x_wconf 86' lang='lat' dir='ltr'><strong>est</strong></span> <span class='ocrx_word' id='word_1_501' title='bbox 1886 1005 2008 1036; x_wconf 86' lang='lat' dir='ltr'><strong>misero</strong></span> <span class='ocrx_word' id='word_1_502' title='bbox 2032 1004 2213 1046; x_wconf 74' lang='lat' dir='ltr'><strong>proximus.</strong></span> 
     </span>
     <span class='ocr_line' id='line_1_75' title="bbox 1232 1045 2214 1089; baseline 0.002 -13"><span class='ocrx_word' id='word_1_503' title='bbox 1232 1045 1302 1076; x_wconf 82' lang='lat' dir='ltr'><strong>Lex</strong></span> <span class='ocrx_word' id='word_1_504' title='bbox 1326 1046 1437 1083; x_wconf 77' lang='lat' dir='ltr'><strong>docet,</strong></span> <span class='ocrx_word' id='word_1_505' title='bbox 1459 1053 1491 1077; x_wconf 89' lang='lat' dir='ltr'><strong>ut</strong></span> <span class='ocrx_word' id='word_1_506' title='bbox 1517 1045 1714 1087; x_wconf 87' lang='lat' dir='ltr'><strong>opitulemur</strong></span> <span class='ocrx_word' id='word_1_507' title='bbox 1744 1048 1892 1086; x_wconf 67' lang='lat' dir='ltr'><strong>miseris,</strong></span> <span class='ocrx_word' id='word_1_508' title='bbox 1925 1048 2113 1089; x_wconf 79' lang='lat' dir='ltr'><strong>ubicunque</strong></span> <span class='ocrx_word' id='word_1_509' title='bbox 2149 1048 2214 1078; x_wconf 86' lang='lat' dir='ltr'><strong>sint</strong></span> 
     </span>
     <span class='ocr_line' id='line_1_76' title="bbox 1233 1088 2213 1132; baseline 0.002 -13"><span class='ocrx_word' id='word_1_510' title='bbox 1233 1095 1265 1119; x_wconf 86' lang='lat' dir='ltr'><strong>et</strong></span> <span class='ocrx_word' id='word_1_511' title='bbox 1287 1088 1484 1130; x_wconf 79' lang='lat' dir='ltr'><strong>quicunque.</strong></span> <span class='ocrx_word' id='word_1_512' title='bbox 1541 1089 1616 1120; x_wconf 75' lang='lat' dir='ltr'><strong>Non</strong></span> <span class='ocrx_word' id='word_1_513' title='bbox 1645 1090 1744 1131; x_wconf 85' lang='lat' dir='ltr'><strong>igitur</strong></span> <span class='ocrx_word' id='word_1_514' title='bbox 1774 1091 1922 1131; x_wconf 83' lang='lat' dir='ltr'><strong>disputes</strong></span> <span class='ocrx_word' id='word_1_515' title='bbox 1953 1098 2069 1121; x_wconf 86' lang='lat' dir='ltr'><strong>eontra</strong></span> <span class='ocrx_word' id='word_1_516' title='bbox 2094 1089 2213 1132; x_wconf 83' lang='lat' dir='ltr'><strong>legem.</strong></span> 
     </span>
     <span class='ocr_line' id='line_1_77' title="bbox 1232 1130 2214 1176; baseline 0.002 -13"><span class='ocrx_word' id='word_1_517' title='bbox 1232 1131 1293 1163; x_wconf 69' lang='lat' dir='ltr'><strong>Est</strong></span> <span class='ocrx_word' id='word_1_518' title='bbox 1306 1138 1416 1162; x_wconf 87' lang='lat' dir='ltr'><strong>autem</strong></span> <span class='ocrx_word' id='word_1_519' title='bbox 1429 1130 1583 1163; x_wconf 78' lang='lat' dir='ltr'><strong>Ecclesia</strong></span> <span class='ocrx_word' id='word_1_520' title='bbox 1596 1133 1737 1163; x_wconf 79' lang='lat' dir='ltr'><strong>maxime</strong></span> <span class='ocrx_word' id='word_1_521' title='bbox 1748 1132 1962 1164; x_wconf 79' lang='lat' dir='ltr'><strong>miserabilis:</strong></span> <span class='ocrx_word' id='word_1_522' title='bbox 1979 1144 2059 1176; x_wconf 85' lang='lat' dir='ltr'><strong>ergo</strong></span> <span class='ocrx_word' id='word_1_523' title='bbox 2073 1134 2214 1165; x_wconf 80' lang='lat' dir='ltr'><strong>maxime</strong></span> 
     </span>
     <span class='ocr_line' id='line_1_78' title="bbox 1233 1174 2213 1217; baseline 0.003 -12"><span class='ocrx_word' id='word_1_524' title='bbox 1233 1174 1416 1206; x_wconf 77' lang='lat' dir='ltr'><strong>afficiamur</strong></span> <span class='ocrx_word' id='word_1_525' title='bbox 1439 1176 1668 1206; x_wconf 84' lang='lat' dir='ltr'><strong>misericordia</strong></span> <span class='ocrx_word' id='word_1_526' title='bbox 1702 1186 1782 1217; x_wconf 82' lang='lat' dir='ltr'><strong>erga</strong></span> <span class='ocrx_word' id='word_1_527' title='bbox 1818 1186 1908 1213; x_wconf 77' lang='lat' dir='ltr'><strong>eam3</strong></span> <span class='ocrx_word' id='word_1_528' title='bbox 1942 1187 2009 1207; x_wconf 90' lang='lat' dir='ltr'><strong>non</strong></span> <span class='ocrx_word' id='word_1_529' title='bbox 2043 1178 2213 1208; x_wconf 85' lang='lat' dir='ltr'><strong>turbemus</strong></span> 
     </span>
     <span class='ocr_line' id='line_1_79' title="bbox 1233 1217 2213 1258; baseline 0.001 -8"><span class='ocrx_word' id='word_1_530' title='bbox 1233 1228 1317 1256; x_wconf 72' lang='lat' dir='ltr'><strong>eain,</strong></span> <span class='ocrx_word' id='word_1_531' title='bbox 1336 1228 1403 1249; x_wconf 89' lang='lat' dir='ltr'><strong>non</strong></span> <span class='ocrx_word' id='word_1_532' title='bbox 1427 1224 1629 1257; x_wconf 73' lang='lat' dir='ltr'><strong>evertamus,</strong></span> <span class='ocrx_word' id='word_1_533' title='bbox 1652 1229 1718 1250; x_wconf 90' lang='lat' dir='ltr'><strong>non</strong></span> <span class='ocrx_word' id='word_1_534' title='bbox 1742 1217 1973 1258; x_wconf 76' lang='lat' dir='ltr'><strong>dilaceremus,</strong></span> <span class='ocrx_word' id='word_1_535' title='bbox 1992 1230 2058 1250; x_wconf 91' lang='lat' dir='ltr'><strong>non</strong></span> <span class='ocrx_word' id='word_1_536' title='bbox 2081 1230 2213 1251; x_wconf 81' lang='lat' dir='ltr'><strong>movea-</strong></span> 
     </span>
     <span class='ocr_line' id='line_1_80' title="bbox 1233 1261 2046 1302; baseline 0 -10"><span class='ocrx_word' id='word_1_537' title='bbox 1233 1271 1304 1292; x_wconf 73' lang='lat' dir='ltr'><strong>mus</strong></span> <span class='ocrx_word' id='word_1_538' title='bbox 1329 1261 1486 1293; x_wconf 85' lang='lat' dir='ltr'><strong>tumultus</strong></span> <span class='ocrx_word' id='word_1_539' title='bbox 1511 1263 1717 1302; x_wconf 81' lang='lat' dir='ltr'><strong>perniciosos</strong></span> <span class='ocrx_word' id='word_1_540' title='bbox 1742 1263 1903 1294; x_wconf 87' lang='lat' dir='ltr'><strong>communi</strong></span> <span class='ocrx_word' id='word_1_541' title='bbox 1928 1263 2046 1294; x_wconf 82' lang='lat' dir='ltr'><strong>coetui.</strong></span> 
     </span>
    </p>

    <p class='ocr_par' dir='ltr' id='par_1_14' title="bbox 1229 1304 2214 1992">
     <span class='ocr_line' id='line_1_81' title="bbox 1319 1304 2214 1347; baseline 0.001 -12"><span class='ocrx_word' id='word_1_542' title='bbox 1319 1304 1429 1346; x_wconf 87' lang='lat' dir='ltr'><strong>Aliqui</strong></span> <span class='ocrx_word' id='word_1_543' title='bbox 1452 1304 1553 1337; x_wconf 89' lang='lat' dir='ltr'><strong>multa</strong></span> <span class='ocrx_word' id='word_1_544' title='bbox 1577 1306 1745 1346; x_wconf 83' lang='lat' dir='ltr'><strong>disputant</strong></span> <span class='ocrx_word' id='word_1_545' title='bbox 1768 1306 1809 1336; x_wconf 90' lang='lat' dir='ltr'><strong>de</strong></span> <span class='ocrx_word' id='word_1_546' title='bbox 1833 1306 1883 1337; x_wconf 82' lang='lat' dir='ltr'><strong>his</strong></span> <span class='ocrx_word' id='word_1_547' title='bbox 1907 1307 2033 1337; x_wconf 68' lang='lat' dir='ltr'><strong>verbis:</strong></span> <span class='ocrx_word' id='word_1_548' title='bbox 2069 1306 2109 1336; x_wconf 65' lang='grc' dir='ltr'><strong>δι’</strong></span> <span class='ocrx_word' id='word_1_549' title='bbox 2135 1306 2214 1347; x_wconf 73' lang='lat' dir='ltr'><strong>quid</strong></span> 
     </span>
     <span class='ocr_line' id='line_1_82' title="bbox 1232 1348 2213 1391; baseline 0.002 -13"><span class='ocrx_word' id='word_1_550' title='bbox 1232 1349 1529 1389; x_wconf 63' lang='lat' dir='ltr'><strong>supererogaveris.</strong></span> <span class='ocrx_word' id='word_1_551' title='bbox 1575 1348 1717 1380; x_wconf 78' lang='lat' dir='ltr'><strong>Discunt</strong></span> <span class='ocrx_word' id='word_1_552' title='bbox 1741 1358 1819 1380; x_wconf 85' lang='lat' dir='ltr'><strong>esse</strong></span> <span class='ocrx_word' id='word_1_553' title='bbox 1842 1351 2003 1391; x_wconf 80' lang='lat' dir='ltr'><strong>quaedam</strong></span> <span class='ocrx_word' id='word_1_554' title='bbox 2028 1359 2129 1391; x_wconf 88' lang='lat' dir='ltr'><strong>opera</strong></span> <span class='ocrx_word' id='word_1_555' title='bbox 2145 1358 2213 1380; x_wconf 89' lang='lat' dir='ltr'><strong>non</strong></span> 
     </span>
     <span class='ocr_line' id='line_1_83' title="bbox 1232 1391 2212 1432; baseline 0 -10"><span class='ocrx_word' id='word_1_556' title='bbox 1232 1398 1425 1432; x_wconf 82' lang='lat' dir='ltr'><strong>praecepta,</strong></span> <span class='ocrx_word' id='word_1_557' title='bbox 1449 1392 1511 1423; x_wconf 79' lang='lat' dir='ltr'><strong>das</strong></span> <span class='ocrx_word' id='word_1_558' title='bbox 1533 1393 1595 1424; x_wconf 81' lang='lat' dir='ltr'><strong>soll</strong></span> <span class='ocrx_word' id='word_1_559' title='bbox 1615 1392 1835 1423; x_wconf 55' lang='lat' dir='ltr'><strong>sela-kastam</strong></span> <span class='ocrx_word' id='word_1_560' title='bbox 1848 1393 1925 1431; x_wconf 71' lang='lat' dir='ltr'><strong>(linq</strong></span> <span class='ocrx_word' id='word_1_561' title='bbox 1942 1394 2019 1424; x_wconf 71' lang='lat' dir='ltr'><strong>secu.</strong></span> <span class='ocrx_word' id='word_1_562' title='bbox 2067 1391 2134 1423; x_wconf 82' lang='lat' dir='ltr'><strong>Sed</strong></span> <span class='ocrx_word' id='word_1_563' title='bbox 2146 1402 2212 1424; x_wconf 90' lang='lat' dir='ltr'><strong>non</strong></span> 
     </span>
     <span class='ocr_line' id='line_1_84' title="bbox 1232 1434 2213 1467; baseline 0.002 -3"><span class='ocrx_word' id='word_1_564' title='bbox 1232 1440 1283 1465; x_wconf 88' lang='lat' dir='ltr'><strong>est</strong></span> <span class='ocrx_word' id='word_1_565' title='bbox 1305 1434 1390 1465; x_wconf 87' lang='lat' dir='ltr'><strong>haec</strong></span> <span class='ocrx_word' id='word_1_566' title='bbox 1423 1436 1602 1467; x_wconf 84' lang='lat' dir='ltr'><strong>sententia:</strong></span> <span class='ocrx_word' id='word_1_567' title='bbox 1648 1435 1869 1466; x_wconf 78' lang='lat' dir='ltr'><strong>Gubernatori</strong></span> <span class='ocrx_word' id='word_1_568' title='bbox 1905 1442 1935 1466; x_wconf 86' lang='lat' dir='ltr'><strong>et</strong></span> <span class='ocrx_word' id='word_1_569' title='bbox 1970 1435 2111 1466; x_wconf 88' lang='lat' dir='ltr'><strong>Doctori</strong></span> <span class='ocrx_word' id='word_1_570' title='bbox 2145 1445 2213 1466; x_wconf 91' lang='lat' dir='ltr'><strong>non</strong></span> 
     </span>
     <span class='ocr_line' id='line_1_85' title="bbox 1232 1475 2211 1519; baseline 0.001 -12"><span class='ocrx_word' id='word_1_571' title='bbox 1232 1475 1340 1508; x_wconf 85' lang='lat' dir='ltr'><strong>solum</strong></span> <span class='ocrx_word' id='word_1_572' title='bbox 1371 1484 1422 1508; x_wconf 86' lang='lat' dir='ltr'><strong>est</strong></span> <span class='ocrx_word' id='word_1_573' title='bbox 1457 1488 1543 1519; x_wconf 87' lang='lat' dir='ltr'><strong>opus</strong></span> <span class='ocrx_word' id='word_1_574' title='bbox 1568 1479 1717 1509; x_wconf 84' lang='lat' dir='ltr'><strong>doctrina</strong></span> <span class='ocrx_word' id='word_1_575' title='bbox 1740 1479 1772 1508; x_wconf 91' lang='lat' dir='ltr'><strong>in</strong></span> <span class='ocrx_word' id='word_1_576' title='bbox 1802 1477 1998 1512; x_wconf 82' lang='lat' dir='ltr'><strong>universali,</strong></span> <span class='ocrx_word' id='word_1_577' title='bbox 2031 1478 2091 1508; x_wconf 81' lang='lat' dir='ltr'><strong>sed</strong></span> <span class='ocrx_word' id='word_1_578' title='bbox 2114 1479 2211 1509; x_wconf 69' lang='lat' dir='ltr'><strong>etiam</strong></span> 
     </span>
     <span class='ocr_line' id='line_1_86' title="bbox 1232 1519 2213 1562; baseline 0 -12"><span class='ocrx_word' id='word_1_579' title='bbox 1232 1527 1284 1551; x_wconf 83' lang='lat' dir='ltr'><strong>est</strong></span> <span class='ocrx_word' id='word_1_580' title='bbox 1307 1520 1337 1551; x_wconf 86' lang='lat' dir='ltr'><strong>ei</strong></span> <span class='ocrx_word' id='word_1_581' title='bbox 1357 1530 1442 1561; x_wconf 88' lang='lat' dir='ltr'><strong>opus</strong></span> <span class='ocrx_word' id='word_1_582' title='bbox 1467 1520 1607 1552; x_wconf 85' lang='lat' dir='ltr'><strong>consilio</strong></span> <span class='ocrx_word' id='word_1_583' title='bbox 1631 1528 1662 1552; x_wconf 91' lang='lat' dir='ltr'><strong>et</strong></span> <span class='ocrx_word' id='word_1_584' title='bbox 1682 1519 1804 1553; x_wconf 78' lang='lat' dir='ltr'><strong>auxilio</strong></span> <span class='ocrx_word' id='word_1_585' title='bbox 1828 1522 1858 1551; x_wconf 90' lang='lat' dir='ltr'><strong>in</strong></span> <span class='ocrx_word' id='word_1_586' title='bbox 1881 1520 2083 1562; x_wconf 88' lang='lat' dir='ltr'><strong>particulari.</strong></span> <span class='ocrx_word' id='word_1_587' title='bbox 2135 1520 2213 1551; x_wconf 64' lang='lat' dir='ltr'><strong>Was</strong></span> 
     </span>
     <span class='ocr_line' id='line_1_87' title="bbox 1231 1562 2213 1605; baseline 0.001 -12"><span class='ocrx_word' id='word_1_588' title='bbox 1231 1564 1290 1594; x_wconf 75' lang='lat' dir='ltr'><strong>wir</strong></span> <span class='ocrx_word' id='word_1_589' title='bbox 1312 1573 1375 1595; x_wconf 81' lang='lat' dir='ltr'><strong>mm</strong></span> <span class='ocrx_word' id='word_1_590' title='bbox 1395 1564 1439 1594; x_wconf 81' lang='lat' dir='ltr'><strong>da</strong></span> <span class='ocrx_word' id='word_1_591' title='bbox 1464 1563 1630 1605; x_wconf 63' lang='lat' dir='ltr'><strong>herim-ffen</strong></span> <span class='ocrx_word' id='word_1_592' title='bbox 1654 1565 1696 1595; x_wconf 91' lang='lat' dir='ltr'><strong>ad</strong></span> <span class='ocrx_word' id='word_1_593' title='bbox 1720 1563 1860 1595; x_wconf 86' lang='lat' dir='ltr'><strong>consilia</strong></span> <span class='ocrx_word' id='word_1_594' title='bbox 1890 1565 2018 1602; x_wconf 86' lang='lat' dir='ltr'><strong>danda,</strong></span> <span class='ocrx_word' id='word_1_595' title='bbox 2052 1570 2083 1594; x_wconf 88' lang='lat' dir='ltr'><strong>et</strong></span> <span class='ocrx_word' id='word_1_596' title='bbox 2106 1562 2213 1594; x_wconf 81' lang='lat' dir='ltr'><strong>seren-</strong></span> 
     </span>
     <span class='ocr_line' id='line_1_88' title="bbox 1232 1606 2213 1647; baseline -0.002 -9"><span class='ocrx_word' id='word_1_597' title='bbox 1232 1607 1308 1638; x_wconf 85' lang='lat' dir='ltr'><strong>dum</strong></span> <span class='ocrx_word' id='word_1_598' title='bbox 1332 1606 1504 1646; x_wconf 76' lang='lat' dir='ltr'><strong>auxilium,</strong></span> <span class='ocrx_word' id='word_1_599' title='bbox 1534 1608 1578 1639; x_wconf 80' lang='lat' dir='ltr'><strong>da</strong></span> <span class='ocrx_word' id='word_1_600' title='bbox 1602 1608 1683 1638; x_wconf 65' lang='lat' dir='ltr'><strong>uriz-d</strong></span> <span class='ocrx_word' id='word_1_601' title='bbox 1707 1607 1785 1638; x_wconf 78' lang='lat' dir='ltr'><strong>Gott</strong></span> <span class='ocrx_word' id='word_1_602' title='bbox 1809 1607 1890 1638; x_wconf 77' lang='lat' dir='ltr'><strong>anch</strong></span> <span class='ocrx_word' id='word_1_603' title='bbox 1913 1606 2041 1647; x_wconf 73' lang='lat' dir='ltr'><strong>helffen.</strong></span> <span class='ocrx_word' id='word_1_604' title='bbox 2086 1606 2127 1637; x_wconf 87' lang='lat' dir='ltr'><strong>Et</strong></span> <span class='ocrx_word' id='word_1_605' title='bbox 2149 1607 2213 1637; x_wconf 90' lang='lat' dir='ltr'><strong>sic-</strong></span> 
     </span>
     <span class='ocr_line' id='line_1_89' title="bbox 1231 1648 2213 1689; baseline -0.002 -7"><span class='ocrx_word' id='word_1_606' title='bbox 1231 1651 1285 1682; x_wconf 90' lang='lat' dir='ltr'><strong>ubi</strong></span> <span class='ocrx_word' id='word_1_607' title='bbox 1309 1648 1462 1688; x_wconf 83' lang='lat' dir='ltr'><strong>labimur,</strong></span> <span class='ocrx_word' id='word_1_608' title='bbox 1481 1660 1568 1681; x_wconf 78' lang='lat' dir='ltr'><strong>wenn</strong></span> <span class='ocrx_word' id='word_1_609' title='bbox 1590 1652 1649 1682; x_wconf 49' lang='lat' dir='ltr'><strong>*wir</strong></span> <span class='ocrx_word' id='word_1_610' title='bbox 1677 1650 1877 1689; x_wconf 67' lang='lat' dir='ltr'><strong>strant-hela,</strong></span> <span class='ocrx_word' id='word_1_611' title='bbox 1897 1649 1990 1681; x_wconf 86' lang='lat' dir='ltr'><strong>Deus</strong></span> <span class='ocrx_word' id='word_1_612' title='bbox 2013 1657 2121 1681; x_wconf 81' lang='lat' dir='ltr'><strong>tamen</strong></span> <span class='ocrx_word' id='word_1_613' title='bbox 2146 1659 2213 1680; x_wconf 85' lang='lat' dir='ltr'><strong>non</strong></span> 
     </span>
     <span class='ocr_line' id='line_1_90' title="bbox 1231 1693 2213 1735; baseline -0.001 -11"><span class='ocrx_word' id='word_1_614' title='bbox 1231 1694 1317 1724; x_wconf 82' lang='lat' dir='ltr'><strong>sinet</strong></span> <span class='ocrx_word' id='word_1_615' title='bbox 1340 1704 1402 1724; x_wconf 82' lang='lat' dir='ltr'><strong>nos</strong></span> <span class='ocrx_word' id='word_1_616' title='bbox 1426 1696 1558 1735; x_wconf 87' lang='lat' dir='ltr'><strong>penitus</strong></span> <span class='ocrx_word' id='word_1_617' title='bbox 1571 1693 1647 1725; x_wconf 88' lang='lat' dir='ltr'><strong>labi.</strong></span> <span class='ocrx_word' id='word_1_618' title='bbox 1682 1694 1938 1735; x_wconf 61' lang='grc' dir='ltr'><strong>ἡίιρρνεγοφιίίο</strong></span> <span class='ocrx_word' id='word_1_619' title='bbox 1950 1693 2117 1735; x_wconf 78' lang='lat' dir='ltr'><strong>significat</strong></span> <span class='ocrx_word' id='word_1_620' title='bbox 2135 1702 2213 1724; x_wconf 90' lang='lat' dir='ltr'><strong>con-</strong></span> 
     </span>
     <span class='ocr_line' id='line_1_91' title="bbox 1232 1735 2213 1778; baseline 0.001 -12"><span class='ocrx_word' id='word_1_621' title='bbox 1232 1735 1340 1767; x_wconf 85' lang='lat' dir='ltr'><strong>silium</strong></span> <span class='ocrx_word' id='word_1_622' title='bbox 1362 1738 1395 1768; x_wconf 93' lang='lat' dir='ltr'><strong>in</strong></span> <span class='ocrx_word' id='word_1_623' title='bbox 1418 1736 1621 1778; x_wconf 80' lang='lat' dir='ltr'><strong>particulari,</strong></span> <span class='ocrx_word' id='word_1_624' title='bbox 1643 1743 1675 1768; x_wconf 84' lang='lat' dir='ltr'><strong>et</strong></span> <span class='ocrx_word' id='word_1_625' title='bbox 1692 1738 1981 1769; x_wconf 79' lang='lat' dir='ltr'><strong>conservationem</strong></span> <span class='ocrx_word' id='word_1_626' title='bbox 1999 1738 2030 1767; x_wconf 91' lang='lat' dir='ltr'><strong>in</strong></span> <span class='ocrx_word' id='word_1_627' title='bbox 2048 1735 2213 1777; x_wconf 87' lang='lat' dir='ltr'><strong>periculis.</strong></span> 
     </span>
     <span class='ocr_line' id='line_1_92' title="bbox 1231 1779 2213 1822; baseline 0 -12"><span class='ocrx_word' id='word_1_628' title='bbox 1231 1780 1297 1810; x_wconf 86' lang='lat' dir='ltr'><strong>Ista</strong></span> <span class='ocrx_word' id='word_1_629' title='bbox 1321 1781 1418 1811; x_wconf 86' lang='lat' dir='ltr'><strong>etiam</strong></span> <span class='ocrx_word' id='word_1_630' title='bbox 1443 1782 1497 1812; x_wconf 90' lang='lat' dir='ltr'><strong>dat</strong></span> <span class='ocrx_word' id='word_1_631' title='bbox 1519 1779 1577 1812; x_wconf 90' lang='lat' dir='ltr'><strong>ille</strong></span> <span class='ocrx_word' id='word_1_632' title='bbox 1601 1781 1838 1812; x_wconf 84' lang='lat' dir='ltr'><strong>Samaritanus.</strong></span> <span class='ocrx_word' id='word_1_633' title='bbox 1884 1780 2046 1822; x_wconf 90' lang='lat' dir='ltr'><strong>Loquitur</strong></span> <span class='ocrx_word' id='word_1_634' title='bbox 2074 1781 2114 1811; x_wconf 90' lang='lat' dir='ltr'><strong>de</strong></span> <span class='ocrx_word' id='word_1_635' title='bbox 2143 1780 2213 1810; x_wconf 81' lang='lat' dir='ltr'><strong>suis</strong></span> 
     </span>
     <span class='ocr_line' id='line_1_93' title="bbox 1232 1823 2212 1865; baseline 0 -11"><span class='ocrx_word' id='word_1_636' title='bbox 1232 1823 1420 1862; x_wconf 82' lang='lat' dir='ltr'><strong>beneficiis,</strong></span> <span class='ocrx_word' id='word_1_637' title='bbox 1450 1835 1516 1855; x_wconf 91' lang='lat' dir='ltr'><strong>non</strong></span> <span class='ocrx_word' id='word_1_638' title='bbox 1546 1825 1586 1855; x_wconf 85' lang='lat' dir='ltr'><strong>de</strong></span> <span class='ocrx_word' id='word_1_639' title='bbox 1616 1824 1744 1855; x_wconf 85' lang='lat' dir='ltr'><strong>ficticiis</strong></span> <span class='ocrx_word' id='word_1_640' title='bbox 1768 1824 1936 1865; x_wconf 78' lang='lat' dir='ltr'><strong>operibuS,</strong></span> <span class='ocrx_word' id='word_1_641' title='bbox 1961 1823 2002 1854; x_wconf 89' lang='lat' dir='ltr'><strong>de</strong></span> <span class='ocrx_word' id='word_1_642' title='bbox 2025 1823 2143 1864; x_wconf 74' lang='lat' dir='ltr'><strong>quibus</strong></span> <span class='ocrx_word' id='word_1_643' title='bbox 2168 1829 2212 1854; x_wconf 90' lang='lat' dir='ltr'><strong>te-</strong></span> 
     </span>
     <span class='ocr_line' id='line_1_94' title="bbox 1231 1866 2213 1910; baseline 0 -13"><span class='ocrx_word' id='word_1_644' title='bbox 1231 1867 1339 1897; x_wconf 84' lang='lat' dir='ltr'><strong>nenda</strong></span> <span class='ocrx_word' id='word_1_645' title='bbox 1373 1874 1424 1898; x_wconf 86' lang='lat' dir='ltr'><strong>est</strong></span> <span class='ocrx_word' id='word_1_646' title='bbox 1458 1867 1604 1910; x_wconf 86' lang='lat' dir='ltr'><strong>Regula:</strong></span> <span class='ocrx_word' id='word_1_647' title='bbox 1655 1867 1796 1899; x_wconf 65' lang='lat' dir='ltr'><strong>frustra</strong></span> <span class='ocrx_word' id='word_1_648' title='bbox 1832 1868 1939 1898; x_wconf 80' lang='lat' dir='ltr'><strong>co&#39;mzt</strong></span> <span class='ocrx_word' id='word_1_649' title='bbox 1970 1876 2016 1897; x_wconf 84' lang='lat' dir='ltr'><strong>nze</strong></span> <span class='ocrx_word' id='word_1_650' title='bbox 2050 1866 2213 1897; x_wconf 70' lang='lat' dir='ltr'><strong>mandatis</strong></span> 
     </span>
     <span class='ocr_line' id='line_1_95' title="bbox 1230 1909 2212 1951; baseline -0.001 -11"><span class='ocrx_word' id='word_1_651' title='bbox 1230 1909 1396 1942; x_wconf 78' lang='lat' dir='ltr'><strong>hominum.</strong></span> <span class='ocrx_word' id='word_1_652' title='bbox 1442 1911 1538 1942; x_wconf 81' lang='lat' dir='ltr'><strong>Item:</strong></span> <span class='ocrx_word' id='word_1_653' title='bbox 1574 1910 1649 1942; x_wconf 69' lang='lat' dir='ltr'><strong>Nou</strong></span> <span class='ocrx_word' id='word_1_654' title='bbox 1683 1912 1715 1941; x_wconf 87' lang='grc' dir='ltr'><em>ιή</em></span> <span class='ocrx_word' id='word_1_655' title='bbox 1744 1910 1931 1951; x_wconf 69' lang='lat' dir='ltr'><strong>praeceptis</strong></span> <span class='ocrx_word' id='word_1_656' title='bbox 1952 1913 2082 1950; x_wconf 72' lang='lat' dir='ltr'><strong>patrum</strong></span> <span class='ocrx_word' id='word_1_657' title='bbox 2106 1909 2212 1940; x_wconf 76' lang='lat' dir='ltr'><strong>ambu-</strong></span> 
     </span>
     <span class='ocr_line' id='line_1_96' title="bbox 1229 1954 1396 1992; baseline 0 -8"><span class='ocrx_word' id='word_1_658' title='bbox 1229 1954 1307 1992; x_wconf 82' lang='lat' dir='ltr'><strong>late,</strong></span> <span class='ocrx_word' id='word_1_659' title='bbox 1332 1959 1396 1985; x_wconf 91' lang='lat' dir='ltr'><strong>etc.</strong></span> 
     </span>
    </p>

    <p class='ocr_par' dir='ltr' id='par_1_15' title="bbox 1231 1994 2212 2642">
     <span class='ocr_line' id='line_1_97' title="bbox 1317 1994 2212 2037; baseline -0.001 -10"><span class='ocrx_word' id='word_1_660' title='bbox 1317 1997 1364 2028; x_wconf 84' lang='lat' dir='ltr'><strong>lta</strong></span> <span class='ocrx_word' id='word_1_661' title='bbox 1394 1997 1511 2028; x_wconf 71' lang='lat' dir='ltr'><strong>videtis</strong></span> <span class='ocrx_word' id='word_1_662' title='bbox 1546 1997 1578 2026; x_wconf 90' lang='lat' dir='ltr'><strong>in</strong></span> <span class='ocrx_word' id='word_1_663' title='bbox 1613 1995 1676 2027; x_wconf 88' lang='lat' dir='ltr'><strong>hac</strong></span> <span class='ocrx_word' id='word_1_664' title='bbox 1710 1994 1871 2036; x_wconf 81' lang='lat' dir='ltr'><strong>parabola</strong></span> <span class='ocrx_word' id='word_1_665' title='bbox 1901 1995 2075 2037; x_wconf 84' lang='lat' dir='ltr'><strong>imaginem</strong></span> <span class='ocrx_word' id='word_1_666' title='bbox 2111 1995 2212 2026; x_wconf 81' lang='lat' dir='ltr'><strong>totius</strong></span> 
     </span>
     <span class='ocr_line' id='line_1_98' title="bbox 1231 2038 2212 2079; baseline -0.002 -8"><span class='ocrx_word' id='word_1_667' title='bbox 1231 2041 1403 2072; x_wconf 84' lang='lat' dir='ltr'><strong>doctrinae</strong></span> <span class='ocrx_word' id='word_1_668' title='bbox 1425 2038 1609 2071; x_wconf 78' lang='lat' dir='ltr'><strong>Ecclesiae.</strong></span> <span class='ocrx_word' id='word_1_669' title='bbox 1655 2038 1776 2076; x_wconf 83' lang='lat' dir='ltr'><strong>Docet,</strong></span> <span class='ocrx_word' id='word_1_670' title='bbox 1799 2038 1888 2070; x_wconf 87' lang='lat' dir='ltr'><strong>unde</strong></span> <span class='ocrx_word' id='word_1_671' title='bbox 1911 2039 1953 2069; x_wconf 81' lang='lat' dir='ltr'><strong>sit</strong></span> <span class='ocrx_word' id='word_1_672' title='bbox 1977 2044 2150 2079; x_wconf 80' lang='lat' dir='ltr'><strong>peccatum</strong></span> <span class='ocrx_word' id='word_1_673' title='bbox 2178 2044 2212 2069; x_wconf 87' lang='lat' dir='ltr'><strong>et</strong></span> 
     </span>
     <span class='ocr_line' id='line_1_99' title="bbox 1232 2080 2211 2125; baseline -0.003 -11"><span class='ocrx_word' id='word_1_674' title='bbox 1232 2081 1329 2125; x_wconf 88' lang='lat' dir='ltr'><strong>quale</strong></span> <span class='ocrx_word' id='word_1_675' title='bbox 1353 2084 1412 2119; x_wconf 82' lang='lat' dir='ltr'><strong>sit3</strong></span> <span class='ocrx_word' id='word_1_676' title='bbox 1435 2081 1588 2114; x_wconf 71' lang='lat' dir='ltr'><strong>videlicet</strong></span> <span class='ocrx_word' id='word_1_677' title='bbox 1622 2083 1711 2123; x_wconf 81' lang='lat' dir='ltr'><strong>quod</strong></span> <span class='ocrx_word' id='word_1_678' title='bbox 1741 2081 1842 2113; x_wconf 87' lang='lat' dir='ltr'><strong>homo</strong></span> <span class='ocrx_word' id='word_1_679' title='bbox 1865 2081 2013 2112; x_wconf 89' lang='lat' dir='ltr'><strong>inciderit</strong></span> <span class='ocrx_word' id='word_1_680' title='bbox 2049 2082 2081 2112; x_wconf 93' lang='lat' dir='ltr'><strong>in</strong></span> <span class='ocrx_word' id='word_1_681' title='bbox 2110 2080 2211 2112; x_wconf 83' lang='lat' dir='ltr'><strong>latro-</strong></span> 
     </span>
     <span class='ocr_line' id='line_1_100' title="bbox 1232 2123 2210 2165; baseline -0.002 -8"><span class='ocrx_word' id='word_1_682' title='bbox 1232 2136 1304 2165; x_wconf 82' lang='lat' dir='ltr'><strong>nes,</strong></span> <span class='ocrx_word' id='word_1_683' title='bbox 1327 2132 1357 2157; x_wconf 87' lang='lat' dir='ltr'><strong>et</strong></span> <span class='ocrx_word' id='word_1_684' title='bbox 1383 2125 1568 2157; x_wconf 74' lang='lat' dir='ltr'><strong>aDiabolis</strong></span> <span class='ocrx_word' id='word_1_685' title='bbox 1587 2124 1750 2165; x_wconf 83' lang='lat' dir='ltr'><strong>spoliatus</strong></span> <span class='ocrx_word' id='word_1_686' title='bbox 1774 2126 1816 2155; x_wconf 72' lang='lat' dir='ltr'><strong>sit</strong></span> <span class='ocrx_word' id='word_1_687' title='bbox 1841 2132 1871 2155; x_wconf 82' lang='lat' dir='ltr'><strong>et</strong></span> <span class='ocrx_word' id='word_1_688' title='bbox 1897 2123 2099 2156; x_wconf 82' lang='lat' dir='ltr'><strong>vulneratus.</strong></span> <span class='ocrx_word' id='word_1_689' title='bbox 2129 2124 2210 2155; x_wconf 82' lang='lat' dir='ltr'><strong>Pec-</strong></span> 
     </span>
     <span class='ocr_line' id='line_1_101' title="bbox 1233 2166 2209 2205; baseline -0.004 -4"><span class='ocrx_word' id='word_1_690' title='bbox 1233 2176 1341 2201; x_wconf 89' lang='lat' dir='ltr'><strong>catum</strong></span> <span class='ocrx_word' id='word_1_691' title='bbox 1364 2175 1416 2200; x_wconf 85' lang='lat' dir='ltr'><strong>est</strong></span> <span class='ocrx_word' id='word_1_692' title='bbox 1438 2180 1457 2199; x_wconf 84' lang='lat' dir='ltr'><strong>a</strong></span> <span class='ocrx_word' id='word_1_693' title='bbox 1481 2167 1626 2205; x_wconf 85' lang='lat' dir='ltr'><strong>diabolo,</strong></span> <span class='ocrx_word' id='word_1_694' title='bbox 1649 2174 1680 2199; x_wconf 87' lang='lat' dir='ltr'><strong>et</strong></span> <span class='ocrx_word' id='word_1_695' title='bbox 1705 2179 1723 2199; x_wconf 88' lang='lat' dir='ltr'><strong>a</strong></span> <span class='ocrx_word' id='word_1_696' title='bbox 1748 2167 1852 2199; x_wconf 81' lang='lat' dir='ltr'><strong>libera</strong></span> <span class='ocrx_word' id='word_1_697' title='bbox 1872 2166 2040 2199; x_wconf 78' lang='lat' dir='ltr'><strong>voluntate</strong></span> <span class='ocrx_word' id='word_1_698' title='bbox 2059 2166 2209 2198; x_wconf 90' lang='lat' dir='ltr'><strong>hominis.</strong></span> 
     </span>
     <span class='ocr_line' id='line_1_102' title="bbox 1231 2208 2211 2253; baseline -0.004 -9"><span class='ocrx_word' id='word_1_699' title='bbox 1231 2213 1273 2244; x_wconf 77' lang='lat' dir='ltr'><strong>Et</strong></span> <span class='ocrx_word' id='word_1_700' title='bbox 1296 2220 1345 2244; x_wconf 86' lang='lat' dir='ltr'><strong>est</strong></span> <span class='ocrx_word' id='word_1_701' title='bbox 1370 2211 1447 2250; x_wconf 83' lang='lat' dir='ltr'><strong>tale,</strong></span> <span class='ocrx_word' id='word_1_702' title='bbox 1470 2210 1610 2249; x_wconf 83' lang='lat' dir='ltr'><strong>scilicet,</strong></span> <span class='ocrx_word' id='word_1_703' title='bbox 1634 2211 1721 2253; x_wconf 86' lang='lat' dir='ltr'><strong>quod</strong></span> <span class='ocrx_word' id='word_1_704' title='bbox 1745 2222 1859 2243; x_wconf 78' lang='lat' dir='ltr'><strong>sumus</strong></span> <span class='ocrx_word' id='word_1_705' title='bbox 1881 2209 2014 2252; x_wconf 83' lang='lat' dir='ltr'><strong>spoliati</strong></span> <span class='ocrx_word' id='word_1_706' title='bbox 2041 2215 2075 2241; x_wconf 89' lang='lat' dir='ltr'><strong>et</strong></span> <span class='ocrx_word' id='word_1_707' title='bbox 2098 2208 2211 2241; x_wconf 78' lang='lat' dir='ltr'><strong>vulne-</strong></span> 
     </span>
     <span class='ocr_line' id='line_1_103' title="bbox 1233 2251 2210 2297; baseline -0.003 -11"><span class='ocrx_word' id='word_1_708' title='bbox 1233 2257 1304 2287; x_wconf 84' lang='lat' dir='ltr'><strong>rati.</strong></span> <span class='ocrx_word' id='word_1_709' title='bbox 1350 2255 1428 2286; x_wconf 87' lang='lat' dir='ltr'><strong>ltem</strong></span> <span class='ocrx_word' id='word_1_710' title='bbox 1450 2255 1528 2297; x_wconf 89' lang='lat' dir='ltr'><strong>quid</strong></span> <span class='ocrx_word' id='word_1_711' title='bbox 1552 2254 1651 2286; x_wconf 76' lang='lat' dir='ltr'><strong>faciat</strong></span> <span class='ocrx_word' id='word_1_712' title='bbox 1669 2253 1746 2286; x_wconf 70' lang='lat' dir='ltr'><strong>lex?</strong></span> <span class='ocrx_word' id='word_1_713' title='bbox 1793 2255 1866 2286; x_wconf 89' lang='lat' dir='ltr'><strong>Non</strong></span> <span class='ocrx_word' id='word_1_714' title='bbox 1890 2253 2017 2285; x_wconf 86' lang='lat' dir='ltr'><strong>tollitur</strong></span> <span class='ocrx_word' id='word_1_715' title='bbox 2038 2251 2114 2294; x_wconf 86' lang='lat' dir='ltr'><strong>lege</strong></span> <span class='ocrx_word' id='word_1_716' title='bbox 2135 2262 2210 2294; x_wconf 87' lang='lat' dir='ltr'><strong>pec-</strong></span> 
     </span>
     <span class='ocr_line' id='line_1_104' title="bbox 1233 2295 2209 2340; baseline -0.004 -10"><span class='ocrx_word' id='word_1_717' title='bbox 1233 2307 1354 2336; x_wconf 80' lang='lat' dir='ltr'><strong>catum,</strong></span> <span class='ocrx_word' id='word_1_718' title='bbox 1378 2299 1437 2330; x_wconf 77' lang='lat' dir='ltr'><strong>sed</strong></span> <span class='ocrx_word' id='word_1_719' title='bbox 1460 2308 1520 2340; x_wconf 88' lang='lat' dir='ltr'><strong>per</strong></span> <span class='ocrx_word' id='word_1_720' title='bbox 1544 2299 1786 2330; x_wconf 72' lang='lat' dir='ltr'><strong>Samaritanum</strong></span> <span class='ocrx_word' id='word_1_721' title='bbox 1801 2321 1809 2335; x_wconf 87' lang='lat'><strong>,</strong></span> <span class='ocrx_word' id='word_1_722' title='bbox 1841 2308 1900 2337; x_wconf 88' lang='lat' dir='ltr'><strong>per</strong></span> <span class='ocrx_word' id='word_1_723' title='bbox 1923 2295 2035 2328; x_wconf 85' lang='lat' dir='ltr'><strong>Filium</strong></span> <span class='ocrx_word' id='word_1_724' title='bbox 2059 2295 2144 2334; x_wconf 88' lang='lat' dir='ltr'><strong>Dei,</strong></span> <span class='ocrx_word' id='word_1_725' title='bbox 2178 2303 2209 2327; x_wconf 93' lang='lat' dir='ltr'><strong>et</strong></span> 
     </span>
     <span class='ocr_line' id='line_1_105' title="bbox 1232 2339 2210 2383; baseline -0.005 -9"><span class='ocrx_word' id='word_1_726' title='bbox 1232 2344 1275 2374; x_wconf 82' lang='lat' dir='ltr'><strong>ita</strong></span> <span class='ocrx_word' id='word_1_727' title='bbox 1298 2341 1433 2380; x_wconf 83' lang='lat' dir='ltr'><strong>tollitur,</strong></span> <span class='ocrx_word' id='word_1_728' title='bbox 1456 2340 1582 2373; x_wconf 80' lang='lat' dir='ltr'><strong>scilicet</strong></span> <span class='ocrx_word' id='word_1_729' title='bbox 1609 2352 1668 2383; x_wconf 83' lang='lat' dir='ltr'><strong>per</strong></span> <span class='ocrx_word' id='word_1_730' title='bbox 1695 2342 1933 2378; x_wconf 84' lang='lat' dir='ltr'><strong>ministerium,</strong></span> <span class='ocrx_word' id='word_1_731' title='bbox 1969 2339 2058 2381; x_wconf 82' lang='lat' dir='ltr'><strong>quod</strong></span> <span class='ocrx_word' id='word_1_732' title='bbox 2092 2345 2145 2370; x_wconf 73' lang='lat' dir='ltr'><strong>est</strong></span> <span class='ocrx_word' id='word_1_733' title='bbox 2177 2339 2210 2370; x_wconf 69' lang='lat' dir='ltr'><strong>in</strong></span> 
     </span>
     <span class='ocr_line' id='line_1_106' title="bbox 1231 2381 2208 2426; baseline -0.004 -9"><span class='ocrx_word' id='word_1_734' title='bbox 1231 2384 1393 2417; x_wconf 84' lang='lat' dir='ltr'><strong>Ecclesia.</strong></span> <span class='ocrx_word' id='word_1_735' title='bbox 1438 2383 1515 2416; x_wconf 87' lang='lat' dir='ltr'><strong>Vult</strong></span> <span class='ocrx_word' id='word_1_736' title='bbox 1539 2386 1639 2426; x_wconf 72' lang='lat' dir='ltr'><strong>igitur</strong></span> <span class='ocrx_word' id='word_1_737' title='bbox 1666 2395 1728 2415; x_wconf 82' lang='lat' dir='ltr'><strong>nos</strong></span> <span class='ocrx_word' id='word_1_738' title='bbox 1757 2384 1826 2415; x_wconf 86' lang='lat' dir='ltr'><strong>fieri</strong></span> <span class='ocrx_word' id='word_1_739' title='bbox 1856 2384 2002 2414; x_wconf 86' lang='lat' dir='ltr'><strong>membra</strong></span> <span class='ocrx_word' id='word_1_740' title='bbox 2025 2381 2208 2414; x_wconf 67' lang='lat' dir='ltr'><strong>Ecclesiae.</strong></span> 
     </span>
     <span class='ocr_line' id='line_1_107' title="bbox 1232 2426 2209 2468; baseline -0.004 -9"><span class='ocrx_word' id='word_1_741' title='bbox 1232 2428 1311 2461; x_wconf 77' lang='lat' dir='ltr'><strong>Vult</strong></span> <span class='ocrx_word' id='word_1_742' title='bbox 1335 2439 1397 2459; x_wconf 72' lang='lat' dir='ltr'><strong>nos</strong></span> <span class='ocrx_word' id='word_1_743' title='bbox 1416 2429 1528 2460; x_wconf 84' lang='lat' dir='ltr'><strong>audire</strong></span> <span class='ocrx_word' id='word_1_744' title='bbox 1552 2429 1735 2459; x_wconf 87' lang='lat' dir='ltr'><strong>doctrinam</strong></span> <span class='ocrx_word' id='word_1_745' title='bbox 1758 2428 1799 2458; x_wconf 89' lang='lat' dir='ltr'><strong>de</strong></span> <span class='ocrx_word' id='word_1_746' title='bbox 1833 2426 2058 2468; x_wconf 86' lang='lat' dir='ltr'><strong>poenitentia,</strong></span> <span class='ocrx_word' id='word_1_747' title='bbox 2092 2431 2123 2456; x_wconf 85' lang='lat' dir='ltr'><strong>et</strong></span> <span class='ocrx_word' id='word_1_748' title='bbox 2159 2433 2209 2456; x_wconf 73' lang='lat' dir='ltr'><strong>m-</strong></span> 
     </span>
     <span class='ocr_line' id='line_1_108' title="bbox 1231 2468 2210 2513; baseline -0.004 -10"><span class='ocrx_word' id='word_1_749' title='bbox 1231 2472 1387 2504; x_wconf 83' lang='lat' dir='ltr'><strong>missionc</strong></span> <span class='ocrx_word' id='word_1_750' title='bbox 1409 2478 1640 2513; x_wconf 74' lang='lat' dir='ltr'><strong>peccatorum:</strong></span> <span class='ocrx_word' id='word_1_751' title='bbox 1664 2470 1735 2502; x_wconf 83' lang='lat' dir='ltr'><strong>vult</strong></span> <span class='ocrx_word' id='word_1_752' title='bbox 1758 2480 1820 2501; x_wconf 85' lang='lat' dir='ltr'><strong>nos</strong></span> <span class='ocrx_word' id='word_1_753' title='bbox 1839 2476 1998 2507; x_wconf 83' lang='lat' dir='ltr'><strong>statuere,</strong></span> <span class='ocrx_word' id='word_1_754' title='bbox 2022 2468 2112 2510; x_wconf 86' lang='lat' dir='ltr'><strong>quod</strong></span> <span class='ocrx_word' id='word_1_755' title='bbox 2135 2478 2210 2508; x_wconf 88' lang='lat' dir='ltr'><strong>pro·</strong></span> 
     </span>
     <span class='ocr_line' id='line_1_109' title="bbox 1231 2510 2210 2557; baseline -0.006 -10"><span class='ocrx_word' id='word_1_756' title='bbox 1231 2522 1304 2557; x_wconf 88' lang='lat' dir='ltr'><strong>pter</strong></span> <span class='ocrx_word' id='word_1_757' title='bbox 1326 2514 1415 2546; x_wconf 80' lang='lat' dir='ltr'><strong>hune</strong></span> <span class='ocrx_word' id='word_1_758' title='bbox 1436 2515 1543 2554; x_wconf 77' lang='lat' dir='ltr'><strong>ipsum</strong></span> <span class='ocrx_word' id='word_1_759' title='bbox 1566 2515 1820 2551; x_wconf 68' lang='lat' dir='ltr'><strong>samaritanum,</strong></span> <span class='ocrx_word' id='word_1_760' title='bbox 1844 2511 1960 2544; x_wconf 71' lang='lat' dir='ltr'><strong>filium</strong></span> <span class='ocrx_word' id='word_1_761' title='bbox 1984 2511 2060 2549; x_wconf 91' lang='lat' dir='ltr'><strong>Dei,</strong></span> <span class='ocrx_word' id='word_1_762' title='bbox 2089 2510 2210 2542; x_wconf 81' lang='lat' dir='ltr'><strong>habea-</strong></span> 
     </span>
     <span class='ocr_line' id='line_1_110' title="bbox 1231 2553 2210 2598; baseline -0.006 -8"><span class='ocrx_word' id='word_1_763' title='bbox 1231 2569 1302 2590; x_wconf 80' lang='lat' dir='ltr'><strong>mus</strong></span> <span class='ocrx_word' id='word_1_764' title='bbox 1323 2556 1553 2589; x_wconf 74' lang='lat' dir='ltr'><strong>remissionem</strong></span> <span class='ocrx_word' id='word_1_765' title='bbox 1576 2563 1802 2598; x_wconf 73' lang='lat' dir='ltr'><strong>peccatorum,</strong></span> <span class='ocrx_word' id='word_1_766' title='bbox 1826 2561 2015 2597; x_wconf 84' lang='lat' dir='ltr'><strong>reputemur</strong></span> <span class='ocrx_word' id='word_1_767' title='bbox 2038 2554 2129 2591; x_wconf 84' lang='lat' dir='ltr'><strong>iusti,</strong></span> <span class='ocrx_word' id='word_1_768' title='bbox 2152 2553 2210 2585; x_wconf 88' lang='lat' dir='ltr'><strong>do·</strong></span> 
     </span>
     <span class='ocr_line' id='line_1_111' title="bbox 1231 2595 2209 2642; baseline -0.006 -10"><span class='ocrx_word' id='word_1_769' title='bbox 1231 2612 1346 2633; x_wconf 84' lang='lat' dir='ltr'><strong>nemur</strong></span> <span class='ocrx_word' id='word_1_770' title='bbox 1369 2601 1491 2642; x_wconf 83' lang='lat' dir='ltr'><strong>Spin&#39;tu</strong></span> <span class='ocrx_word' id='word_1_771' title='bbox 1514 2606 1630 2632; x_wconf 85' lang='lat' dir='ltr'><strong>sancto</strong></span> <span class='ocrx_word' id='word_1_772' title='bbox 1648 2623 1657 2639; x_wconf 95' lang='lat'><strong>,</strong></span> <span class='ocrx_word' id='word_1_773' title='bbox 1693 2606 1723 2631; x_wconf 90' lang='lat' dir='ltr'><strong>et</strong></span> <span class='ocrx_word' id='word_1_774' title='bbox 1755 2600 1821 2630; x_wconf 87' lang='lat' dir='ltr'><strong>vita</strong></span> <span class='ocrx_word' id='word_1_775' title='bbox 1852 2604 1998 2630; x_wconf 79' lang='lat' dir='ltr'><strong>aeterna.</strong></span> <span class='ocrx_word' id='word_1_776' title='bbox 2046 2595 2125 2628; x_wconf 88' lang='lat' dir='ltr'><strong>Vult</strong></span> <span class='ocrx_word' id='word_1_777' title='bbox 2147 2606 2209 2627; x_wconf 84' lang='lat' dir='ltr'><strong>nos</strong></span> 
     </span>
    </p>
   </div>
   <div class='ocr_carea' id='block_1_11' title="bbox 201 2638 2210 2690">
    <p class='ocr_par' dir='ltr' id='par_1_16' title="bbox 201 2638 2210 2690">
     <span class='ocr_line' id='line_1_112' title="bbox 201 2638 2210 2690; baseline -0.004 -11"><span class='ocrx_word' id='word_1_778' title='bbox 201 2646 290 2690; x_wconf 87' lang='lat' dir='ltr'><strong>plina</strong></span> <span class='ocrx_word' id='word_1_779' title='bbox 314 2654 362 2679; x_wconf 84' lang='lat' dir='ltr'><strong>est</strong></span> <span class='ocrx_word' id='word_1_780' title='bbox 388 2649 482 2680; x_wconf 76' lang='lat' dir='ltr'><strong>nimis</strong></span> <span class='ocrx_word' id='word_1_781' title='bbox 507 2647 634 2685; x_wconf 60' lang='lat' dir='ltr'><strong>laxata:</strong></span> <span class='ocrx_word' id='word_1_782' title='bbox 657 2657 771 2679; x_wconf 84' lang='lat' dir='ltr'><strong>sumus</strong></span> <span class='ocrx_word' id='word_1_783' title='bbox 793 2647 889 2677; x_wconf 86' lang='lat' dir='ltr'><strong>nimis</strong></span> <span class='ocrx_word' id='word_1_784' title='bbox 919 2645 1090 2683; x_wconf 73' lang='lat' dir='ltr'><strong>imbelles,</strong></span> <span class='ocrx_word' id='word_1_785' title='bbox 1124 2655 1178 2677; x_wconf 84' lang='lat' dir='ltr'><strong>su·</strong></span> <span class='ocrx_word' id='word_1_786' title='bbox 1231 2645 1328 2683; x_wconf 83' lang='lat' dir='ltr'><strong>scire,</strong></span> <span class='ocrx_word' id='word_1_787' title='bbox 1351 2643 1440 2686; x_wconf 89' lang='lat' dir='ltr'><strong>quod</strong></span> <span class='ocrx_word' id='word_1_788' title='bbox 1465 2643 1661 2684; x_wconf 82' lang='lat' dir='ltr'><strong>recipiamur</strong></span> <span class='ocrx_word' id='word_1_789' title='bbox 1683 2643 1770 2680; x_wconf 77' lang='lat' dir='ltr'><strong>fide,</strong></span> <span class='ocrx_word' id='word_1_790' title='bbox 1803 2651 1861 2683; x_wconf 87' lang='lat' dir='ltr'><strong>per</strong></span> <span class='ocrx_word' id='word_1_791' title='bbox 1883 2647 1917 2673; x_wconf 86' lang='lat' dir='ltr'><strong>et</strong></span> <span class='ocrx_word' id='word_1_792' title='bbox 1939 2645 2076 2683; x_wconf 75' lang='lat' dir='ltr'><strong>puopter</strong></span> <span class='ocrx_word' id='word_1_793' title='bbox 2092 2638 2210 2671; x_wconf 23' lang='lat' dir='ltr'><strong>*Filium</strong></span> 
     </span>
    </p>
   </div>
  </div>
 </body>
</html>
