2343 2970
73 186 134 217 541

73 279 192 309 Portae
214 280 383 307 evertentur
411 280 543 315 propter
570 275 651 305 illm!
675 279 847 314 perf-ulum.

72 366 106 397 id
126 372 187 403 est,
209 363 458 403 impedientibus
484 362 707 393 mini-iterium.
764 361 835 391 lloc
871 370 955 400 opus
979 358 1050 389 Filii

73 408 138 440 Dei
160 413 211 438 est
234 415 316 447 opus
341 404 535 447 glorificans
569 405 805 441 ministerium,
842 404 924 434 dans
962 403 1051 432 testi-

74 452 227 488 monium,
250 450 339 490 quod
372 449 444 490 ipse
478 450 520 479 sit
554 449 770 480 concionator
803 456 915 477 verax.
960 445 1050 486 Esgo

76 500 127 525 est
148 503 231 534 opus
254 493 421 533 pertinens
446 492 487 522 ad
511 492 735 523 ministerium.
774 488 926 520 Christus
950 487 1051 530 glori-

74 537 151 568 ficat
172 536 280 567 Deum
304 536 368 566 isto
393 545 509 576 opere:
545 540 577 565 et
606 535 661 566 dat
684 533 906 565 testimonium
930 531 1051 562 doctri-

74 589 148 611 nae:
173 585 204 610 et
227 578 290 610 hoc
312 580 385 619 ipso
410 588 511 619 opere
541 579 604 609 iste
638 578 737 608 miser
765 575 864 606 homo
889 574 1051 605 converti-

181 621 251 653 Hae
275 628 350 653 sunt
372 621 481 652 reales
505 620 704 652 solutiones:
733 618 803 649 Lex
826 628 891 649 non
916 618 965 648 sic
990 615 1051 647 fuit
1077 623 1082 645 t
1105 615 1218 646 sertim
1259 614 1368 657 frigidi
1402 614 1545 646 intusum
1578 614 1782 654 ventriculo,
1827 617 1987 659 extinguit
2021 618 2085 648 vim

74 628 135 654 tur.

72 664 302 707 intelligenda,
331 675 468 704 prorsus
492 663 619 695 nullum
644 673 726 704 opus
750 672 825 692 esse
850 660 1050 692 faciendum:

73 708 134 740 sed
156 707 233 740 talia
257 718 358 748 opera
381 718 445 739 non
467 717 543 739 csse
566 705 736 743 facienda,
765 715 848 746 quac
873 703 1051 744 impediunt

72 751 296 783 ministerium-

201 898 398 940 Servasne
429 904 474 937 tu
506 897 629 936 etiam
662 894 916 937 Sabbatum?

776 986 819 1016 Τιι
852 996 912 1015 non
946 996 1049 1016 servas

168 989 379 1030 Respondeo.
425 988 541 1020 Servo.
588 986 724 1018 Contra:

734 1030 827 1061 Sicut
855 1028 920 1061 illis
950 1030 1050 1070 septi-

70 1034 229 1073 sepiimum
252 1033 343 1067 diem,
367 1032 424 1061 secl
443 1032 574 1071 primum
597 1030 687 1060 (Ζιέηι.

70 1087 143 1108 mus
167 1076 237 1107 dies
260 1074 321 1106 fuit
343 1079 588 1106 monumentum
611 1075 652 1104 de
677 1073 854 1110 creatione,
878 1073 927 1104 sic
952 1073 1048 1104 nobis

68 1121 195 1161 primus
215 1119 287 1150 dies
311 1124 362 1149 cst
385 1122 628 1149 monumentum
648 1117 688 1147 de
705 1116 949 1147 ressurrectione
963 1115 1049 1147 Filii.

70 1161 172 1193 Filius
194 1161 377 1193 resurrexit
397 1161 504 1202 primo
527 1160 590 1197 die,
603 1166 637 1191 ut
660 1159 903 1201 significaretur
924 1159 1049 1190 instau-

70 1206 154 1237 ratio
177 1215 286 1237 novae
309 1204 419 1242 vitae,
452 1209 484 1234 et
509 1201 759 1234 immortalitatis
783 1208 968 1234 secuturae.
1014 1202 1050 1233 Si

69 1258 152 1290 ergo
176 1254 211 1279 tu
233 1248 373 1288 primum
396 1247 481 1278 diem
504 1255 634 1284 servas,
648 1246 813 1286 quomodo
834 1255 951 1277 servas
975 1246 1049 1276 sab-

70 1291 200 1323 batum?
223 1290 433 1331 Respondeo.
478 1289 697 1330 Praeceptum
721 1288 762 1319 de
787 1288 935 1319 Sabbato
965 1287 1048 1320 obli-

69 1339 128 1377 gat
149 1344 211 1366 nos
234 1334 267 1365 in
291 1343 436 1375 genere,
468 1343 536 1364 non
554 1333 586 1362 in
610 1332 733 1372 specie.
779 1331 840 1362 Est
859 1331 1049 1362 mandatum

67 1383 262 1420 perpetuum
296 1377 328 1407 in
361 1386 507 1418 genere,
542 1375 602 1406 sed
632 1384 699 1406 non
722 1380 774 1405 est
797 1379 992 1415 perpetuum
1015 1375 1048 1405 in

69 1421 192 1462 specie,
215 1419 364 1458 scilicet,
394 1419 483 1460 quod
507 1418 549 1449 ad
572 1417 786 1449 Ceremouias
811 1418 934 1448 attinet.
979 1416 1048 1448 De-

67 1465 185 1496 bemus
208 1473 313 1504 genus
336 1463 490 1500 retinere,
514 1462 546 1492 id
570 1467 642 1496 est,
677 1470 879 1492 conservare
901 1460 1048 1492 ministe-

67 1507 161 1538 rium.
205 1506 369 1538 Dominus
393 1505 603 1537 consecravit
623 1505 723 1535 istum
746 1504 831 1535 diem
854 1514 914 1535 sua
937 1513 1045 1535 resur-

68 1550 235 1586 rectione3
259 1555 291 1580 et
314 1547 368 1580 vel
378 1546 534 1590 Apostoli
557 1548 809 1585 constituerunt,
832 1553 866 1578 ut
885 1548 1047 1581 observa-

70 1597 160 1623 retur
182 1592 271 1633 apud
283 1591 491 1623 Christianos
513 1589 569 1621 ille
592 1591 674 1628 dies,
687 1588 740 1621 vel
763 1589 818 1622 alii
841 1601 883 1622 ex
895 1590 1047 1622 doctrina

69 1634 328 1676 Apostolorum3
357 1644 553 1677 quamquam
575 1643 638 1675 ego
661 1638 740 1675 puto
764 1643 841 1665 esse
863 1634 1047 1666 institutum

70 1676 318 1720 Apostolorum.

155 1723 231 1753 Man
259 1723 317 1753 leat
345 1720 408 1752 viel
439 1719 652 1762 quaestiones
687 1723 720 1752 in
753 1720 817 1751 den
839 1721 1046 1759 Summisten,

71 1774 156 1807 quae
190 1775 293 1806 opera
326 1762 450 1795 violent
484 1763 677 1795 Sabbatum.
743 1762 809 1793 Sed
847 1762 903 1793 illa
944 1773 1047 1804 opera

73 1813 197 1839 tantum
232 1806 357 1839 violant
384 1807 581 1844 Sabbatum,
621 1816 705 1848 quae
739 1805 917 1847 impediunt
958 1806 1047 1836 mini-

74 1851 219 1882 sterium.
276 1850 368 1882 Haec
402 1850 490 1881 dicta
513 1851 578 1881 sint
601 1849 641 1880 de
665 1849 824 1881 Sabbato.
875 1848 948 1879 Vos
969 1859 1047 1880 con-

73 1895 218 1926 siderate
240 1894 339 1925 istam
361 1894 554 1935 sapientiam
584 1892 648 1923 Dei
670 1893 702 1923 in
736 1890 792 1923 illo
828 1892 901 1932 ipso
932 1892 1048 1923 ordine

73 1943 268 1978 temporum,
303 1943 335 1968 et,
368 1937 457 1978 agite
490 1937 519 1967 ei
544 1936 669 1979 gratias
703 1945 763 1976 pro
786 1935 851 1965 hoc
875 1934 1046 1967 beneficio.

73 1980 149 2012 Non
172 1981 330 2022 cogitate:
362 1980 433 2010 Nos
457 1990 570 2011 sumus
594 1978 707 2016 liberi,
743 1981 804 2010 wir
831 1988 958 2010 mus-sen
995 1981 1052 2010 toll

75 2024 143 2054 und
152 2026 213 2054 vall
233 2034 324 2063 seyn,
347 2033 439 2055 wemz
461 2026 521 2054 wir
542 2025 663 2062 wellen,
686 2022 772 2053 sicut
794 2022 936 2059 memini,
970 2021 1047 2053 cho—

75 2075 151 2097 reas
185 2076 261 2096 esse
291 2076 310 2096 a
343 2066 538 2107 quibusdam
572 2064 759 2097 celebratas
793 2065 846 2095 die
880 2065 1047 2105 passionis

77 2107 212 2147 Christi,
235 2118 288 2139 am
310 2110 511 2149 harfreycay.
568 2108 627 2139 Est
651 2108 841 2145 barbaries,
871 2118 936 2138 non
960 2107 1048 2139 velle

76 2152 256 2183 observare
296 2150 364 2182 ulla
403 2151 591 2182 discrimina
634 2157 829 2192 temporum.
886 2150 956 2182 Lex
998 2157 1048 2183 est

75 2195 291 2236 paedagogus
314 2195 346 2225 in
369 2192 550 2233 Christum,
579 2195 677 2226 debet
699 2204 775 2225 esse
798 2195 985 2232 discrimen,
1017 2200 1049 2225 et

76 2242 184 2268 tamen
209 2237 414 2269 conscientia
436 2237 535 2268 debet
563 2238 665 2276 scire,
700 2238 788 2279 quod
816 2248 883 2269 non
912 2243 1048 2278 propter

76 2278 152 2311 illas
175 2281 440 2318 observationeS,
469 2281 529 2311 sed
556 2287 691 2322 propter
714 2280 828 2312 Filium
852 2280 917 2312 Dei
945 2282 1048 2312 simus

77 2322 162 2353 iusti.
205 2325 278 2355 Nun
295 2326 407 2355 wollen
429 2326 490 2355 wir
513 2327 565 2355 ein
592 2327 694 2363 weniy
723 2324 766 2355 de
797 2325 912 2355 morbo
936 2334 1048 2365 cayeu.

77 2487 154 2527 De
186 2502 404 2542 genere
435 2489 643 2541 morbi,
688 2504 850 2545 quem
884 2490 1080 2532 Chri-.

77 2554 205 2589 stus
256 2548 311 2588 in
365 2549 470 2589 hoe
528 2550 815 2592 miraculo
867 2557 1049 2592 sanat.

162 2639 300 2672 Morbus
322 2640 385 2672 iste
407 2646 547 2673 vocatur
568 2640 728 2684 hydrops.
764 2643 912 2675 >Etiamsi
936 2641 1048 2685 plures

758 179 974 212 PoSTILLA
998 176 1395 211 MELANTHONIANA.

902 274 954 302 Da
984 273 1051 311 „qim

73 333 107 353 er
128 322 187 351 den
209 320 331 350 rechten
360 318 562 350 intellectum
597 321 638 349 dc
673 319 828 359 operibus
862 316 1051 353 sei-vilibus,

1076 273 1080 279 ‘
1105 278 1182 303 sunt
1205 272 1348 312 speeie<,
1385 277 1493 301 tamen
1522 270 1606 300 haec
1641 271 1738 301 etiam
1767 280 1816 301 est
1846 273 1978 312 species
2009 284 2086 311 una,

1105 324 1190 355 quae
1225 322 1276 346 est
1310 324 1352 345 cx
1386 314 1603 344 redundantia
1644 313 1736 344 crudi
1771 313 1939 345 humoris:
1987 315 2087 347 habet

1076 350 1081 422 ἰ
1104 368 1223 387 nomen
1247 359 1288 388 ab
1312 356 1412 399 ὕδωρ,
1431 367 1530 398 aquai,
1565 364 1595 387 et
1621 357 1662 387 ab
1690 354 1742 396 ὂψ,
1767 358 1893 397 specie:
1928 359 2003 399 quia
2033 358 2087 390 ille

1078 401 1227 442 icrudus
1250 399 1368 431 humor
1403 409 1453 431 est
1487 398 1603 430 similis
1642 410 1757 440 aquae.
1812 402 1861 431 lsc‘
1891 405 2019 440 {semem
2053 406 2086 433 in

1076 446 1081 473 i
1104 445 1215 474 diesen
1237 444 1366 475 landen.
1415 443 1588 478 Quomodo
1613 442 1669 473 fit?
1716 442 1857 474 Primum
1882 444 2087 476 ventriculus

1077 481 1081 525 Ι
1104 485 1276 527 languent,
1300 486 1430 527 quando
1456 487 1588 517 nimium
1613 485 1806 518 infunditur:
1831 487 1928 525 sicut,
1953 488 2086 529 quando

1077 529 1081 541 “
1105 528 1240 560 multum
1264 528 1328 560 clei
1351 528 1530 560 infunditur
1553 530 1585 559 in
1608 529 1731 570 ignem,
1762 531 1966 572 extinguitur
1989 531 2075 572 ignis

1105 572 1226 603 Parum
1249 571 1314 604 olei
1338 572 1429 603 fovet
1452 573 1572 613 ignem,
1596 572 1640 603 ita
1658 575 1791 604 muitum
1808 580 1918 615 potus,
1943 580 1975 605 et
1994 584 2086 614 prae-

1078 649 1082 671 '
1106 657 1290 689 ventriculi.
1324 658 1449 690 Postea
1469 657 1657 689 debilitatur
1681 659 1730 689 vis
1754 660 1876 699 epatis:
1895 661 1960 691 imo
1985 670 2086 701 saepe

1078 709 1083 749 Ι
1104 702 1242 739 accidit,
1277 707 1311 732 ut
1334 712 1414 743 epar
1435 702 1592 741 putrefiat
1616 707 1649 732 et
1672 702 1886 734 dissolvatur.
1931 702 2083 744 Langue-

1076 743 1194 810 jfacta
1222 745 1253 776 vi
1283 744 1454 776 ventriculi
1491 749 1524 775 et
1552 745 1679 785 epatis,
1713 744 1802 776 nulla
1834 745 1869 777 fit
1893 747 2018 784 coctio,
2053 751 2084 777 et

1077 814 1082 839 1
1106 798 1228 829 corpus
1262 786 1414 829 impletur
1464 786 1559 818 malis
1610 786 1824 827 humoribus,
1872 799 1938 821 non
1977 788 2075 820 alitur

1076 830 1182 902 lldeo
1206 831 1326 862 videtis
1360 829 1456 863 simul
1490 832 1729 862 contabescere
1763 832 1913 863 homines
1947 839 1979 864 et
2003 833 2085 864 intu-

1105 884 1260 906 mescere.
1317 874 1401 906 Sunt
1435 875 1500 905 duo
1531 874 1595 904 ista
1629 876 1794 906 contraria
1828 874 1925 906 simul
1958 876 1992 906 in
2022 874 2087 906 hoc

1103 919 1231 948 morbo.
1288 917 1356 948 Cur
1383 924 1492 949 autem
1521 918 1729 948 contabescit
1760 918 1907 959 corpus?
1924 920 1997 950 ‘cur
2019 928 2086 949 non

1102 959 1220 991 alitur?
1255 960 1338 996 Quia
1356 971 1422 992 non
1445 966 1497 992 est
1519 959 1609 992 facta
1628 962 1804 992 conversio
1825 963 1856 992 in
1881 962 2085 1003 sanguinem.

1104 1002 1229 1034 Humor
1252 1010 1303 1035 est
1326 1005 1469 1039 crudus3
1498 1013 1603 1035 venae
1636 1003 1812 1045 implentur
1835 1003 1891 1036 illo
1914 1003 2002 1036 malo
2026 1005 2085 1036 hu-

1103 1057 1210 1077 more:
1246 1052 1366 1078 natura
1390 1047 1614 1078 membrorum
1649 1056 1716 1078 non
1747 1053 1860 1089 potest
1890 1054 2085 1079 convertere

1102 1090 1134 1120 in
1158 1090 1402 1122 nutrimentum.

1188 1252 1267 1300 We'e
1297 1253 1398 1300 leee'st
1427 1256 1501 1299 der
1538 1253 1551 1299 ἱ
1562 1252 1639 1299 'ers
1669 1255 1720 1300 cle
1750 1253 2011 1312 hydropicis?

1207 1366 1273 1403 Quo
1289 1367 1367 1405 plus
1388 1369 1466 1397 sunt
1480 1369 1590 1405 pocae,
1609 1368 1686 1406 plus
1707 1368 1862 1397 sitiuntur
1880 1376 1992 1406 aquae.

1101 1432 1236 1468 Quare?
1292 1433 1377 1469 Quia
1400 1444 1522 1474 corpus
1552 1443 1619 1465 non
1652 1432 1773 1465 alitur:
1806 1433 1896 1477 Ergo
1920 1436 2084 1477 appetitur

1100 1475 1281 1508 fomentum
1305 1475 1450 1518 aliquod.
1475 1477 1567 1516 Item,
1590 1476 1676 1512 Quia
1699 1476 1797 1509 simul
1826 1484 1877 1509 est
1909 1480 2086 1511 coniuncta

1099 1519 1213 1551 febris.
1259 1519 1345 1551 Nam
1368 1521 1444 1562 quia
1466 1530 1535 1551 non
1553 1520 1651 1551 alitur
1675 1530 1818 1561 corpuS,
1849 1527 1882 1553 et
1910 1522 2085 1553 immodice

1072 1572 1078 1599 ι
1099 1561 1259 1604 repletur,
1283 1569 1315 1594 et
1334 1563 1416 1594 fiunt
1429 1565 1694 1601 obstructiones3
1718 1565 1792 1595 ideo
1805 1565 1955 1607 sequitur
1966 1565 2083 1604 febris

1073 1602 1078 1613 ¹
1100 1607 1320 1638 incenduntur
1341 1605 1469 1646 fauces,
1494 1612 1524 1638 et
1537 1607 1764 1649 oesophaguS,
1788 1610 1955 1650 appetitur
1973 1614 2085 1650 potuS,

1101 1656 1133 1681 et
1156 1660 1334 1691 numquam
1357 1656 1468 1682 tamen
1490 1651 1708 1692 restinguitur
1731 1651 1816 1683 sitis.

1187 1692 1254 1724 Iste
1275 1694 1412 1724 morbus
1436 1699 1487 1724 est
1511 1693 1625 1725 similis
1640 1693 1747 1725 malae
1771 1695 1952 1726 doctrinae.
1989 1694 2084 1726 Sicut

1101 1736 1271 1775 Scriptura
1305 1736 1400 1767 dicit:
1429 1737 1565 1776 Semper
1593 1739 1769 1775 discentes,
1804 1743 1836 1769 et
1862 1747 2024 1777 nunquam
2042 1739 2088 1770 ad

1072 1793 1079 1823 Ι
1100 1782 1267 1810 scientiam
1288 1782 1523 1819 pervenientes.
1571 1779 1712 1815 Quando
1742 1779 1862 1822 aliquis
1886 1780 1939 1812 vel
1967 1787 2084 1812 onerat

1101 1831 1139 1852 se
1161 1822 1258 1852 nimia
1293 1823 1391 1862 copia
1423 1828 1540 1863 potus,
1574 1822 1628 1854 vel
1658 1823 1779 1854 vitioso
1806 1829 1904 1865 potu,
1934 1825 2085 1865 sequitur

1101 1864 1267 1906 hydrops:
1288 1873 1320 1896 et
1342 1866 1375 1896 in
1394 1865 1544 1907 hydrope
1557 1867 1622 1897 hoc
1645 1865 1692 1904 fit,
1716 1872 1763 1904 ut,
1795 1877 1860 1908 quo
1884 1866 1961 1907 plus
1985 1868 2082 1905 bibis,

1101 1917 1141 1939 eo
1165 1908 1271 1949 magis
1301 1909 1407 1940 sitias.
1465 1909 1545 1940 Sitis
1568 1910 1780 1948 accenditur,
1814 1911 1947 1951 quando
1981 1910 2085 1941 febris

1100 1957 1258 1992 augetur:
1293 1949 1405 1983 ita‘in
1434 1951 1520 1983 mala
1555 1953 1724 1990 doctrina,
1758 1963 1824 1994 quo
1860 1952 1936 1994 plus
1966 1952 2085 1995 aliquis

1100 1994 1220 2032 haurit,
1243 2005 1282 2026 eo
1300 1996 1406 2037 magis
1425 1995 1562 2038 appetit,
1585 1994 1664 2027 nihil
1684 1996 1792 2034 discit,
1817 2002 1934 2027 natura
1960 2002 2085 2028 tantum

1073 2052 1078 2085 ὲ
1101 2035 1261 2079 languefit
1284 2044 1317 2068 et
1340 2040 1500 2076 turbatur,
1525 2044 1558 2070 et
1581 2039 1681 2070 homo
1705 2039 1839 2070 tandem
1858 2040 2017 2081 redigitur
2039 2040 2084 2071 ad

1102 2081 1380 2121 desperationem:
1423 2084 1518 2114 Wemz
1541 2086 1632 2114 emer
1655 2086 1689 2113 in
1711 2086 1816 2114 ez'nem
1841 2082 1981 2114 articulo
2006 2082 2082 2114 fidei

1074 2152 1079 2168 3
1102 2127 1170 2155 irre
1192 2126 1286 2162 wI'rd,
1309 2135 1345 2156 so
1368 2127 1453 2157 wtrd
1468 2136 1506 2157 er
1525 2136 1588 2165 yar
1606 2129 1674 2158 irre
1693 2127 1775 2157 auch
1798 2130 1831 2157 m
1853 2127 1916 2157 [len
1939 2128 2081 2158 andern:

1102 2173 1137 2197 ut
1160 2165 1306 2199 lulianus
1330 2170 1414 2201 wird
1434 2172 1502 2200 irre
1525 2170 1557 2200 in
1580 2167 1718 2200 articulo
1743 2170 1784 2200 de
1808 2169 1976 2206 Trinitate,
1994 2175 2084 2209 post-

1102 2219 1141 2241 ea
1173 2211 1286 2253 incipit
1320 2212 1432 2243 odisse
1466 2211 1586 2244 Filium
1623 2211 1706 2251 Dei,
1752 2212 1863 2244 abiicit
1897 2212 2081 2243 doctrinam

1103 2251 1341 2293 orthodoxam,
1376 2255 1411 2286 fit
1435 2254 1645 2293 Platonicus,
1680 2262 1822 2297 vagatur
1850 2265 1909 2296 per
1933 2256 2084 2286 diversas

1104 2302 1232 2327 sectas:
1263 2299 1347 2329 we'rd
1368 2301 1420 2330 ein
1442 2300 1579 2340 Sophist.
1635 2298 1693 2330 Sic
1717 2297 1808 2330 multi
1831 2299 1895 2329 iam
1919 2304 2084 2339 vagantur

1075 2336 1080 2377 l
1103 2350 1162 2381 per
1186 2350 1302 2372 omnes
1326 2348 1456 2379 sectas;
1480 2342 1596 2373 volunt
1619 2343 1719 2379 scire,
1742 2342 1819 2383 quid
1832 2342 2084 2382 Analmptistae,

1075 2381 1080 2422 Ι
1103 2383 1181 2424 quid
1202 2383 1394 2422 Lutherani‚
1422 2385 1498 2426 quid
1523 2385 1692 2426 Papistae,
1715 2385 1792 2426 quid
1806 2383 1936 2415 Ethnici
1961 2385 2084 2422 dicant,

1075 2431 1079 2458 i
1103 2432 1268 2467 vagantur
1290 2438 1350 2468 per
1372 2429 1492 2467 omnia,
1516 2436 1548 2460 et
1565 2438 1633 2460 non
1650 2427 1836 2469 implentur,
1860 2433 1983 2458 tantum
2007 2437 2084 2458 Sese

1075 2462 1080 2505 i
1102 2469 1296 2510 impediunt:
1330 2472 1373 2503 So
1406 2475 1465 2504 ists
1495 2475 1557 2512 fiir
1585 2473 1645 2503 der
1678 2475 1741 2502 zei!
1764 2481 1911 2510 yewesen
1940 2474 1999 2502 mil
2024 2471 2085 2502 der

1105 2512 1317 2545 confessione
1340 2513 1527 2546 auriculari.
1583 2514 1657 2556 Ego
1691 2515 1843 2551 memini,
1877 2519 1909 2544 ct
1933 2513 2024 2544 multi
2043 2523 2083 2544 ex

1103 2557 1290 2589 senioribus
1313 2559 1546 2596 meminerunt,
1580 2567 1667 2599 quae
1695 2555 1793 2588 fuerit
1821 2557 2028 2588 consuetudo
2049 2557 2083 2587 in

1074 2611 1080 2645 ξ
1103 2598 1326 2632 consessione.
1372 2603 1418 2634 Es
1439 2603 1516 2634 sind
1532 2604 1615 2633 leuce
1634 2610 1795 2640 yewesen,
1824 2601 1877 2631 die
1895 2602 1918 2631 8
1940 2601 2020 2631 oder
2042 2601 2083 2631 14

1074 2646 1076 2649 “
1102 2648 1174 2684 taqe
1191 2646 1338 2684 ‚qebez‘elzt
1352 2646 1464 2677 leuben.
1505 2644 1611 2676 Hodie
1629 2643 1719 2675 venit
1736 2643 1784 2674 eis
1801 2641 1924 2684 aliquid
1943 2643 1975 2674 in
1995 2652 2085 2674 men-
