<?xml version="1.0" encoding="UTF-8"?>
<!DOCTYPE html PUBLIC "-//W3C//DTD XHTML 1.0 Transitional//EN"
    "http://www.w3.org/TR/xhtml1/DTD/xhtml1-transitional.dtd">
<html xmlns="http://www.w3.org/1999/xhtml" xml:lang="en" lang="en">
 <head>
  <title>
</title>
<meta http-equiv="Content-Type" content="text/html;charset=utf-8" />
  <meta name='ocr-system' content='tesseract 3.04.00' />
  <meta name='ocr-capabilities' content='ocr_page ocr_carea ocr_par ocr_line ocrx_word'/>
</head>
<body>
  <div class='ocr_page' id='page_1' title='image "./operaquaesupersu25melauoft/operaquaesupersu25melauoft_0352.png"; bbox 0 0 2343 2970; ppageno 0'>
   <div class='ocr_carea' id='block_1_1' title="bbox 163 168 227 200">
    <p class='ocr_par' dir='ltr' id='par_1_1' title="bbox 163 168 227 200">
     <span class='ocr_line' id='line_1_1' title="bbox 163 168 227 200; baseline 0 0"><span class='ocrx_word' id='word_1_1' title='bbox 163 168 227 200; x_wconf 72' lang='lat'><strong>683</strong></span> 
     </span>
    </p>
   </div>
   <div class='ocr_carea' id='block_1_2' title="bbox 159 257 1145 476">
    <p class='ocr_par' dir='ltr' id='par_1_2' title="bbox 159 257 1145 476">
     <span class='ocr_line' id='line_1_2' title="bbox 165 257 1144 300; baseline -0.005 -6"><span class='ocrx_word' id='word_1_2' title='bbox 165 264 242 295; x_wconf 91' lang='lat' dir='ltr'><strong>dum</strong></span> <span class='ocrx_word' id='word_1_3' title='bbox 265 263 402 294; x_wconf 88' lang='lat' dir='ltr'><strong>verbum</strong></span> <span class='ocrx_word' id='word_1_4' title='bbox 426 261 498 293; x_wconf 87' lang='lat' dir='ltr'><strong>Dei.</strong></span> <span class='ocrx_word' id='word_1_5' title='bbox 556 261 664 294; x_wconf 82' lang='lat' dir='ltr'><strong>David</strong></span> <span class='ocrx_word' id='word_1_6' title='bbox 698 261 796 292; x_wconf 89' lang='lat' dir='ltr'><strong>debet</strong></span> <span class='ocrx_word' id='word_1_7' title='bbox 819 260 906 291; x_wconf 88' lang='lat' dir='ltr'><strong>scire</strong></span> <span class='ocrx_word' id='word_1_8' title='bbox 928 268 967 290; x_wconf 84' lang='lat' dir='ltr'><strong>se</strong></span> <span class='ocrx_word' id='word_1_9' title='bbox 990 268 1057 290; x_wconf 90' lang='lat' dir='ltr'><strong>non</strong></span> <span class='ocrx_word' id='word_1_10' title='bbox 1075 257 1144 300; x_wconf 86' lang='lat' dir='ltr'><strong>pla-</strong></span> 
     </span>
     <span class='ocr_line' id='line_1_3' title="bbox 166 301 1144 345; baseline -0.005 -8"><span class='ocrx_word' id='word_1_11' title='bbox 166 316 243 338; x_wconf 87' lang='lat' dir='ltr'><strong>cere</strong></span> <span class='ocrx_word' id='word_1_12' title='bbox 265 305 351 343; x_wconf 91' lang='lat' dir='ltr'><strong>Deo,</strong></span> <span class='ocrx_word' id='word_1_13' title='bbox 381 315 454 336; x_wconf 90' lang='lat' dir='ltr'><strong>cum</strong></span> <span class='ocrx_word' id='word_1_14' title='bbox 480 305 563 345; x_wconf 82' lang='lat' dir='ltr'><strong>rapit</strong></span> <span class='ocrx_word' id='word_1_15' title='bbox 589 304 725 335; x_wconf 84' lang='lat' dir='ltr'><strong>alterius</strong></span> <span class='ocrx_word' id='word_1_16' title='bbox 761 304 946 344; x_wconf 65' lang='lat' dir='ltr'><strong>coniugem.</strong></span> <span class='ocrx_word' id='word_1_17' title='bbox 1002 301 1078 333; x_wconf 88' lang='lat' dir='ltr'><strong>Non</strong></span> <span class='ocrx_word' id='word_1_18' title='bbox 1099 302 1144 333; x_wconf 89' lang='lat' dir='ltr'><strong>di-</strong></span> 
     </span>
     <span class='ocr_line' id='line_1_4' title="bbox 166 344 1141 390; baseline -0.005 -9"><span class='ocrx_word' id='word_1_19' title='bbox 166 355 234 381; x_wconf 86' lang='lat' dir='ltr'><strong>cat:</strong></span> <span class='ocrx_word' id='word_1_20' title='bbox 270 348 343 390; x_wconf 80' lang='lat' dir='ltr'><strong>Ego</strong></span> <span class='ocrx_word' id='word_1_21' title='bbox 367 358 439 379; x_wconf 89' lang='lat' dir='ltr'><strong>sum</strong></span> <span class='ocrx_word' id='word_1_22' title='bbox 464 347 610 385; x_wconf 86' lang='lat' dir='ltr'><strong>electus,</strong></span> <span class='ocrx_word' id='word_1_23' title='bbox 644 347 768 387; x_wconf 83' lang='lat' dir='ltr'>rapiam</span> <span class='ocrx_word' id='word_1_24' title='bbox 798 344 935 377; x_wconf 83' lang='lat' dir='ltr'><strong>alterius</strong></span> <span class='ocrx_word' id='word_1_25' title='bbox 960 346 1141 386; x_wconf 86' lang='lat' dir='ltr'><strong>coniugem-</strong></span> 
     </span>
     <span class='ocr_line' id='line_1_5' title="bbox 163 389 1145 431; baseline -0.004 -7"><span class='ocrx_word' id='word_1_26' title='bbox 163 394 278 424; x_wconf 75' lang='lat' dir='ltr'><strong>Darzu</strong></span> <span class='ocrx_word' id='word_1_27' title='bbox 295 393 431 431; x_wconf 61' lang='lat' dir='ltr'><strong>aanoret</strong></span> <span class='ocrx_word' id='word_1_28' title='bbox 451 394 523 422; x_wconf 79' lang='lat' dir='ltr'><strong>eine</strong></span> <span class='ocrx_word' id='word_1_29' title='bbox 540 395 617 429; x_wconf 60' lang='lat' dir='ltr'><strong>,qute</strong></span> <span class='ocrx_word' id='word_1_30' title='bbox 633 399 750 429; x_wconf 58' lang='lat' dir='ltr'><strong>,qrosse</strong></span> <span class='ocrx_word' id='word_1_31' title='bbox 772 393 900 430; x_wconf 78' lang='lat' dir='ltr'><strong>staupe,</strong></span> <span class='ocrx_word' id='word_1_32' title='bbox 923 389 975 420; x_wconf 78' lang='lat' dir='ltr'><strong>die</strong></span> <span class='ocrx_word' id='word_1_33' title='bbox 997 390 1040 420; x_wconf 86' lang='lat' dir='ltr'><strong>du</strong></span> <span class='ocrx_word' id='word_1_34' title='bbox 1062 389 1145 420; x_wconf 71' lang='lat' dir='ltr'><strong>auch</strong></span> 
     </span>
     <span class='ocr_line' id='line_1_6' title="bbox 159 437 371 476; baseline -0.005 -9"><span class='ocrx_word' id='word_1_35' title='bbox 159 437 302 476; x_wconf 70' lang='lat' dir='ltr'><strong>yefolyet</strong></span> <span class='ocrx_word' id='word_1_36' title='bbox 321 438 371 466; x_wconf 79' lang='lat' dir='ltr'><strong>ist.</strong></span> 
     </span>
    </p>
   </div>
   <div class='ocr_carea' id='block_1_3' title="bbox 252 473 1172 516">
    <p class='ocr_par' dir='ltr' id='par_1_3' title="bbox 252 473 1172 516">
     <span class='ocr_line' id='line_1_7' title="bbox 252 473 1172 516; baseline -0.004 -7"><span class='ocrx_word' id='word_1_37' title='bbox 252 477 418 509; x_wconf 80' lang='lat' dir='ltr'><strong>Debemus</strong></span> <span class='ocrx_word' id='word_1_38' title='bbox 441 476 540 513; x_wconf 87' lang='lat' dir='ltr'><strong>scire,</strong></span> <span class='ocrx_word' id='word_1_39' title='bbox 564 475 652 516; x_wconf 89' lang='lat' dir='ltr'><strong>quod</strong></span> <span class='ocrx_word' id='word_1_40' title='bbox 676 474 768 506; x_wconf 91' lang='lat' dir='ltr'><strong>Deus</strong></span> <span class='ocrx_word' id='word_1_41' title='bbox 790 473 994 506; x_wconf 74' lang='lat' dir='ltr'><strong>horribiliter</strong></span> <span class='ocrx_word' id='word_1_42' title='bbox 1021 474 1143 505; x_wconf 81' lang='lat' dir='ltr'><strong>irasca-</strong></span> <span class='ocrx_word' id='word_1_43' title='bbox 1169 504 1172 511; x_wconf 83' lang='grc'>,</span> 
     </span>
    </p>
   </div>
   <div class='ocr_carea' id='block_1_4' title="bbox 162 518 1148 1293">
    <p class='ocr_par' dir='ltr' id='par_1_4' title="bbox 162 518 1148 1293">
     <span class='ocr_line' id='line_1_8' title="bbox 165 518 1144 561; baseline -0.006 -9"><span class='ocrx_word' id='word_1_44' title='bbox 165 528 219 552; x_wconf 89' lang='lat' dir='ltr'><strong>tur</strong></span> <span class='ocrx_word' id='word_1_45' title='bbox 237 521 399 561; x_wconf 64' lang='lat' dir='ltr'><strong>peccatis:</strong></span> <span class='ocrx_word' id='word_1_46' title='bbox 434 525 466 550; x_wconf 85' lang='lat' dir='ltr'><strong>et</strong></span> <span class='ocrx_word' id='word_1_47' title='bbox 497 524 630 556; x_wconf 81' lang='lat' dir='ltr'><strong>contra,</strong></span> <span class='ocrx_word' id='word_1_48' title='bbox 667 518 773 560; x_wconf 87' lang='lat' dir='ltr'><strong>quod,</strong></span> <span class='ocrx_word' id='word_1_49' title='bbox 807 527 1004 559; x_wconf 83' lang='lat' dir='ltr'><strong>quamquam</strong></span> <span class='ocrx_word' id='word_1_50' title='bbox 1028 526 1144 549; x_wconf 90' lang='lat' dir='ltr'><strong>sumus</strong></span> 
     </span>
     <span class='ocr_line' id='line_1_9' title="bbox 163 559 1145 605; baseline -0.005 -10"><span class='ocrx_word' id='word_1_51' title='bbox 163 562 265 605; x_wconf 87' lang='lat' dir='ltr'><strong>lapsi,</strong></span> <span class='ocrx_word' id='word_1_52' title='bbox 293 569 401 594; x_wconf 78' lang='lat' dir='ltr'><strong>tamen</strong></span> <span class='ocrx_word' id='word_1_53' title='bbox 435 562 635 603; x_wconf 78' lang='lat' dir='ltr'>recipiamur</span> <span class='ocrx_word' id='word_1_54' title='bbox 669 567 803 602; x_wconf 82' lang='lat' dir='ltr'><strong>propter</strong></span> <span class='ocrx_word' id='word_1_55' title='bbox 836 559 939 591; x_wconf 83' lang='lat' dir='ltr'><strong>filium</strong></span> <span class='ocrx_word' id='word_1_56' title='bbox 970 559 1042 592; x_wconf 78' lang='lat' dir='ltr'><strong>Dei.</strong></span> <span class='ocrx_word' id='word_1_57' title='bbox 1094 559 1145 590; x_wconf 85' lang='lat' dir='ltr'><strong>Ex</strong></span> 
     </span>
     <span class='ocr_line' id='line_1_10' title="bbox 165 602 1144 640; baseline -0.005 -2"><span class='ocrx_word' id='word_1_58' title='bbox 165 607 268 639; x_wconf 85' lang='lat' dir='ltr'><strong>verbo</strong></span> <span class='ocrx_word' id='word_1_59' title='bbox 293 607 449 636; x_wconf 85' lang='lat' dir='ltr'><strong>debemus</strong></span> <span class='ocrx_word' id='word_1_60' title='bbox 473 605 617 635; x_wconf 86' lang='lat' dir='ltr'><strong>iudicare</strong></span> <span class='ocrx_word' id='word_1_61' title='bbox 647 605 688 635; x_wconf 88' lang='lat' dir='ltr'><strong>de</strong></span> <span class='ocrx_word' id='word_1_62' title='bbox 711 602 881 635; x_wconf 89' lang='lat' dir='ltr'><strong>voluntate</strong></span> <span class='ocrx_word' id='word_1_63' title='bbox 904 603 983 634; x_wconf 89' lang='lat' dir='ltr'><strong>Dei:</strong></span> <span class='ocrx_word' id='word_1_64' title='bbox 1018 603 1051 634; x_wconf 91' lang='lat' dir='ltr'><strong>id</strong></span> <span class='ocrx_word' id='word_1_65' title='bbox 1079 609 1144 640; x_wconf 90' lang='lat' dir='ltr'><strong>est,</strong></span> 
     </span>
     <span class='ocr_line' id='line_1_11' title="bbox 164 648 1145 692; baseline -0.004 -11"><span class='ocrx_word' id='word_1_66' title='bbox 164 650 252 692; x_wconf 88' lang='lat' dir='ltr'><strong>quod</strong></span> <span class='ocrx_word' id='word_1_67' title='bbox 271 648 366 680; x_wconf 88' lang='lat' dir='ltr'><strong>Deus</strong></span> <span class='ocrx_word' id='word_1_68' title='bbox 390 649 553 680; x_wconf 70' lang='lat' dir='ltr'>irascatur</span> <span class='ocrx_word' id='word_1_69' title='bbox 572 648 733 689; x_wconf 86' lang='lat' dir='ltr'><strong>peccatis,</strong></span> <span class='ocrx_word' id='word_1_70' title='bbox 759 653 792 678; x_wconf 86' lang='lat' dir='ltr'><strong>et</strong></span> <span class='ocrx_word' id='word_1_71' title='bbox 815 657 865 677; x_wconf 88' lang='lat' dir='ltr'><strong>me</strong></span> <span class='ocrx_word' id='word_1_72' title='bbox 888 653 1043 687; x_wconf 84' lang='lat' dir='ltr'><strong>agentem</strong></span> <span class='ocrx_word' id='word_1_73' title='bbox 1065 655 1145 686; x_wconf 88' lang='lat' dir='ltr'><strong>poe-</strong></span> 
     </span>
     <span class='ocr_line' id='line_1_12' title="bbox 163 689 1143 733; baseline -0.004 -9"><span class='ocrx_word' id='word_1_74' title='bbox 163 693 333 725; x_wconf 86' lang='lat' dir='ltr'><strong>nitentiam</strong></span> <span class='ocrx_word' id='word_1_75' title='bbox 357 691 493 733; x_wconf 82' lang='lat' dir='ltr'><strong>recipiat.</strong></span> <span class='ocrx_word' id='word_1_76' title='bbox 518 695 653 732; x_wconf 88' lang='lat' dir='ltr'><strong>propter</strong></span> <span class='ocrx_word' id='word_1_77' title='bbox 675 689 806 728; x_wconf 90' lang='lat' dir='ltr'><strong>Filium,</strong></span> <span class='ocrx_word' id='word_1_78' title='bbox 835 691 896 722; x_wconf 82' lang='lat' dir='ltr'><strong>das</strong></span> <span class='ocrx_word' id='word_1_79' title='bbox 919 693 963 722; x_wconf 78' lang='lat' dir='ltr'><strong>isc</strong></span> <span class='ocrx_word' id='word_1_80' title='bbox 984 690 1025 720; x_wconf 85' lang='lat' dir='ltr'><strong>de</strong></span> <span class='ocrx_word' id='word_1_81' title='bbox 1048 699 1143 730; x_wconf 82' lang='lat' dir='ltr'><strong>prae-</strong></span> 
     </span>
     <span class='ocr_line' id='line_1_13' title="bbox 164 732 1144 775; baseline -0.004 -8"><span class='ocrx_word' id='word_1_82' title='bbox 164 736 249 767; x_wconf 84' lang='lat' dir='ltr'>senti</span> <span class='ocrx_word' id='word_1_83' title='bbox 272 735 405 767; x_wconf 82' lang='lat' dir='ltr'><strong>institia.</strong></span> <span class='ocrx_word' id='word_1_84' title='bbox 462 733 593 765; x_wconf 86' lang='lat' dir='ltr'><strong>Deinde</strong></span> <span class='ocrx_word' id='word_1_85' title='bbox 624 733 757 775; x_wconf 84' lang='lat' dir='ltr'><strong>quando</strong></span> <span class='ocrx_word' id='word_1_86' title='bbox 791 733 824 764; x_wconf 91' lang='lat' dir='ltr'><strong>in</strong></span> <span class='ocrx_word' id='word_1_87' title='bbox 859 732 923 764; x_wconf 87' lang='lat' dir='ltr'><strong>fine</strong></span> <span class='ocrx_word' id='word_1_88' title='bbox 947 742 1011 774; x_wconf 83' lang='lat' dir='ltr'><strong>ago</strong></span> <span class='ocrx_word' id='word_1_89' title='bbox 1034 732 1144 773; x_wconf 89' lang='lat' dir='ltr'><strong>poeni-</strong></span> 
     </span>
     <span class='ocr_line' id='line_1_14' title="bbox 163 775 1144 817; baseline -0.004 -7"><span class='ocrx_word' id='word_1_90' title='bbox 163 779 310 817; x_wconf 80' lang='lat' dir='ltr'><strong>tentiam,</strong></span> <span class='ocrx_word' id='word_1_91' title='bbox 333 784 363 810; x_wconf 91' lang='lat' dir='ltr'><strong>et</strong></span> <span class='ocrx_word' id='word_1_92' title='bbox 389 777 583 809; x_wconf 84' lang='lat' dir='ltr'><strong>commendo</strong></span> <span class='ocrx_word' id='word_1_93' title='bbox 607 787 658 808; x_wconf 93' lang='lat' dir='ltr'><strong>me</strong></span> <span class='ocrx_word' id='word_1_94' title='bbox 682 775 749 808; x_wconf 88' lang='lat' dir='ltr'><strong>filio</strong></span> <span class='ocrx_word' id='word_1_95' title='bbox 763 775 840 814; x_wconf 89' lang='lat' dir='ltr'><strong>Dei,</strong></span> <span class='ocrx_word' id='word_1_96' title='bbox 865 782 990 807; x_wconf 84' lang='lat' dir='ltr'><strong>etcum</strong></span> <span class='ocrx_word' id='word_1_97' title='bbox 1010 776 1144 814; x_wconf 84' lang='lat' dir='ltr'><strong>invoco,</strong></span> 
     </span>
     <span class='ocr_line' id='line_1_15' title="bbox 164 818 1144 862; baseline -0.005 -8"><span class='ocrx_word' id='word_1_98' title='bbox 164 828 231 854; x_wconf 87' lang='lat' dir='ltr'><strong>tum</strong></span> <span class='ocrx_word' id='word_1_99' title='bbox 255 827 368 853; x_wconf 79' lang='lat' dir='ltr'><strong>certus</strong></span> <span class='ocrx_word' id='word_1_100' title='bbox 392 831 477 858; x_wconf 78' lang='lat' dir='ltr'><strong>sum,</strong></span> <span class='ocrx_word' id='word_1_101' title='bbox 500 820 590 862; x_wconf 88' lang='lat' dir='ltr'><strong>quod</strong></span> <span class='ocrx_word' id='word_1_102' title='bbox 613 820 674 852; x_wconf 88' lang='lat' dir='ltr'><strong>sim</strong></span> <span class='ocrx_word' id='word_1_103' title='bbox 693 829 810 851; x_wconf 81' lang='lat' dir='ltr'><strong>revera</strong></span> <span class='ocrx_word' id='word_1_104' title='bbox 839 818 989 857; x_wconf 71' lang='lat' dir='ltr'><strong>electus,</strong></span> <span class='ocrx_word' id='word_1_105' title='bbox 1018 826 1049 850; x_wconf 85' lang='lat' dir='ltr'><strong>et</strong></span> <span class='ocrx_word' id='word_1_106' title='bbox 1074 819 1144 849; x_wconf 86' lang='lat' dir='ltr'><strong>eius</strong></span> 
     </span>
     <span class='ocr_line' id='line_1_16' title="bbox 163 862 1146 902; baseline -0.004 -6"><span class='ocrx_word' id='word_1_107' title='bbox 163 866 211 898; x_wconf 89' lang='lat' dir='ltr'><strong>rei</strong></span> <span class='ocrx_word' id='word_1_108' title='bbox 234 865 457 896; x_wconf 88' lang='lat' dir='ltr'><strong>testimonium</strong></span> <span class='ocrx_word' id='word_1_109' title='bbox 485 869 536 894; x_wconf 88' lang='lat' dir='ltr'><strong>est</strong></span> <span class='ocrx_word' id='word_1_110' title='bbox 559 862 745 895; x_wconf 87' lang='lat' dir='ltr'><strong>consolatio</strong></span> <span class='ocrx_word' id='word_1_111' title='bbox 777 862 808 893; x_wconf 91' lang='lat' dir='ltr'><strong>in</strong></span> <span class='ocrx_word' id='word_1_112' title='bbox 833 862 946 893; x_wconf 89' lang='lat' dir='ltr'><strong>corde.</strong></span> <span class='ocrx_word' id='word_1_113' title='bbox 1002 863 1146 902; x_wconf 82' lang='lat' dir='ltr'><strong><em>Spiritus</em></strong></span> 
     </span>
     <span class='ocr_line' id='line_1_17' title="bbox 162 903 1143 947; baseline -0.004 -7"><span class='ocrx_word' id='word_1_114' title='bbox 162 912 296 942; x_wconf 71' lang='lat' dir='ltr'><strong>sanctus</strong></span> <span class='ocrx_word' id='word_1_115' title='bbox 327 910 384 939; x_wconf 82' lang='lat' dir='ltr'><strong>dat</strong></span> <span class='ocrx_word' id='word_1_116' title='bbox 406 910 622 939; x_wconf 75' lang='lat' dir='ltr'><strong>testimonium</strong></span> <span class='ocrx_word' id='word_1_117' title='bbox 648 907 779 947; x_wconf 75' lang='lat' dir='ltr'><strong>spirituc</strong></span> <span class='ocrx_word' id='word_1_118' title='bbox 806 910 926 938; x_wconf 80' lang='lat' dir='ltr'><strong>nostro.</strong></span> <span class='ocrx_word' id='word_1_119' title='bbox 971 903 1143 936; x_wconf 83' lang='lat' dir='ltr'>Debemus</span> 
     </span>
     <span class='ocr_line' id='line_1_18' title="bbox 163 947 1144 990; baseline -0.006 -6"><span class='ocrx_word' id='word_1_120' title='bbox 163 961 241 984; x_wconf 85' lang='lat' dir='ltr'><strong>esse</strong></span> <span class='ocrx_word' id='word_1_121' title='bbox 281 950 424 983; x_wconf 80' lang='lat' dir='ltr'>contenti</span> <span class='ocrx_word' id='word_1_122' title='bbox 470 949 534 981; x_wconf 86' lang='lat' dir='ltr'><strong>hac</strong></span> <span class='ocrx_word' id='word_1_123' title='bbox 570 950 733 980; x_wconf 89' lang='lat' dir='ltr'><strong>communi</strong></span> <span class='ocrx_word' id='word_1_124' title='bbox 768 955 800 980; x_wconf 89' lang='lat' dir='ltr'><strong>et.</strong></span> <span class='ocrx_word' id='word_1_125' title='bbox 835 947 975 990; x_wconf 73' lang='lat' dir='ltr'><strong>simplici</strong></span> <span class='ocrx_word' id='word_1_126' title='bbox 1010 958 1144 979; x_wconf 87' lang='lat' dir='ltr'><strong>enarra-</strong></span> 
     </span>
     <span class='ocr_line' id='line_1_19' title="bbox 163 991 1144 1035; baseline -0.004 -9"><span class='ocrx_word' id='word_1_127' title='bbox 163 996 265 1026; x_wconf 85' lang='lat' dir='ltr'><strong>tione:</strong></span> <span class='ocrx_word' id='word_1_128' title='bbox 300 994 374 1026; x_wconf 87' lang='lat' dir='ltr'><strong>Non</strong></span> <span class='ocrx_word' id='word_1_129' title='bbox 393 991 623 1035; x_wconf 81' lang='lat' dir='ltr'><strong>indulgeamus</strong></span> <span class='ocrx_word' id='word_1_130' title='bbox 659 992 937 1034; x_wconf 71' lang='lat' dir='ltr'><strong>disputationibus</strong></span> <span class='ocrx_word' id='word_1_131' title='bbox 970 991 1144 1023; x_wconf 79' lang='lat' dir='ltr'><strong>inextrica-</strong></span> 
     </span>
     <span class='ocr_line' id='line_1_20' title="bbox 165 1033 1144 1079; baseline -0.005 -10"><span class='ocrx_word' id='word_1_132' title='bbox 165 1037 300 1076; x_wconf 82' lang='lat' dir='ltr'><strong>bilibus,</strong></span> <span class='ocrx_word' id='word_1_133' title='bbox 337 1046 421 1079; x_wconf 90' lang='lat' dir='ltr'><strong>quas</strong></span> <span class='ocrx_word' id='word_1_134' title='bbox 454 1047 521 1068; x_wconf 89' lang='lat' dir='ltr'><strong>non</strong></span> <span class='ocrx_word' id='word_1_135' title='bbox 556 1035 781 1077; x_wconf 82' lang='lat' dir='ltr'><strong>intelligimus.</strong></span> <span class='ocrx_word' id='word_1_136' title='bbox 838 1034 940 1066; x_wconf 80' lang='lat' dir='ltr'><strong>Filius</strong></span> <span class='ocrx_word' id='word_1_137' title='bbox 975 1033 1040 1065; x_wconf 87' lang='lat' dir='ltr'><strong>Dei</strong></span> <span class='ocrx_word' id='word_1_138' title='bbox 1078 1044 1144 1065; x_wconf 91' lang='lat' dir='ltr'><strong>non</strong></span> 
     </span>
     <span class='ocr_line' id='line_1_21' title="bbox 164 1077 1144 1122; baseline -0.004 -11"><span class='ocrx_word' id='word_1_139' title='bbox 164 1080 259 1112; x_wconf 80' lang='lat' dir='ltr'><strong>affert</strong></span> <span class='ocrx_word' id='word_1_140' title='bbox 280 1081 377 1112; x_wconf 86' lang='lat' dir='ltr'><strong>nobis</strong></span> <span class='ocrx_word' id='word_1_141' title='bbox 400 1080 574 1122; x_wconf 63' lang='lat' dir='ltr'><strong>ambiguas</strong></span> <span class='ocrx_word' id='word_1_142' title='bbox 600 1089 713 1116; x_wconf 83' lang='lat' dir='ltr'><strong>voces,</strong></span> <span class='ocrx_word' id='word_1_143' title='bbox 743 1077 797 1109; x_wconf 55' lang='lat' dir='ltr'><strong>rel</strong></span> <span class='ocrx_word' id='word_1_144' title='bbox 821 1077 906 1109; x_wconf 79' lang='lat' dir='ltr'><strong>falsa</strong></span> <span class='ocrx_word' id='word_1_145' title='bbox 928 1077 1144 1119; x_wconf 78' lang='lat' dir='ltr'><strong>sophismata.</strong></span> 
     </span>
     <span class='ocr_line' id='line_1_22' title="bbox 165 1120 1145 1161; baseline -0.004 -6"><span class='ocrx_word' id='word_1_146' title='bbox 165 1122 225 1155; x_wconf 84' lang='lat' dir='ltr'><strong>ffla</strong></span> <span class='ocrx_word' id='word_1_147' title='bbox 259 1134 325 1155; x_wconf 81' lang='lat' dir='ltr'><strong>vox</strong></span> <span class='ocrx_word' id='word_1_148' title='bbox 357 1125 460 1155; x_wconf 69' lang='lat' dir='ltr'><strong>Venire</strong></span> <span class='ocrx_word' id='word_1_149' title='bbox 481 1125 527 1155; x_wconf 83' lang='lat' dir='ltr'><strong>ad</strong></span> <span class='ocrx_word' id='word_1_150' title='bbox 547 1133 598 1154; x_wconf 77' lang='lat' dir='ltr'><strong>mc</strong></span> <span class='ocrx_word' id='word_1_151' title='bbox 620 1132 744 1161; x_wconf 74' lang='lat' dir='ltr'><strong>omnes,</strong></span> <span class='ocrx_word' id='word_1_152' title='bbox 778 1129 841 1153; x_wconf 81' lang='lat' dir='ltr'><strong>etc.</strong></span> <span class='ocrx_word' id='word_1_153' title='bbox 872 1122 969 1153; x_wconf 88' lang='lat' dir='ltr'><strong>debet</strong></span> <span class='ocrx_word' id='word_1_154' title='bbox 992 1120 1070 1152; x_wconf 86' lang='lat' dir='ltr'><strong>mihi</strong></span> <span class='ocrx_word' id='word_1_155' title='bbox 1093 1120 1145 1151; x_wconf 85' lang='lat' dir='ltr'><strong>fir-</strong></span> 
     </span>
     <span class='ocr_line' id='line_1_23' title="bbox 165 1166 1148 1208; baseline -0.003 -10"><span class='ocrx_word' id='word_1_156' title='bbox 165 1167 248 1198; x_wconf 91' lang='lat' dir='ltr'><strong>mior</strong></span> <span class='ocrx_word' id='word_1_157' title='bbox 272 1177 360 1205; x_wconf 81' lang='lat' dir='ltr'><strong>esse,</strong></span> <span class='ocrx_word' id='word_1_158' title='bbox 394 1177 491 1208; x_wconf 81' lang='lat' dir='ltr'><strong>quam</strong></span> <span class='ocrx_word' id='word_1_159' title='bbox 515 1167 679 1203; x_wconf 75' lang='lat' dir='ltr'><strong>assensio,</strong></span> <span class='ocrx_word' id='word_1_160' title='bbox 710 1166 810 1205; x_wconf 77' lang='lat' dir='ltr'><strong>quod,</strong></span> <span class='ocrx_word' id='word_1_161' title='bbox 845 1168 904 1197; x_wconf 76' lang='lat' dir='ltr'><strong>Bis</strong></span> <span class='ocrx_word' id='word_1_162' title='bbox 926 1168 1063 1204; x_wconf 77' lang='lat' dir='ltr'><strong>quatuor</strong></span> <span class='ocrx_word' id='word_1_163' title='bbox 1081 1167 1148 1195; x_wconf 72' lang='lat' dir='ltr'><strong>sint</strong></span> 
     </span>
     <span class='ocr_line' id='line_1_24' title="bbox 165 1207 1146 1246; baseline -0.006 -2"><span class='ocrx_word' id='word_1_164' title='bbox 165 1215 245 1244; x_wconf 84' lang='lat' dir='ltr'><strong>octo.</strong></span> <span class='ocrx_word' id='word_1_165' title='bbox 301 1209 420 1241; x_wconf 81' lang='lat' dir='ltr'><strong>Debeo</strong></span> <span class='ocrx_word' id='word_1_166' title='bbox 449 1210 506 1240; x_wconf 90' lang='lat' dir='ltr'><strong>niti</strong></span> <span class='ocrx_word' id='word_1_167' title='bbox 543 1208 774 1240; x_wconf 72' lang='lat' dir='ltr'><strong>consolatione</strong></span> <span class='ocrx_word' id='word_1_168' title='bbox 809 1207 879 1239; x_wconf 85' lang='lat' dir='ltr'><strong>Filii</strong></span> <span class='ocrx_word' id='word_1_169' title='bbox 914 1207 997 1246; x_wconf 89' lang='lat' dir='ltr'><strong>Dei,</strong></span> <span class='ocrx_word' id='word_1_170' title='bbox 1031 1213 1062 1239; x_wconf 82' lang='lat' dir='ltr'><strong>et</strong></span> <span class='ocrx_word' id='word_1_171' title='bbox 1095 1208 1146 1238; x_wconf 85' lang='lat' dir='ltr'><strong>sic</strong></span> 
     </span>
     <span class='ocr_line' id='line_1_25' title="bbox 166 1250 983 1293; baseline -0.004 -9"><span class='ocrx_word' id='word_1_172' title='bbox 166 1254 307 1285; x_wconf 87' lang='lat' dir='ltr'><strong>innitens</strong></span> <span class='ocrx_word' id='word_1_173' title='bbox 331 1253 437 1284; x_wconf 87' lang='lat' dir='ltr'><strong>debeo</strong></span> <span class='ocrx_word' id='word_1_174' title='bbox 461 1258 620 1289; x_wconf 75' lang='lat' dir='ltr'><strong>statuere,</strong></span> <span class='ocrx_word' id='word_1_175' title='bbox 645 1252 736 1293; x_wconf 75' lang='lat' dir='ltr'><strong>quo-‘l</strong></span> <span class='ocrx_word' id='word_1_176' title='bbox 759 1252 819 1282; x_wconf 81' lang='lat' dir='ltr'><strong>sim</strong></span> <span class='ocrx_word' id='word_1_177' title='bbox 844 1250 983 1282; x_wconf 87' lang='lat' dir='ltr'><strong>electus.</strong></span> 
     </span>
    </p>
   </div>
   <div class='ocr_carea' id='block_1_5' title="bbox 294 1314 1147 1484">
    <p class='ocr_par' dir='ltr' id='par_1_5' title="bbox 294 1314 799 1353">
     <span class='ocr_line' id='line_1_26' title="bbox 294 1314 799 1353; baseline -0.004 -7"><span class='ocrx_word' id='word_1_178' title='bbox 294 1315 398 1346; x_wconf 57' lang='lat' dir='ltr'><strong>Electa·</strong></span> <span class='ocrx_word' id='word_1_179' title='bbox 417 1323 544 1353; x_wconf 76' lang='lat' dir='ltr'><strong>semper</strong></span> <span class='ocrx_word' id='word_1_180' title='bbox 564 1315 694 1352; x_wconf 72' lang='lat' dir='ltr'><strong>placent</strong></span> <span class='ocrx_word' id='word_1_181' title='bbox 714 1314 799 1344; x_wconf 78' lang='lat' dir='ltr'><strong>Deo.-</strong></span> 
     </span>
    </p>

    <p class='ocr_par' dir='ltr' id='par_1_6' title="bbox 294 1359 625 1389">
     <span class='ocr_line' id='line_1_27' title="bbox 294 1359 625 1389; baseline -0.006 0"><span class='ocrx_word' id='word_1_182' title='bbox 294 1359 400 1389; x_wconf 76' lang='lat' dir='ltr'><strong>Darz&#39;d</strong></span> <span class='ocrx_word' id='word_1_183' title='bbox 420 1362 469 1388; x_wconf 61' lang='grc' dir='ltr'><strong>θεῖ</strong></span> <span class='ocrx_word' id='word_1_184' title='bbox 491 1359 625 1388; x_wconf 67' lang='lat' dir='ltr'><strong>electus.-</strong></span> 
     </span>
    </p>

    <p class='ocr_par' dir='ltr' id='par_1_7' title="bbox 297 1399 1147 1484">
     <span class='ocr_line' id='line_1_28' title="bbox 297 1399 1147 1439; baseline -0.005 -7"><span class='ocrx_word' id='word_1_185' title='bbox 297 1401 382 1439; x_wconf 70' lang='lat' dir='ltr'><strong>Eryo</strong></span> <span class='ocrx_word' id='word_1_186' title='bbox 403 1399 509 1431; x_wconf 63' lang='lat' dir='ltr'><strong>David</strong></span> <span class='ocrx_word' id='word_1_187' title='bbox 530 1403 626 1431; x_wconf 80' lang='lat' dir='ltr'><strong>ellam</strong></span> <span class='ocrx_word' id='word_1_188' title='bbox 646 1400 768 1439; x_wconf 73' lang='lat' dir='ltr'><strong>placuit</strong></span> <span class='ocrx_word' id='word_1_189' title='bbox 792 1399 872 1438; x_wconf 86' lang='lat' dir='ltr'><strong>Deo,</strong></span> <span class='ocrx_word' id='word_1_190' title='bbox 907 1402 982 1430; x_wconf 70' lang='lat' dir='ltr'><strong>timo</strong></span> <span class='ocrx_word' id='word_1_191' title='bbox 1000 1406 1071 1428; x_wconf 81' lang='lat' dir='ltr'><strong>cum</strong></span> <span class='ocrx_word' id='word_1_192' title='bbox 1093 1407 1147 1428; x_wconf 86' lang='lat' dir='ltr'><strong>ra-</strong></span> 
     </span>
     <span class='ocr_line' id='line_1_29' title="bbox 337 1443 763 1484; baseline -0.002 -10"><span class='ocrx_word' id='word_1_193' title='bbox 337 1443 413 1484; x_wconf 71' lang='lat' dir='ltr'><strong>puit</strong></span> <span class='ocrx_word' id='word_1_194' title='bbox 433 1445 568 1474; x_wconf 78' lang='lat' dir='ltr'><strong>alterius</strong></span> <span class='ocrx_word' id='word_1_195' title='bbox 590 1445 763 1482; x_wconf 69' lang='lat' dir='ltr'><strong>coniuqem.</strong></span> 
     </span>
    </p>
   </div>
   <div class='ocr_carea' id='block_1_6' title="bbox 166 1506 1148 1769">
    <p class='ocr_par' dir='ltr' id='par_1_8' title="bbox 166 1506 1148 1769">
     <span class='ocr_line' id='line_1_30' title="bbox 512 1506 1148 1551; baseline -0.008 -8"><span class='ocrx_word' id='word_1_196' title='bbox 512 1511 613 1543; x_wconf 68' lang='lat' dir='ltr'><strong>Eleon·</strong></span> <span class='ocrx_word' id='word_1_197' title='bbox 639 1521 766 1551; x_wconf 67' lang='lat' dir='ltr'><strong>sempor</strong></span> <span class='ocrx_word' id='word_1_198' title='bbox 785 1512 915 1551; x_wconf 77' lang='lat' dir='ltr'><strong>placent</strong></span> <span class='ocrx_word' id='word_1_199' title='bbox 940 1511 1023 1547; x_wconf 84' lang='lat' dir='ltr'><strong>Deo,</strong></span> <span class='ocrx_word' id='word_1_200' title='bbox 1059 1506 1148 1539; x_wconf 84' lang='lat' dir='ltr'><strong>scili-</strong></span> 
     </span>
     <span class='ocr_line' id='line_1_31' title="bbox 166 1551 1146 1587; baseline -0.004 -1"><span class='ocrx_word' id='word_1_201' title='bbox 166 1562 217 1587; x_wconf 87' lang='lat' dir='ltr'><strong>cet</strong></span> <span class='ocrx_word' id='word_1_202' title='bbox 256 1554 409 1586; x_wconf 77' lang='lat' dir='ltr'><strong>finaliter.</strong></span> <span class='ocrx_word' id='word_1_203' title='bbox 478 1553 570 1585; x_wconf 81' lang='lat' dir='ltr'><strong>Deus</strong></span> <span class='ocrx_word' id='word_1_204' title='bbox 609 1553 809 1586; x_wconf 78' lang='lat' dir='ltr'><strong>horribiliter</strong></span> <span class='ocrx_word' id='word_1_205' title='bbox 846 1554 998 1584; x_wconf 81' lang='lat' dir='ltr'><strong>irascitur</strong></span> <span class='ocrx_word' id='word_1_206' title='bbox 1026 1551 1146 1583; x_wconf 73' lang='lat' dir='ltr'><strong>Davisii</strong></span> 
     </span>
     <span class='ocr_line' id='line_1_32' title="bbox 168 1596 1146 1639; baseline -0.004 -10"><span class='ocrx_word' id='word_1_207' title='bbox 168 1598 306 1639; x_wconf 77' lang='lat' dir='ltr'><strong>rapienti</strong></span> <span class='ocrx_word' id='word_1_208' title='bbox 330 1596 465 1629; x_wconf 69' lang='lat' dir='ltr'><strong>alterius</strong></span> <span class='ocrx_word' id='word_1_209' title='bbox 503 1599 688 1639; x_wconf 81' lang='lat' dir='ltr'><strong>coniugem.</strong></span> <span class='ocrx_word' id='word_1_210' title='bbox 735 1597 815 1629; x_wconf 87' lang='lat' dir='ltr'><strong>Item</strong></span> <span class='ocrx_word' id='word_1_211' title='bbox 848 1596 972 1627; x_wconf 87' lang='lat' dir='ltr'><strong>Aaroni</strong></span> <span class='ocrx_word' id='word_1_212' title='bbox 1007 1605 1146 1627; x_wconf 82' lang='lat' dir='ltr'><strong>consen-</strong></span> 
     </span>
     <span class='ocr_line' id='line_1_33' title="bbox 168 1639 1146 1682; baseline -0.003 -10"><span class='ocrx_word' id='word_1_213' title='bbox 168 1642 259 1672; x_wconf 82' lang='lat' dir='ltr'><strong>tienti</strong></span> <span class='ocrx_word' id='word_1_214' title='bbox 282 1643 315 1672; x_wconf 84' lang='lat' dir='ltr'><strong>in</strong></span> <span class='ocrx_word' id='word_1_215' title='bbox 338 1640 570 1673; x_wconf 77' lang='lat' dir='ltr'><strong>idololatriam.</strong></span> <span class='ocrx_word' id='word_1_216' title='bbox 622 1639 674 1672; x_wconf 87' lang='lat' dir='ltr'><strong>De</strong></span> <span class='ocrx_word' id='word_1_217' title='bbox 695 1652 760 1682; x_wconf 90' lang='lat' dir='ltr'><strong>quo</strong></span> <span class='ocrx_word' id='word_1_218' title='bbox 784 1640 859 1671; x_wconf 88' lang='lat' dir='ltr'><strong>dicit</strong></span> <span class='ocrx_word' id='word_1_219' title='bbox 884 1645 1012 1671; x_wconf 77' lang='lat' dir='ltr'><strong>textus:</strong></span> <span class='ocrx_word' id='word_1_220' title='bbox 1035 1639 1146 1670; x_wconf 82' lang='lat' dir='ltr'><strong>Domi-</strong></span> 
     </span>
     <span class='ocr_line' id='line_1_34' title="bbox 167 1683 1147 1723; baseline -0.005 -7"><span class='ocrx_word' id='word_1_221' title='bbox 167 1695 228 1716; x_wconf 74' lang='lat' dir='ltr'><strong>nus</strong></span> <span class='ocrx_word' id='word_1_222' title='bbox 262 1687 358 1716; x_wconf 71' lang='lat' dir='ltr'><strong>rolm&#39;t</strong></span> <span class='ocrx_word' id='word_1_223' title='bbox 380 1689 546 1716; x_wconf 79' lang='lat' dir='ltr'><strong>conterere</strong></span> <span class='ocrx_word' id='word_1_224' title='bbox 570 1694 659 1715; x_wconf 80' lang='lat' dir='ltr'><strong>enm:</strong></span> <span class='ocrx_word' id='word_1_225' title='bbox 693 1685 752 1715; x_wconf 72' lang='lat' dir='ltr'><strong>sed</strong></span> <span class='ocrx_word' id='word_1_226' title='bbox 786 1683 913 1714; x_wconf 85' lang='lat' dir='ltr'><strong>Moises</strong></span> <span class='ocrx_word' id='word_1_227' title='bbox 950 1683 1147 1723; x_wconf 87' lang='lat' dir='ltr'><strong>deprecatur</strong></span> 
     </span>
     <span class='ocr_line' id='line_1_35' title="bbox 166 1725 1146 1769; baseline -0.004 -10"><span class='ocrx_word' id='word_1_228' title='bbox 166 1738 226 1769; x_wconf 84' lang='lat' dir='ltr'><strong>pro</strong></span> <span class='ocrx_word' id='word_1_229' title='bbox 251 1738 309 1766; x_wconf 87' lang='lat' dir='ltr'><strong>eo,</strong></span> <span class='ocrx_word' id='word_1_230' title='bbox 337 1734 368 1759; x_wconf 86' lang='lat' dir='ltr'><strong>et</strong></span> <span class='ocrx_word' id='word_1_231' title='bbox 392 1728 464 1769; x_wconf 83' lang='lat' dir='ltr'><strong>ipse</strong></span> <span class='ocrx_word' id='word_1_232' title='bbox 486 1728 553 1769; x_wconf 82' lang='lat' dir='ltr'><strong>agit</strong></span> <span class='ocrx_word' id='word_1_233' title='bbox 587 1727 832 1768; x_wconf 80' lang='lat' dir='ltr'><strong>poenitentiam.</strong></span> <span class='ocrx_word' id='word_1_234' title='bbox 877 1726 956 1757; x_wconf 90' lang='lat' dir='ltr'><strong>Ideo</strong></span> <span class='ocrx_word' id='word_1_235' title='bbox 979 1725 1146 1766; x_wconf 85' lang='lat' dir='ltr'><strong>recipitur.</strong></span> 
     </span>
    </p>
   </div>
   <div class='ocr_carea' id='block_1_7' title="bbox 416 1795 897 1827">
    <p class='ocr_par' dir='ltr' id='par_1_9' title="bbox 416 1795 897 1827">
     <span class='ocr_line' id='line_1_36' title="bbox 416 1795 897 1827; baseline -0.004 0"><span class='ocrx_word' id='word_1_236' title='bbox 416 1795 477 1827; x_wconf 90' lang='lat' dir='ltr'><strong>EX</strong></span> <span class='ocrx_word' id='word_1_237' title='bbox 497 1796 602 1827; x_wconf 83' lang='lat' dir='ltr'><strong>ALIA</strong></span> <span class='ocrx_word' id='word_1_238' title='bbox 625 1795 897 1827; x_wconf 77' lang='lat' dir='ltr'><strong>RHAPSODIA.</strong></span> 
     </span>
    </p>
   </div>
   <div class='ocr_carea' id='block_1_8' title="bbox 166 1853 1149 2059">
    <p class='ocr_par' dir='ltr' id='par_1_10' title="bbox 166 1853 1149 2059">
     <span class='ocr_line' id='line_1_37' title="bbox 253 1853 1148 1890; baseline -0.004 -2"><span class='ocrx_word' id='word_1_239' title='bbox 253 1855 358 1889; x_wconf 84' lang='lat' dir='ltr'><strong>Huius</strong></span> <span class='ocrx_word' id='word_1_240' title='bbox 380 1855 534 1887; x_wconf 87' lang='lat' dir='ltr'><strong>lectionis</strong></span> <span class='ocrx_word' id='word_1_241' title='bbox 559 1866 685 1887; x_wconf 85' lang='lat' dir='ltr'><strong>summa</strong></span> <span class='ocrx_word' id='word_1_242' title='bbox 709 1863 761 1887; x_wconf 74' lang='lat' dir='ltr'><strong>est</strong></span> <span class='ocrx_word' id='word_1_243' title='bbox 780 1854 878 1886; x_wconf 86' lang='lat' dir='ltr'><strong>haec:</strong></span> <span class='ocrx_word' id='word_1_244' title='bbox 903 1854 1001 1890; x_wconf 85' lang='lat' dir='ltr'><strong>Quod</strong></span> <span class='ocrx_word' id='word_1_245' title='bbox 1025 1854 1067 1885; x_wconf 89' lang='lat' dir='ltr'><strong>sit</strong></span> <span class='ocrx_word' id='word_1_246' title='bbox 1086 1853 1148 1884; x_wconf 88' lang='lat' dir='ltr'><strong>Ec-</strong></span> 
     </span>
     <span class='ocr_line' id='line_1_38' title="bbox 168 1897 1149 1941; baseline -0.003 -10"><span class='ocrx_word' id='word_1_247' title='bbox 168 1899 282 1938; x_wconf 85' lang='lat' dir='ltr'><strong>clesia,</strong></span> <span class='ocrx_word' id='word_1_248' title='bbox 307 1906 339 1931; x_wconf 91' lang='lat' dir='ltr'><strong>et</strong></span> <span class='ocrx_word' id='word_1_249' title='bbox 363 1899 471 1941; x_wconf 79' lang='lat' dir='ltr'><strong>qualis</strong></span> <span class='ocrx_word' id='word_1_250' title='bbox 495 1900 549 1937; x_wconf 82' lang='lat' dir='ltr'><strong>sit,</strong></span> <span class='ocrx_word' id='word_1_251' title='bbox 574 1900 742 1941; x_wconf 87' lang='lat' dir='ltr'><strong>quomodo</strong></span> <span class='ocrx_word' id='word_1_252' title='bbox 762 1897 952 1941; x_wconf 78' lang='lat' dir='ltr'><strong>colligatur,</strong></span> <span class='ocrx_word' id='word_1_253' title='bbox 975 1904 1007 1929; x_wconf 85' lang='lat' dir='ltr'><strong>et</strong></span> <span class='ocrx_word' id='word_1_254' title='bbox 1023 1898 1149 1928; x_wconf 78' lang='lat' dir='ltr'><strong>interea</strong></span> 
     </span>
     <span class='ocr_line' id='line_1_39' title="bbox 166 1943 949 1985; baseline -0.005 -10"><span class='ocrx_word' id='word_1_255' title='bbox 166 1953 253 1985; x_wconf 86' lang='lat' dir='ltr'><strong>quae</strong></span> <span class='ocrx_word' id='word_1_256' title='bbox 275 1953 404 1984; x_wconf 83' lang='lat' dir='ltr'><strong>poenae</strong></span> <span class='ocrx_word' id='word_1_257' title='bbox 438 1949 600 1984; x_wconf 78' lang='lat' dir='ltr'><strong>vagentur</strong></span> <span class='ocrx_word' id='word_1_258' title='bbox 624 1952 684 1983; x_wconf 91' lang='lat' dir='ltr'><strong>per</strong></span> <span class='ocrx_word' id='word_1_259' title='bbox 708 1943 949 1974; x_wconf 77' lang='lat' dir='ltr'><strong>inobedientes,</strong></span> 
     </span>
     <span class='ocr_line' id='line_1_40' title="bbox 167 1984 1148 2027; baseline -0.003 -10"><span class='ocrx_word' id='word_1_260' title='bbox 167 1987 290 2023; x_wconf 58' lang='lat' dir='ltr'><strong>ctrina,</strong></span> <span class='ocrx_word' id='word_1_261' title='bbox 325 1996 411 2027; x_wconf 85' lang='lat' dir='ltr'><strong>quae</strong></span> <span class='ocrx_word' id='word_1_262' title='bbox 433 1993 466 2016; x_wconf 87' lang='lat' dir='ltr'><strong>et</strong></span> <span class='ocrx_word' id='word_1_263' title='bbox 495 1984 775 2023; x_wconf 82' lang='lat' dir='ltr'><strong>consolationem,</strong></span> <span class='ocrx_word' id='word_1_264' title='bbox 811 1996 843 2016; x_wconf 79' lang='lat' dir='ltr'><strong>et</strong></span> <span class='ocrx_word' id='word_1_265' title='bbox 877 1985 1148 2016; x_wconf 79' lang='lat' dir='ltr'><strong>comminationes</strong></span> 
     </span>
     <span class='ocr_line' id='line_1_41' title="bbox 1003 2026 1148 2059; baseline 0.007 -2"><span class='ocrx_word' id='word_1_266' title='bbox 1003 2026 1148 2059; x_wconf 85' lang='lat' dir='ltr'><strong>Primum</strong></span> 
     </span>
    </p>
   </div>
   <div class='ocr_carea' id='block_1_9' title="bbox 252 1511 465 1552">
    <p class='ocr_par' dir='ltr' id='par_1_11' title="bbox 252 1511 465 1552">
     <span class='ocr_line' id='line_1_42' title="bbox 252 1511 465 1552; baseline -0.009 -9"><span class='ocrx_word' id='word_1_267' title='bbox 252 1511 465 1552; x_wconf 75' lang='lat' dir='ltr'><strong>Respondeo.</strong></span> 
     </span>
    </p>
   </div>
   <div class='ocr_carea' id='block_1_10' title="bbox 166 2028 949 2070">
    <p class='ocr_par' dir='ltr' id='par_1_12' title="bbox 166 2028 949 2070">
     <span class='ocr_line' id='line_1_43' title="bbox 166 2028 949 2070; baseline -0.003 -10"><span class='ocrx_word' id='word_1_268' title='bbox 166 2030 198 2060; x_wconf 89' lang='lat' dir='ltr'><strong>in</strong></span> <span class='ocrx_word' id='word_1_269' title='bbox 222 2035 396 2070; x_wconf 85' lang='lat' dir='ltr'><strong>utramque</strong></span> <span class='ocrx_word' id='word_1_270' title='bbox 426 2035 551 2070; x_wconf 85' lang='lat' dir='ltr'><strong>partem</strong></span> <span class='ocrx_word' id='word_1_271' title='bbox 586 2029 803 2070; x_wconf 77' lang='lat' dir='ltr'><strong>gravissimas</strong></span> <span class='ocrx_word' id='word_1_272' title='bbox 838 2028 949 2059; x_wconf 87' lang='lat' dir='ltr'><strong>habet.</strong></span> 
     </span>
    </p>
   </div>
   <div class='ocr_carea' id='block_1_11' title="bbox 165 2070 1352 2120">
    <p class='ocr_par' dir='ltr' id='par_1_13' title="bbox 165 2070 1352 2120">
     <span class='ocr_line' id='line_1_44' title="bbox 165 2070 1352 2120; baseline -0.003 -16"><span class='ocrx_word' id='word_1_273' title='bbox 165 2072 221 2104; x_wconf 87' lang='lat' dir='ltr'><strong>hic</strong></span> <span class='ocrx_word' id='word_1_274' title='bbox 245 2073 388 2113; x_wconf 83' lang='lat' dir='ltr'><strong>cogitate</strong></span> <span class='ocrx_word' id='word_1_275' title='bbox 412 2073 453 2103; x_wconf 88' lang='lat' dir='ltr'><strong>de</strong></span> <span class='ocrx_word' id='word_1_276' title='bbox 475 2072 616 2103; x_wconf 85' lang='lat' dir='ltr'><strong>articulo</strong></span> <span class='ocrx_word' id='word_1_277' title='bbox 641 2072 730 2104; x_wconf 82' lang='lat' dir='ltr'><strong>tidei:</strong></span> <span class='ocrx_word' id='word_1_278' title='bbox 762 2072 864 2103; x_wconf 80' lang='lat' dir='ltr'><strong>Credo</strong></span> <span class='ocrx_word' id='word_1_279' title='bbox 887 2073 1063 2103; x_wconf 71' lang='lat' dir='ltr'><strong>Ecclesiam</strong></span> <span class='ocrx_word' id='word_1_280' title='bbox 1089 2071 1148 2102; x_wconf 86' lang='lat' dir='ltr'><strong>Ca·</strong></span> <span class='ocrx_word' id='word_1_281' title='bbox 1172 2074 1176 2100; x_wconf 88' lang='grc' dir='ltr'>Ι</span> <span class='ocrx_word' id='word_1_282' title='bbox 1201 2070 1352 2120; x_wconf 65' lang='lat' dir='ltr'><strong>Proba,</strong></span> 
     </span>
    </p>
   </div>
   <div class='ocr_carea' id='block_1_12' title="bbox 166 2112 1148 2233">
    <p class='ocr_par' dir='ltr' id='par_1_14' title="bbox 166 2112 1148 2233">
     <span class='ocr_line' id='line_1_45' title="bbox 166 2112 1148 2156; baseline -0.004 -9"><span class='ocrx_word' id='word_1_283' title='bbox 166 2116 315 2148; x_wconf 77' lang='lat' dir='ltr'><strong>tholz&#39;cam</strong></span> <span class='ocrx_word' id='word_1_284' title='bbox 338 2121 523 2147; x_wconf 80' lang='lat' dir='ltr'><strong>sanctorum</strong></span> <span class='ocrx_word' id='word_1_285' title='bbox 546 2119 816 2147; x_wconf 81' lang='lat' dir='ltr'><strong>communionem:</strong></span> <span class='ocrx_word' id='word_1_286' title='bbox 843 2115 919 2156; x_wconf 83' lang='lat' dir='ltr'><strong>quia</strong></span> <span class='ocrx_word' id='word_1_287' title='bbox 943 2115 1007 2144; x_wconf 83' lang='lat' dir='ltr'><strong>ista</strong></span> <span class='ocrx_word' id='word_1_288' title='bbox 1028 2112 1148 2144; x_wconf 78' lang='lat' dir='ltr'><strong>cohae-</strong></span> 
     </span>
     <span class='ocr_line' id='line_1_46' title="bbox 166 2156 1148 2232; baseline -0.003 -42"><span class='ocrx_word' id='word_1_289' title='bbox 166 2166 268 2232; x_wconf 87' lang='lat' dir='ltr'><strong>rent:l</strong></span> <span class='ocrx_word' id='word_1_290' title='bbox 304 2166 355 2189; x_wconf 87' lang='lat' dir='ltr'><strong>est</strong></span> <span class='ocrx_word' id='word_1_291' title='bbox 389 2167 474 2190; x_wconf 90' lang='lat' dir='ltr'><strong>unus</strong></span> <span class='ocrx_word' id='word_1_292' title='bbox 521 2158 698 2196; x_wconf 77' lang='lat' dir='ltr'><strong>articulus,</strong></span> <span class='ocrx_word' id='word_1_293' title='bbox 743 2168 940 2200; x_wconf 85' lang='lat' dir='ltr'><strong>quamquam</strong></span> <span class='ocrx_word' id='word_1_294' title='bbox 970 2156 1148 2189; x_wconf 83' lang='lat' dir='ltr'><strong>divellatur</strong></span> 
     </span>
     <span class='ocr_line' id='line_1_47' title="bbox 167 2202 321 2233; baseline -0.006 0"><span class='ocrx_word' id='word_1_295' title='bbox 167 2203 211 2233; x_wconf 86' lang='lat' dir='ltr'><strong>ab</strong></span> <span class='ocrx_word' id='word_1_296' title='bbox 235 2212 255 2233; x_wconf 79' lang='lat' dir='ltr'><strong>a</strong></span> <span class='ocrx_word' id='word_1_297' title='bbox 271 2202 321 2233; x_wconf 87' lang='lat' dir='ltr'><strong>iis.</strong></span> 
     </span>
    </p>
   </div>
   <div class='ocr_carea' id='block_1_13' title="bbox 167 2280 1148 2395">
    <p class='ocr_par' dir='ltr' id='par_1_15' title="bbox 167 2280 1148 2395">
     <span class='ocr_line' id='line_1_48' title="bbox 167 2280 1148 2336; baseline -0.001 -14"><span class='ocrx_word' id='word_1_298' title='bbox 167 2282 238 2322; x_wconf 87' lang='lat' dir='ltr'><strong>Ad</strong></span> <span class='ocrx_word' id='word_1_299' title='bbox 272 2282 368 2335; x_wconf 86' lang='lat' dir='ltr'><strong>quid</strong></span> <span class='ocrx_word' id='word_1_300' title='bbox 406 2281 678 2336; x_wconf 73' lang='lat' dir='ltr'><strong>pronuntiatio</strong></span> <span class='ocrx_word' id='word_1_301' title='bbox 717 2281 841 2321; x_wconf 84' lang='lat' dir='ltr'><strong>totius</strong></span> <span class='ocrx_word' id='word_1_302' title='bbox 873 2280 1055 2335; x_wconf 78' lang='lat' dir='ltr'><strong>Symboli</strong></span> <span class='ocrx_word' id='word_1_303' title='bbox 1088 2280 1148 2322; x_wconf 80' lang='lat' dir='ltr'><strong>fa-</strong></span> 
     </span>
     <span class='ocr_line' id='line_1_49' title="bbox 258 2341 1058 2395; baseline 0.001 -13"><span class='ocrx_word' id='word_1_304' title='bbox 258 2342 401 2382; x_wconf 87' lang='lat' dir='ltr'><strong>cienda</strong></span> <span class='ocrx_word' id='word_1_305' title='bbox 432 2348 510 2391; x_wconf 82' lang='lat' dir='ltr'><strong>est,</strong></span> <span class='ocrx_word' id='word_1_306' title='bbox 557 2348 599 2381; x_wconf 83' lang='lat' dir='ltr'><strong>et</strong></span> <span class='ocrx_word' id='word_1_307' title='bbox 630 2341 813 2381; x_wconf 79' lang='lat' dir='ltr'><strong>facienda</strong></span> <span class='ocrx_word' id='word_1_308' title='bbox 845 2341 1058 2395; x_wconf 69' lang='lat' dir='ltr'><strong>quotidie?</strong></span> 
     </span>
    </p>
   </div>
   <div class='ocr_carea' id='block_1_14' title="bbox 255 2413 1457 2458">
    <p class='ocr_par' dir='ltr' id='par_1_16' title="bbox 255 2413 1457 2458">
     <span class='ocr_line' id='line_1_50' title="bbox 255 2413 1457 2458; baseline -0.004 -10"><span class='ocrx_word' id='word_1_309' title='bbox 255 2415 405 2458; x_wconf 84' lang='lat' dir='ltr'><strong>Symboli</strong></span> <span class='ocrx_word' id='word_1_310' title='bbox 440 2416 589 2448; x_wconf 78' lang='lat' dir='ltr'><strong>recitatio</strong></span> <span class='ocrx_word' id='word_1_311' title='bbox 623 2413 774 2446; x_wconf 83' lang='lat' dir='ltr'><strong>facienda</strong></span> <span class='ocrx_word' id='word_1_312' title='bbox 810 2422 884 2453; x_wconf 88' lang='lat' dir='ltr'><strong>est,</strong></span> <span class='ocrx_word' id='word_1_313' title='bbox 921 2420 956 2445; x_wconf 85' lang='lat' dir='ltr'><strong>ut</strong></span> <span class='ocrx_word' id='word_1_314' title='bbox 990 2425 1052 2445; x_wconf 90' lang='lat' dir='ltr'><strong>nos</strong></span> <span class='ocrx_word' id='word_1_315' title='bbox 1086 2416 1149 2456; x_wconf 75' lang='lat' dir='ltr'><strong>ipsi</strong></span> <span class='ocrx_word' id='word_1_316' title='bbox 1201 2415 1302 2445; x_wconf 82' lang='lat' dir='ltr'><strong>donec</strong></span> <span class='ocrx_word' id='word_1_317' title='bbox 1340 2416 1457 2445; x_wconf 74' lang='lat' dir='ltr'><strong>veniat.</strong></span> 
     </span>
    </p>
   </div>
   <div class='ocr_carea' id='block_1_15' title="bbox 169 2459 1151 2587">
    <p class='ocr_par' dir='ltr' id='par_1_17' title="bbox 169 2459 1151 2587">
     <span class='ocr_line' id='line_1_51' title="bbox 169 2459 1150 2501; baseline -0.001 -11"><span class='ocrx_word' id='word_1_318' title='bbox 169 2460 392 2491; x_wconf 74' lang='lat' dir='ltr'><strong>exuscitemus</strong></span> <span class='ocrx_word' id='word_1_319' title='bbox 416 2459 618 2501; x_wconf 81' lang='lat' dir='ltr'><strong>cogitatione</strong></span> <span class='ocrx_word' id='word_1_320' title='bbox 641 2459 683 2490; x_wconf 89' lang='lat' dir='ltr'><strong>de</strong></span> <span class='ocrx_word' id='word_1_321' title='bbox 706 2468 835 2490; x_wconf 81' lang='lat' dir='ltr'><strong>summa</strong></span> <span class='ocrx_word' id='word_1_322' title='bbox 858 2459 1040 2496; x_wconf 75' lang='lat' dir='ltr'><strong>doctrinae,</strong></span> <span class='ocrx_word' id='word_1_323' title='bbox 1064 2468 1150 2499; x_wconf 84' lang='lat' dir='ltr'><strong>quae</strong></span> 
     </span>
     <span class='ocr_line' id='line_1_52' title="bbox 169 2500 1151 2543; baseline -0.001 -10"><span class='ocrx_word' id='word_1_324' title='bbox 169 2503 212 2533; x_wconf 92' lang='lat' dir='ltr'><strong>ibi</strong></span> <span class='ocrx_word' id='word_1_325' title='bbox 237 2501 479 2543; x_wconf 83' lang='lat' dir='ltr'><strong>comprehensa</strong></span> <span class='ocrx_word' id='word_1_326' title='bbox 507 2508 569 2540; x_wconf 89' lang='lat' dir='ltr'><strong>est,</strong></span> <span class='ocrx_word' id='word_1_327' title='bbox 593 2508 626 2533; x_wconf 87' lang='lat' dir='ltr'><strong>et</strong></span> <span class='ocrx_word' id='word_1_328' title='bbox 637 2501 880 2543; x_wconf 79' lang='lat' dir='ltr'><strong>professionem</strong></span> <span class='ocrx_word' id='word_1_329' title='bbox 900 2511 958 2532; x_wconf 89' lang='lat' dir='ltr'><strong>ore</strong></span> <span class='ocrx_word' id='word_1_330' title='bbox 977 2500 1151 2539; x_wconf 77' lang='lat' dir='ltr'><strong>faciamus,</strong></span> 
     </span>
     <span class='ocr_line' id='line_1_53' title="bbox 170 2542 1149 2587; baseline -0.002 -10"><span class='ocrx_word' id='word_1_331' title='bbox 170 2546 259 2587; x_wconf 88' lang='lat' dir='ltr'><strong>quod</strong></span> <span class='ocrx_word' id='word_1_332' title='bbox 294 2545 401 2577; x_wconf 90' lang='lat' dir='ltr'><strong>Deum</strong></span> <span class='ocrx_word' id='word_1_333' title='bbox 435 2546 664 2577; x_wconf 81' lang='lat' dir='ltr'><strong>discernamus</strong></span> <span class='ocrx_word' id='word_1_334' title='bbox 687 2555 707 2575; x_wconf 83' lang='lat' dir='ltr'><strong>a</strong></span> <span class='ocrx_word' id='word_1_335' title='bbox 730 2543 890 2576; x_wconf 87' lang='lat' dir='ltr'><strong>Diabolo:</strong></span> <span class='ocrx_word' id='word_1_336' title='bbox 926 2542 1021 2575; x_wconf 85' lang='lat' dir='ltr'><strong>simul</strong></span> <span class='ocrx_word' id='word_1_337' title='bbox 1051 2545 1149 2576; x_wconf 82' lang='lat' dir='ltr'><strong>etiam</strong></span> 
     </span>
    </p>
   </div>
   <div class='ocr_carea' id='block_1_16' title="bbox 171 2587 1149 2628">
    <p class='ocr_par' dir='ltr' id='par_1_18' title="bbox 171 2587 1149 2628">
     <span class='ocr_line' id='line_1_54' title="bbox 171 2587 1149 2628; baseline -0.003 -8"><span class='ocrx_word' id='word_1_338' title='bbox 171 2587 357 2620; x_wconf 83' lang='lat' dir='ltr'><strong>consolatio</strong></span> <span class='ocrx_word' id='word_1_339' title='bbox 374 2594 425 2620; x_wconf 88' lang='lat' dir='ltr'><strong>est</strong></span> <span class='ocrx_word' id='word_1_340' title='bbox 439 2589 479 2620; x_wconf 87' lang='lat' dir='ltr'><strong>de</strong></span> <span class='ocrx_word' id='word_1_341' title='bbox 497 2588 695 2620; x_wconf 80' lang='lat' dir='ltr'><strong>remissione</strong></span> <span class='ocrx_word' id='word_1_342' title='bbox 713 2593 943 2628; x_wconf 82' lang='lat' dir='ltr'><strong>peccatorum:</strong></span> <span class='ocrx_word' id='word_1_343' title='bbox 968 2592 1149 2628; x_wconf 82' lang='lat' dir='ltr'><strong>postremo,</strong></span> 
     </span>
    </p>
   </div>
   <div class='ocr_carea' id='block_1_17' title="bbox 801 160 1536 198">
    <p class='ocr_par' dir='ltr' id='par_1_19' title="bbox 801 160 1536 198">
     <span class='ocr_line' id='line_1_55' title="bbox 801 160 1536 198; baseline -0.003 0"><span class='ocrx_word' id='word_1_344' title='bbox 801 166 911 198; x_wconf 69' lang='lat' dir='ltr'>Pfflh.</span> <span class='ocrx_word' id='word_1_345' title='bbox 935 164 1038 198; x_wconf 78' lang='lat' dir='ltr'><strong>MEL.</strong></span> <span class='ocrx_word' id='word_1_346' title='bbox 1060 161 1249 197; x_wconf 75' lang='lat' dir='ltr'>SCRIPTA</span> <span class='ocrx_word' id='word_1_347' title='bbox 1270 160 1536 196; x_wconf 62' lang='lat' dir='ltr'><strong>EXEGEanA.</strong></span> 
     </span>
    </p>
   </div>
   <div class='ocr_carea' id='block_1_18' title="bbox 1168 820 1173 963">
    <p class='ocr_par' dir='ltr' id='par_1_20' title="bbox 1168 820 1173 963">
     <span class='ocr_line' id='line_1_56' title="bbox 1168 820 1173 963; baseline 0 2007"><span class='ocrx_word' id='word_1_348' title='bbox 1168 820 1173 963; x_wconf 95' lang='lat' dir='ltr'><strong> </strong></span> 
     </span>
    </p>
   </div>
   <div class='ocr_carea' id='block_1_19' title="bbox 1168 965 1173 1098">
    <p class='ocr_par' dir='ltr' id='par_1_21' title="bbox 1168 965 1173 1098">
     <span class='ocr_line' id='line_1_57' title="bbox 1168 965 1173 1098; baseline 0 0"><span class='ocrx_word' id='word_1_349' title='bbox 1168 965 1173 1098; x_wconf 95' lang='lat' dir='ltr'><strong> </strong></span> 
     </span>
    </p>
   </div>
   <div class='ocr_carea' id='block_1_20' title="bbox 1169 1135 1174 1228">
    <p class='ocr_par' dir='ltr' id='par_1_22' title="bbox 1169 1135 1174 1228">
     <span class='ocr_line' id='line_1_58' title="bbox 1169 1135 1174 1228; baseline 0 1742"><span class='ocrx_word' id='word_1_350' title='bbox 1169 1135 1174 1228; x_wconf 95' lang='lat' dir='ltr'><strong> </strong></span> 
     </span>
    </p>
   </div>
   <div class='ocr_carea' id='block_1_21' title="bbox 1171 1665 1176 1831">
    <p class='ocr_par' dir='ltr' id='par_1_23' title="bbox 1171 1665 1176 1831">
     <span class='ocr_line' id='line_1_59' title="bbox 1171 1665 1176 1831; baseline 0 1139"><span class='ocrx_word' id='word_1_351' title='bbox 1171 1665 1176 1831; x_wconf 95' lang='lat' dir='ltr'><strong> </strong></span> 
     </span>
    </p>
   </div>
   <div class='ocr_carea' id='block_1_22' title="bbox 1170 1839 1177 1928">
    <p class='ocr_par' dir='ltr' id='par_1_24' title="bbox 1170 1839 1177 1928">
     <span class='ocr_line' id='line_1_60' title="bbox 1170 1839 1177 1928; baseline 0 1042"><span class='ocrx_word' id='word_1_352' title='bbox 1170 1839 1177 1928; x_wconf 95' lang='lat' dir='ltr'><strong> </strong></span> 
     </span>
    </p>
   </div>
   <div class='ocr_carea' id='block_1_23' title="bbox 1004 1932 1655 1976">
    <p class='ocr_par' dir='ltr' id='par_1_25' title="bbox 1004 1932 1655 1976">
     <span class='ocr_line' id='line_1_61' title="bbox 1004 1932 1655 1976; baseline 0.003 -9"><span class='ocrx_word' id='word_1_353' title='bbox 1004 1940 1066 1971; x_wconf 74' lang='lat' dir='ltr'><strong>Est</strong></span> <span class='ocrx_word' id='word_1_354' title='bbox 1091 1941 1148 1971; x_wconf 78' lang='lat' dir='ltr'><strong>do-</strong></span> <span class='ocrx_word' id='word_1_355' title='bbox 1170 1932 1176 1974; x_wconf 59' lang='grc' dir='ltr'>ἶ</span> <span class='ocrx_word' id='word_1_356' title='bbox 1200 1940 1320 1976; x_wconf 66' lang='lat' dir='ltr'><strong>quis-sec</strong></span> <span class='ocrx_word' id='word_1_357' title='bbox 1341 1938 1432 1968; x_wconf 70' lang='lat' dir='ltr'><strong>nobis</strong></span> <span class='ocrx_word' id='word_1_358' title='bbox 1453 1947 1572 1973; x_wconf 78' lang='lat' dir='ltr'><strong>semen,</strong></span> <span class='ocrx_word' id='word_1_359' title='bbox 1596 1945 1655 1969; x_wconf 86' lang='lat' dir='ltr'><strong>etc.</strong></span> 
     </span>
    </p>
   </div>
   <div class='ocr_carea' id='block_1_24' title="bbox 2118 164 2184 197">
    <p class='ocr_par' dir='ltr' id='par_1_26' title="bbox 2118 164 2184 197">
     <span class='ocr_line' id='line_1_62' title="bbox 2118 164 2184 197; baseline 0 0"><span class='ocrx_word' id='word_1_360' title='bbox 2118 164 2184 197; x_wconf 73' lang='lat'><strong>684</strong></span> 
     </span>
    </p>
   </div>
   <div class='ocr_carea' id='block_1_25' title="bbox 1195 254 2184 2021">
    <p class='ocr_par' dir='ltr' id='par_1_27' title="bbox 1195 254 2183 641">
     <span class='ocr_line' id='line_1_63' title="bbox 1196 254 2183 301; baseline 0.007 -17"><span class='ocrx_word' id='word_1_361' title='bbox 1196 259 1352 296; x_wconf 83' lang='lat' dir='ltr'><strong>petamus</strong></span> <span class='ocrx_word' id='word_1_362' title='bbox 1383 254 1680 293; x_wconf 67' lang='lat' dir='ltr'><strong>confirmationem</strong></span> <span class='ocrx_word' id='word_1_363' title='bbox 1721 258 1798 299; x_wconf 83' lang='lat' dir='ltr'><strong>quia</strong></span> <span class='ocrx_word' id='word_1_364' title='bbox 1832 259 1896 290; x_wconf 77' lang='lat' dir='ltr'><strong>ista</strong></span> <span class='ocrx_word' id='word_1_365' title='bbox 1929 259 2090 301; x_wconf 74' lang='lat' dir='ltr'><strong>cogitatio</strong></span> <span class='ocrx_word' id='word_1_366' title='bbox 2124 258 2183 291; x_wconf 83' lang='lat' dir='ltr'><strong>alit</strong></span> 
     </span>
     <span class='ocr_line' id='line_1_64' title="bbox 1198 297 2182 341; baseline 0.007 -14"><span class='ocrx_word' id='word_1_367' title='bbox 1198 297 1314 334; x_wconf 80' lang='lat' dir='ltr'><strong>fidem3</strong></span> <span class='ocrx_word' id='word_1_368' title='bbox 1337 304 1370 328; x_wconf 88' lang='lat' dir='ltr'><strong>et</strong></span> <span class='ocrx_word' id='word_1_369' title='bbox 1393 297 1491 330; x_wconf 80' lang='lat' dir='ltr'><strong>simul</strong></span> <span class='ocrx_word' id='word_1_370' title='bbox 1509 306 1632 338; x_wconf 88' lang='lat' dir='ltr'><strong>monet,</strong></span> <span class='ocrx_word' id='word_1_371' title='bbox 1654 307 1690 332; x_wconf 91' lang='lat' dir='ltr'><strong>ut</strong></span> <span class='ocrx_word' id='word_1_372' title='bbox 1712 307 1863 341; x_wconf 78' lang='lat' dir='ltr'><strong>petamus</strong></span> <span class='ocrx_word' id='word_1_373' title='bbox 1883 301 2182 334; x_wconf 77' lang='lat' dir='ltr'><strong>confirmationem.</strong></span> 
     </span>
     <span class='ocr_line' id='line_1_65' title="bbox 1196 339 2182 378; baseline 0.008 -8"><span class='ocrx_word' id='word_1_374' title='bbox 1196 339 1305 371; x_wconf 81' lang='lat' dir='ltr'><strong>Dicis:</strong></span> <span class='ocrx_word' id='word_1_375' title='bbox 1344 340 1448 373; x_wconf 83' lang='lat' dir='ltr'><strong>Credo</strong></span> <span class='ocrx_word' id='word_1_376' title='bbox 1487 346 1521 373; x_wconf 73' lang='lat' dir='ltr'><strong>in</strong></span> <span class='ocrx_word' id='word_1_377' title='bbox 1553 342 1672 375; x_wconf 81' lang='lat' dir='ltr'><strong>Deum.</strong></span> <span class='ocrx_word' id='word_1_378' title='bbox 1717 344 1820 375; x_wconf 80' lang='lat' dir='ltr'><strong>item:</strong></span> <span class='ocrx_word' id='word_1_379' title='bbox 1868 345 1973 377; x_wconf 80' lang='lat' dir='ltr'><strong>Credo</strong></span> <span class='ocrx_word' id='word_1_380' title='bbox 2007 349 2042 377; x_wconf 74' lang='lat' dir='ltr'><strong>in</strong></span> <span class='ocrx_word' id='word_1_381' title='bbox 2075 346 2182 378; x_wconf 70' lang='lat' dir='ltr'><strong>Iesum</strong></span> 
     </span>
     <span class='ocr_line' id='line_1_66' title="bbox 1200 383 2181 428; baseline 0.007 -14"><span class='ocrx_word' id='word_1_382' title='bbox 1200 383 1362 415; x_wconf 71' lang='lat' dir='ltr'><strong>Christum</strong></span> <span class='ocrx_word' id='word_1_383' title='bbox 1396 386 1499 423; x_wconf 74' lang='lat' dir='ltr'><strong>filium</strong></span> <span class='ocrx_word' id='word_1_384' title='bbox 1531 389 1602 417; x_wconf 71' lang='lat' dir='ltr'><strong>eius</strong></span> <span class='ocrx_word' id='word_1_385' title='bbox 1637 389 1784 427; x_wconf 78' lang='lat' dir='ltr'><strong>unicum,</strong></span> <span class='ocrx_word' id='word_1_386' title='bbox 1824 388 1928 420; x_wconf 85' lang='lat' dir='ltr'><strong>Credo</strong></span> <span class='ocrx_word' id='word_1_387' title='bbox 1962 391 1995 420; x_wconf 82' lang='lat' dir='ltr'><strong>in</strong></span> <span class='ocrx_word' id='word_1_388' title='bbox 2024 388 2181 428; x_wconf 72' lang='lat' dir='ltr'><strong>Spirmnn</strong></span> 
     </span>
     <span class='ocr_line' id='line_1_67' title="bbox 1195 426 2181 470; baseline 0.005 -12"><span class='ocrx_word' id='word_1_389' title='bbox 1195 430 1355 458; x_wconf 71' lang='lat' dir='ltr'><strong>sanctum.</strong></span> <span class='ocrx_word' id='word_1_390' title='bbox 1395 426 1449 458; x_wconf 80' lang='lat' dir='ltr'><strong>An</strong></span> <span class='ocrx_word' id='word_1_391' title='bbox 1478 427 1575 459; x_wconf 84' lang='lat' dir='ltr'><strong>dicis:</strong></span> <span class='ocrx_word' id='word_1_392' title='bbox 1613 429 1718 461; x_wconf 83' lang='lat' dir='ltr'><strong>Credo</strong></span> <span class='ocrx_word' id='word_1_393' title='bbox 1740 433 1774 461; x_wconf 83' lang='lat' dir='ltr'><strong>in</strong></span> <span class='ocrx_word' id='word_1_394' title='bbox 1796 432 1996 463; x_wconf 63' lang='lat' dir='ltr'><strong>Ecclesiam?</strong></span> <span class='ocrx_word' id='word_1_395' title='bbox 2040 431 2107 469; x_wconf 82' lang='lat' dir='ltr'><strong>An,</strong></span> <span class='ocrx_word' id='word_1_396' title='bbox 2130 435 2181 470; x_wconf 82' lang='lat' dir='ltr'><strong>in,</strong></span> 
     </span>
     <span class='ocr_line' id='line_1_68' title="bbox 1199 469 2182 511; baseline 0.008 -12"><span class='ocrx_word' id='word_1_397' title='bbox 1199 475 1251 499; x_wconf 88' lang='lat' dir='ltr'><strong>est</strong></span> <span class='ocrx_word' id='word_1_398' title='bbox 1273 469 1318 499; x_wconf 91' lang='lat' dir='ltr'><strong>ibi</strong></span> <span class='ocrx_word' id='word_1_399' title='bbox 1341 471 1543 511; x_wconf 65' lang='lat' dir='ltr'><strong>repetenda?</strong></span> <span class='ocrx_word' id='word_1_400' title='bbox 1575 471 1663 510; x_wconf 82' lang='lat' dir='ltr'><strong>Non,</strong></span> <span class='ocrx_word' id='word_1_401' title='bbox 1687 472 1747 503; x_wconf 84' lang='lat' dir='ltr'><strong>sed</strong></span> <span class='ocrx_word' id='word_1_402' title='bbox 1770 473 1836 504; x_wconf 85' lang='lat' dir='ltr'><strong>hoc</strong></span> <span class='ocrx_word' id='word_1_403' title='bbox 1858 474 1959 505; x_wconf 82' lang='lat' dir='ltr'><strong>dicis:</strong></span> <span class='ocrx_word' id='word_1_404' title='bbox 1985 475 2091 506; x_wconf 83' lang='lat' dir='ltr'><strong>Credo</strong></span> <span class='ocrx_word' id='word_1_405' title='bbox 2109 484 2182 507; x_wconf 72' lang='lat' dir='ltr'><strong>me</strong></span> 
     </span>
     <span class='ocr_line' id='line_1_69' title="bbox 1196 513 2180 555; baseline 0.005 -11"><span class='ocrx_word' id='word_1_406' title='bbox 1196 513 1374 544; x_wconf 70' lang='lat' dir='ltr'><strong>Ecclesiam</strong></span> <span class='ocrx_word' id='word_1_407' title='bbox 1391 518 1540 546; x_wconf 73' lang='lat' dir='ltr'><strong>sanctam</strong></span> <span class='ocrx_word' id='word_1_408' title='bbox 1563 517 1766 555; x_wconf 75' lang='lat' dir='ltr'><strong>catholicam,</strong></span> <span class='ocrx_word' id='word_1_409' title='bbox 1799 523 1861 548; x_wconf 89' lang='lat' dir='ltr'><strong>etc.</strong></span> <span class='ocrx_word' id='word_1_410' title='bbox 1886 523 1918 548; x_wconf 84' lang='lat' dir='ltr'><strong>et</strong></span> <span class='ocrx_word' id='word_1_411' title='bbox 1940 517 1995 548; x_wconf 79' lang='lat' dir='ltr'><strong>hic</strong></span> <span class='ocrx_word' id='word_1_412' title='bbox 2018 516 2180 550; x_wconf 78' lang='lat' dir='ltr'><strong>articulus</strong></span> 
     </span>
     <span class='ocr_line' id='line_1_70' title="bbox 1198 554 2181 602; baseline 0.007 -17"><span class='ocrx_word' id='word_1_413' title='bbox 1198 554 1453 587; x_wconf 79' lang='lat' dir='ltr'><strong>commonefacit</strong></span> <span class='ocrx_word' id='word_1_414' title='bbox 1476 563 1525 595; x_wconf 87' lang='lat' dir='ltr'><strong>te,</strong></span> <span class='ocrx_word' id='word_1_415' title='bbox 1558 559 1648 599; x_wconf 89' lang='lat' dir='ltr'><strong>quod</strong></span> <span class='ocrx_word' id='word_1_416' title='bbox 1671 559 1715 590; x_wconf 86' lang='lat' dir='ltr'><strong>sit</strong></span> <span class='ocrx_word' id='word_1_417' title='bbox 1738 558 1908 598; x_wconf 70' lang='lat' dir='ltr'><strong>Ecclesia,</strong></span> <span class='ocrx_word' id='word_1_418' title='bbox 1942 559 2051 602; x_wconf 82' lang='lat' dir='ltr'><strong>qualis</strong></span> <span class='ocrx_word' id='word_1_419' title='bbox 2081 560 2125 591; x_wconf 72' lang='lat' dir='ltr'><strong>sit</strong></span> <span class='ocrx_word' id='word_1_420' title='bbox 2147 565 2181 593; x_wconf 81' lang='lat' dir='ltr'><strong>et</strong></span> 
     </span>
     <span class='ocr_line' id='line_1_71' title="bbox 1197 599 1575 641; baseline 0.011 -13"><span class='ocrx_word' id='word_1_421' title='bbox 1197 599 1363 639; x_wconf 83' lang='lat' dir='ltr'><strong>quomodo</strong></span> <span class='ocrx_word' id='word_1_422' title='bbox 1388 599 1575 641; x_wconf 83' lang='lat' dir='ltr'><strong>colligatur.</strong></span> 
     </span>
    </p>

    <p class='ocr_par' dir='ltr' id='par_1_28' title="bbox 1196 640 2182 1286">
     <span class='ocr_line' id='line_1_72' title="bbox 1284 640 2180 685; baseline 0.006 -13"><span class='ocrx_word' id='word_1_423' title='bbox 1284 640 1412 673; x_wconf 84' lang='lat' dir='ltr'><strong>Videtis</strong></span> <span class='ocrx_word' id='word_1_424' title='bbox 1438 644 1513 681; x_wconf 89' lang='lat' dir='ltr'><strong>iam,</strong></span> <span class='ocrx_word' id='word_1_425' title='bbox 1536 643 1654 685; x_wconf 77' lang='lat' dir='ltr'><strong>quales</strong></span> <span class='ocrx_word' id='word_1_426' title='bbox 1677 645 1744 676; x_wconf 85' lang='lat' dir='ltr'><strong>sint</strong></span> <span class='ocrx_word' id='word_1_427' title='bbox 1773 646 1889 677; x_wconf 86' lang='lat' dir='ltr'><strong>ruinae</strong></span> <span class='ocrx_word' id='word_1_428' title='bbox 1910 646 2033 677; x_wconf 88' lang='lat' dir='ltr'><strong>mundi.</strong></span> <span class='ocrx_word' id='word_1_429' title='bbox 2079 645 2180 678; x_wconf 83' lang='lat' dir='ltr'><strong>Turci</strong></span> 
     </span>
     <span class='ocr_line' id='line_1_73' title="bbox 1197 687 2180 728; baseline 0.008 -15"><span class='ocrx_word' id='word_1_430' title='bbox 1197 691 1394 725; x_wconf 75' lang='lat' dir='ltr'><strong>grassantur</strong></span> <span class='ocrx_word' id='word_1_431' title='bbox 1427 695 1460 716; x_wconf 80' lang='lat' dir='ltr'><strong>et</strong></span> <span class='ocrx_word' id='word_1_432' title='bbox 1494 688 1689 728; x_wconf 87' lang='lat' dir='ltr'><strong>procedunt.</strong></span> <span class='ocrx_word' id='word_1_433' title='bbox 1735 687 1910 720; x_wconf 83' lang='lat' dir='ltr'><strong>Ecclesiae</strong></span> <span class='ocrx_word' id='word_1_434' title='bbox 1944 690 1977 720; x_wconf 91' lang='lat' dir='ltr'><strong>in</strong></span> <span class='ocrx_word' id='word_1_435' title='bbox 2000 688 2083 720; x_wconf 75' lang='lat' dir='ltr'><strong>Asta</strong></span> <span class='ocrx_word' id='word_1_436' title='bbox 2103 694 2180 721; x_wconf 75' lang='lat' dir='ltr'><strong>sunt</strong></span> 
     </span>
     <span class='ocr_line' id='line_1_74' title="bbox 1196 726 2181 776; baseline 0.007 -20"><span class='ocrx_word' id='word_1_437' title='bbox 1196 736 1337 776; x_wconf 77' lang='lat' dir='ltr'><strong>prorsus</strong></span> <span class='ocrx_word' id='word_1_438' title='bbox 1361 726 1508 760; x_wconf 84' lang='lat' dir='ltr'><strong>deletae:</strong></span> <span class='ocrx_word' id='word_1_439' title='bbox 1544 730 1629 761; x_wconf 89' lang='lat' dir='ltr'><strong>Sunt</strong></span> <span class='ocrx_word' id='word_1_440' title='bbox 1652 730 1762 763; x_wconf 83' lang='lat' dir='ltr'><strong>adhuc</strong></span> <span class='ocrx_word' id='word_1_441' title='bbox 1791 731 1936 773; x_wconf 82' lang='lat' dir='ltr'><strong>aliquae,</strong></span> <span class='ocrx_word' id='word_1_442' title='bbox 1969 732 2030 763; x_wconf 86' lang='lat' dir='ltr'><strong>sed</strong></span> <span class='ocrx_word' id='word_1_443' title='bbox 2052 741 2181 773; x_wconf 79' lang='lat' dir='ltr'><strong>paucae</strong></span> 
     </span>
     <span class='ocr_line' id='line_1_75' title="bbox 1197 767 2181 816; baseline 0.008 -17"><span class='ocrx_word' id='word_1_444' title='bbox 1197 767 1354 811; x_wconf 82' lang='lat' dir='ltr'><strong>reliquae,</strong></span> <span class='ocrx_word' id='word_1_445' title='bbox 1373 777 1406 802; x_wconf 90' lang='lat' dir='ltr'><strong>et</strong></span> <span class='ocrx_word' id='word_1_446' title='bbox 1429 770 1505 804; x_wconf 84' lang='lat' dir='ltr'><strong>illae</strong></span> <span class='ocrx_word' id='word_1_447' title='bbox 1528 773 1620 814; x_wconf 83' lang='lat' dir='ltr'><strong>ipsae</strong></span> <span class='ocrx_word' id='word_1_448' title='bbox 1643 780 1720 805; x_wconf 86' lang='lat' dir='ltr'><strong>sunt</strong></span> <span class='ocrx_word' id='word_1_449' title='bbox 1731 773 1829 806; x_wconf 84' lang='lat' dir='ltr'><strong>valde</strong></span> <span class='ocrx_word' id='word_1_450' title='bbox 1841 773 2023 816; x_wconf 78' lang='lat' dir='ltr'><strong>squalidae.</strong></span> <span class='ocrx_word' id='word_1_451' title='bbox 2059 774 2181 808; x_wconf 77' lang='lat' dir='ltr'><strong>Adhuc</strong></span> 
     </span>
     <span class='ocr_line' id='line_1_76' title="bbox 1199 816 2182 858; baseline 0.007 -15"><span class='ocrx_word' id='word_1_452' title='bbox 1199 818 1322 844; x_wconf 84' lang='lat' dir='ltr'><strong>tantum</strong></span> <span class='ocrx_word' id='word_1_453' title='bbox 1351 820 1403 845; x_wconf 84' lang='lat' dir='ltr'><strong>est</strong></span> <span class='ocrx_word' id='word_1_454' title='bbox 1431 816 1676 858; x_wconf 81' lang='lat' dir='ltr'><strong>superstitionis</strong></span> <span class='ocrx_word' id='word_1_455' title='bbox 1709 817 1741 848; x_wconf 90' lang='lat' dir='ltr'><strong>in</strong></span> <span class='ocrx_word' id='word_1_456' title='bbox 1772 816 1935 850; x_wconf 86' lang='lat' dir='ltr'><strong>Ecclesiis</strong></span> <span class='ocrx_word' id='word_1_457' title='bbox 1965 817 2087 850; x_wconf 81' lang='lat' dir='ltr'><strong>Indicis</strong></span> <span class='ocrx_word' id='word_1_458' title='bbox 2126 816 2182 850; x_wconf 84' lang='lat' dir='ltr'><strong>vel</strong></span> 
     </span>
     <span class='ocr_line' id='line_1_77' title="bbox 1197 855 2180 905; baseline 0.008 -20"><span class='ocrx_word' id='word_1_459' title='bbox 1197 855 1418 905; x_wconf 58' lang='lat' dir='ltr'><strong>Aethiopicis,</strong></span> <span class='ocrx_word' id='word_1_460' title='bbox 1450 865 1486 890; x_wconf 87' lang='lat' dir='ltr'><strong>ut</strong></span> <span class='ocrx_word' id='word_1_461' title='bbox 1508 859 1552 890; x_wconf 89' lang='lat' dir='ltr'><strong>ibi</strong></span> <span class='ocrx_word' id='word_1_462' title='bbox 1576 867 1730 892; x_wconf 85' lang='lat' dir='ltr'><strong>servetur</strong></span> <span class='ocrx_word' id='word_1_463' title='bbox 1764 862 1973 893; x_wconf 88' lang='lat' dir='ltr'><strong>circumcisio</strong></span> <span class='ocrx_word' id='word_1_464' title='bbox 2008 871 2084 893; x_wconf 85' lang='lat' dir='ltr'><strong>cum</strong></span> <span class='ocrx_word' id='word_1_465' title='bbox 2116 860 2180 892; x_wconf 81' lang='lat' dir='ltr'><strong>Ba-</strong></span> 
     </span>
     <span class='ocr_line' id='line_1_78' title="bbox 1197 900 2181 942; baseline 0.006 -13"><span class='ocrx_word' id='word_1_466' title='bbox 1197 904 1337 941; x_wconf 80' lang='lat' dir='ltr'><strong>ptismO,</strong></span> <span class='ocrx_word' id='word_1_467' title='bbox 1371 907 1404 931; x_wconf 87' lang='lat' dir='ltr'><strong>et</strong></span> <span class='ocrx_word' id='word_1_468' title='bbox 1428 900 1704 934; x_wconf 84' lang='lat' dir='ltr'><strong>circumcidantur</strong></span> <span class='ocrx_word' id='word_1_469' title='bbox 1735 905 1832 936; x_wconf 83' lang='lat' dir='ltr'><strong>etiam</strong></span> <span class='ocrx_word' id='word_1_470' title='bbox 1861 903 2058 936; x_wconf 83' lang='lat' dir='ltr'><strong>foemellae:</strong></span> <span class='ocrx_word' id='word_1_471' title='bbox 2091 904 2181 942; x_wconf 89' lang='lat' dir='ltr'><strong>item,</strong></span> 
     </span>
     <span class='ocr_line' id='line_1_79' title="bbox 1198 944 2181 993; baseline 0.008 -21"><span class='ocrx_word' id='word_1_472' title='bbox 1198 950 1232 993; x_wconf 64' lang='lat' dir='ltr'><strong>ut</strong></span> <span class='ocrx_word' id='word_1_473' title='bbox 1254 950 1391 974; x_wconf 89' lang='lat' dir='ltr'><strong>servent</strong></span> <span class='ocrx_word' id='word_1_474' title='bbox 1421 950 1453 974; x_wconf 85' lang='lat' dir='ltr'><strong>et</strong></span> <span class='ocrx_word' id='word_1_475' title='bbox 1487 944 1572 976; x_wconf 90' lang='lat' dir='ltr'><strong>diem</strong></span> <span class='ocrx_word' id='word_1_476' title='bbox 1604 947 1777 986; x_wconf 74' lang='lat' dir='ltr'><strong>septimum</strong></span> <span class='ocrx_word' id='word_1_477' title='bbox 1808 953 1841 978; x_wconf 87' lang='lat' dir='ltr'><strong>et</strong></span> <span class='ocrx_word' id='word_1_478' title='bbox 1865 948 2015 989; x_wconf 65' lang='lat' dir='ltr'><strong>pm‘mum.</strong></span> <span class='ocrx_word' id='word_1_479' title='bbox 2061 945 2181 980; x_wconf 71' lang='lat' dir='ltr'><strong>videte</strong></span> 
     </span>
     <span class='ocr_line' id='line_1_80' title="bbox 1198 984 2180 1034; baseline 0.005 -19"><span class='ocrx_word' id='word_1_480' title='bbox 1198 984 1423 1034; x_wconf 71' lang='lat' dir='ltr'><strong>hermaniam:</strong></span> <span class='ocrx_word' id='word_1_481' title='bbox 1456 985 1514 1019; x_wconf 82' lang='lat' dir='ltr'><strong>illa</strong></span> <span class='ocrx_word' id='word_1_482' title='bbox 1536 986 1629 1027; x_wconf 81' lang='lat' dir='ltr'><strong>loca,</strong></span> <span class='ocrx_word' id='word_1_483' title='bbox 1664 990 1695 1020; x_wconf 93' lang='lat' dir='ltr'><strong>in</strong></span> <span class='ocrx_word' id='word_1_484' title='bbox 1723 991 1844 1031; x_wconf 87' lang='lat' dir='ltr'><strong>quibus</strong></span> <span class='ocrx_word' id='word_1_485' title='bbox 1876 997 1929 1022; x_wconf 83' lang='lat' dir='ltr'><strong>est</strong></span> <span class='ocrx_word' id='word_1_486' title='bbox 1963 989 2087 1032; x_wconf 77' lang='lat' dir='ltr'><strong>aliquid</strong></span> <span class='ocrx_word' id='word_1_487' title='bbox 2120 990 2180 1021; x_wconf 77' lang='lat' dir='ltr'><strong>do·</strong></span> 
     </span>
     <span class='ocr_line' id='line_1_81' title="bbox 1198 1030 2182 1074; baseline 0.007 -16"><span class='ocrx_word' id='word_1_488' title='bbox 1198 1035 1336 1067; x_wconf 75' lang='lat' dir='ltr'><strong>cti-inae,</strong></span> <span class='ocrx_word' id='word_1_489' title='bbox 1356 1030 1521 1071; x_wconf 86' lang='lat' dir='ltr'><strong>quomodo</strong></span> <span class='ocrx_word' id='word_1_490' title='bbox 1551 1032 1781 1064; x_wconf 85' lang='lat' dir='ltr'><strong>concutiantur</strong></span> <span class='ocrx_word' id='word_1_491' title='bbox 1809 1034 1939 1074; x_wconf 75' lang='lat' dir='ltr'><strong>maguis</strong></span> <span class='ocrx_word' id='word_1_492' title='bbox 1968 1032 2182 1070; x_wconf 78' lang='lat' dir='ltr'><strong>tumultibus;</strong></span> 
     </span>
     <span class='ocr_line' id='line_1_82' title="bbox 1197 1071 2181 1118; baseline 0.006 -17"><span class='ocrx_word' id='word_1_493' title='bbox 1197 1072 1312 1112; x_wconf 82' lang='lat' dir='ltr'><strong>quanti</strong></span> <span class='ocrx_word' id='word_1_494' title='bbox 1363 1079 1442 1103; x_wconf 82' lang='lat' dir='ltr'><strong>sunt</strong></span> <span class='ocrx_word' id='word_1_495' title='bbox 1481 1071 1612 1105; x_wconf 80' lang='lat' dir='ltr'><strong>furores</strong></span> <span class='ocrx_word' id='word_1_496' title='bbox 1650 1076 1856 1118; x_wconf 80' lang='lat' dir='ltr'><strong>principum!</strong></span> <span class='ocrx_word' id='word_1_497' title='bbox 1901 1082 2025 1117; x_wconf 85' lang='lat' dir='ltr'><strong>quanta</strong></span> <span class='ocrx_word' id='word_1_498' title='bbox 2067 1075 2181 1107; x_wconf 84' lang='lat' dir='ltr'><strong>rabies</strong></span> 
     </span>
     <span class='ocr_line' id='line_1_83' title="bbox 1197 1115 2181 1157; baseline 0.006 -13"><span class='ocrx_word' id='word_1_499' title='bbox 1197 1115 1402 1146; x_wconf 73' lang='lat' dir='ltr'><strong>docentium!</strong></span> <span class='ocrx_word' id='word_1_500' title='bbox 1450 1115 1491 1147; x_wconf 88' lang='lat' dir='ltr'><strong>Et</strong></span> <span class='ocrx_word' id='word_1_501' title='bbox 1515 1118 1543 1147; x_wconf 87' lang='lat' dir='ltr'><strong>si</strong></span> <span class='ocrx_word' id='word_1_502' title='bbox 1567 1116 1827 1157; x_wconf 80' lang='lat' dir='ltr'><strong>Demosthenes,</strong></span> <span class='ocrx_word' id='word_1_503' title='bbox 1857 1118 1911 1150; x_wconf 91' lang='lat' dir='ltr'><strong>vel</strong></span> <span class='ocrx_word' id='word_1_504' title='bbox 1933 1117 2096 1157; x_wconf 84' lang='lat' dir='ltr'><strong>Pericles,</strong></span> <span class='ocrx_word' id='word_1_505' title='bbox 2125 1117 2181 1150; x_wconf 84' lang='lat' dir='ltr'><strong>vel</strong></span> 
     </span>
     <span class='ocr_line' id='line_1_84' title="bbox 1197 1157 2180 1203; baseline 0.006 -16"><span class='ocrx_word' id='word_1_506' title='bbox 1197 1158 1372 1199; x_wconf 83' lang='lat' dir='ltr'><strong>Augustus</strong></span> <span class='ocrx_word' id='word_1_507' title='bbox 1395 1157 1523 1190; x_wconf 85' lang='lat' dir='ltr'><strong>Caesar</strong></span> <span class='ocrx_word' id='word_1_508' title='bbox 1547 1160 1726 1201; x_wconf 86' lang='lat' dir='ltr'><strong>inspiceret</strong></span> <span class='ocrx_word' id='word_1_509' title='bbox 1749 1161 1935 1194; x_wconf 82' lang='lat' dir='ltr'><strong>Ecclesiam</strong></span> <span class='ocrx_word' id='word_1_510' title='bbox 1959 1161 2070 1200; x_wconf 78' lang='lat' dir='ltr'><strong>talem,</strong></span> <span class='ocrx_word' id='word_1_511' title='bbox 2091 1162 2180 1203; x_wconf 85' lang='lat' dir='ltr'><strong>cogi-</strong></span> 
     </span>
     <span class='ocr_line' id='line_1_85' title="bbox 1197 1203 2182 1248; baseline 0.004 -16"><span class='ocrx_word' id='word_1_512' title='bbox 1197 1207 1300 1239; x_wconf 79' lang='lat' dir='ltr'><strong>taret,</strong></span> <span class='ocrx_word' id='word_1_513' title='bbox 1336 1211 1413 1232; x_wconf 89' lang='lat' dir='ltr'><strong>esse</strong></span> <span class='ocrx_word' id='word_1_514' title='bbox 1447 1203 1668 1236; x_wconf 82' lang='lat' dir='ltr'><strong>miserabilem</strong></span> <span class='ocrx_word' id='word_1_515' title='bbox 1691 1211 1832 1245; x_wconf 85' lang='lat' dir='ltr'><strong>coetum,</strong></span> <span class='ocrx_word' id='word_1_516' title='bbox 1859 1215 1927 1237; x_wconf 92' lang='lat' dir='ltr'><strong>non</strong></span> <span class='ocrx_word' id='word_1_517' title='bbox 1950 1205 2057 1248; x_wconf 81' lang='lat' dir='ltr'><strong>magis</strong></span> <span class='ocrx_word' id='word_1_518' title='bbox 2079 1214 2182 1237; x_wconf 84' lang='lat' dir='ltr'><strong>curae</strong></span> 
     </span>
     <span class='ocr_line' id='line_1_86' title="bbox 1198 1242 1695 1286; baseline 0.01 -12"><span class='ocrx_word' id='word_1_519' title='bbox 1198 1242 1284 1282; x_wconf 85' lang='lat' dir='ltr'><strong>Deo,</strong></span> <span class='ocrx_word' id='word_1_520' title='bbox 1307 1254 1406 1286; x_wconf 84' lang='lat' dir='ltr'><strong>quam</strong></span> <span class='ocrx_word' id='word_1_521' title='bbox 1429 1244 1528 1278; x_wconf 86' lang='lat' dir='ltr'><strong>alium</strong></span> <span class='ocrx_word' id='word_1_522' title='bbox 1552 1253 1695 1279; x_wconf 87' lang='lat' dir='ltr'><strong>coetum.</strong></span> 
     </span>
    </p>

    <p class='ocr_par' dir='ltr' id='par_1_29' title="bbox 1198 1286 2184 2021">
     <span class='ocr_line' id='line_1_87' title="bbox 1286 1286 2182 1333; baseline 0.004 -15"><span class='ocrx_word' id='word_1_523' title='bbox 1286 1286 1432 1333; x_wconf 52' lang='lat' dir='ltr'><strong>[fuerunt</strong></span> <span class='ocrx_word' id='word_1_524' title='bbox 1462 1289 1494 1319; x_wconf 88' lang='lat' dir='ltr'><strong>in</strong></span> <span class='ocrx_word' id='word_1_525' title='bbox 1522 1288 1690 1331; x_wconf 77' lang='lat' dir='ltr'><strong>legatione</strong></span> <span class='ocrx_word' id='word_1_526' title='bbox 1719 1291 1761 1322; x_wconf 83' lang='lat' dir='ltr'><strong>ad</strong></span> <span class='ocrx_word' id='word_1_527' title='bbox 1786 1290 2010 1322; x_wconf 81' lang='lat' dir='ltr'><strong>Ptolemaeum</strong></span> <span class='ocrx_word' id='word_1_528' title='bbox 2039 1292 2105 1322; x_wconf 89' lang='lat' dir='ltr'><strong>duo</strong></span> <span class='ocrx_word' id='word_1_529' title='bbox 2129 1301 2182 1322; x_wconf 83' lang='lat' dir='ltr'><strong>sa-</strong></span> 
     </span>
     <span class='ocr_line' id='line_1_88' title="bbox 1199 1331 2183 1376; baseline 0.005 -16"><span class='ocrx_word' id='word_1_530' title='bbox 1199 1331 1394 1372; x_wconf 77' lang='lat' dir='ltr'><strong>pientissimi</strong></span> <span class='ocrx_word' id='word_1_531' title='bbox 1420 1332 1498 1370; x_wconf 75' lang='lat' dir='ltr'><strong>viri,</strong></span> <span class='ocrx_word' id='word_1_532' title='bbox 1525 1333 1638 1374; x_wconf 79' lang='lat' dir='ltr'><strong>Scipio</strong></span> <span class='ocrx_word' id='word_1_533' title='bbox 1665 1334 1774 1365; x_wconf 92' lang='lat' dir='ltr'><strong>iunior</strong></span> <span class='ocrx_word' id='word_1_534' title='bbox 1801 1341 1835 1366; x_wconf 88' lang='lat' dir='ltr'><strong>et</strong></span> <span class='ocrx_word' id='word_1_535' title='bbox 1863 1333 1995 1376; x_wconf 85' lang='lat' dir='ltr'><strong>collega</strong></span> <span class='ocrx_word' id='word_1_536' title='bbox 2017 1335 2105 1366; x_wconf 76' lang='lat' dir='ltr'><strong>eius:</strong></span> <span class='ocrx_word' id='word_1_537' title='bbox 2134 1332 2183 1365; x_wconf 86' lang='lat' dir='ltr'><strong>illi</strong></span> 
     </span>
     <span class='ocr_line' id='line_1_89' title="bbox 1200 1374 2183 1415; baseline 0.003 -10"><span class='ocrx_word' id='word_1_538' title='bbox 1200 1374 1352 1405; x_wconf 73' lang='lat' dir='ltr'><strong>viderunt</strong></span> <span class='ocrx_word' id='word_1_539' title='bbox 1379 1374 1535 1415; x_wconf 90' lang='lat' dir='ltr'><strong>populum</strong></span> <span class='ocrx_word' id='word_1_540' title='bbox 1565 1376 1749 1415; x_wconf 76' lang='lat' dir='ltr'><strong>iudaicam,</strong></span> <span class='ocrx_word' id='word_1_541' title='bbox 1784 1384 1817 1408; x_wconf 89' lang='lat' dir='ltr'><strong>et</strong></span> <span class='ocrx_word' id='word_1_542' title='bbox 1851 1384 1930 1409; x_wconf 90' lang='lat' dir='ltr'><strong>tunc</strong></span> <span class='ocrx_word' id='word_1_543' title='bbox 1965 1383 2060 1409; x_wconf 88' lang='lat' dir='ltr'><strong>erant</strong></span> <span class='ocrx_word' id='word_1_544' title='bbox 2094 1374 2183 1408; x_wconf 84' lang='lat' dir='ltr'><strong>bella</strong></span> 
     </span>
     <span class='ocr_line' id='line_1_90' title="bbox 1199 1416 2182 1461; baseline 0.002 -13"><span class='ocrx_word' id='word_1_545' title='bbox 1199 1416 1498 1449; x_wconf 71' lang='lat' dir='ltr'><strong>machabaeorum:</strong></span> <span class='ocrx_word' id='word_1_546' title='bbox 1535 1419 1732 1450; x_wconf 84' lang='lat' dir='ltr'><strong>audiverunt</strong></span> <span class='ocrx_word' id='word_1_547' title='bbox 1765 1420 1852 1457; x_wconf 86' lang='lat' dir='ltr'><strong>dici,</strong></span> <span class='ocrx_word' id='word_1_548' title='bbox 1897 1419 1986 1451; x_wconf 86' lang='lat' dir='ltr'><strong>hunc</strong></span> <span class='ocrx_word' id='word_1_549' title='bbox 2024 1419 2182 1461; x_wconf 85' lang='lat' dir='ltr'><strong>populum</strong></span> 
     </span>
     <span class='ocr_line' id='line_1_91' title="bbox 1200 1458 2182 1502; baseline 0.004 -13"><span class='ocrx_word' id='word_1_550' title='bbox 1200 1458 1335 1502; x_wconf 68' lang='lat' dir='ltr'><strong>gloriari</strong></span> <span class='ocrx_word' id='word_1_551' title='bbox 1358 1470 1395 1491; x_wconf 80' lang='lat' dir='ltr'><strong>se</strong></span> <span class='ocrx_word' id='word_1_552' title='bbox 1423 1470 1500 1491; x_wconf 74' lang='lat' dir='ltr'><strong>esse</strong></span> <span class='ocrx_word' id='word_1_553' title='bbox 1522 1461 1680 1502; x_wconf 86' lang='lat' dir='ltr'><strong>populum</strong></span> <span class='ocrx_word' id='word_1_554' title='bbox 1703 1462 1776 1494; x_wconf 84' lang='lat' dir='ltr'><strong>Dei.</strong></span> <span class='ocrx_word' id='word_1_555' title='bbox 1818 1462 1926 1498; x_wconf 62' lang='lat' dir='ltr'><strong>Quid?</strong></span> <span class='ocrx_word' id='word_1_556' title='bbox 1966 1461 2067 1495; x_wconf 87' lang='lat' dir='ltr'><strong>lllene</strong></span> <span class='ocrx_word' id='word_1_557' title='bbox 2090 1468 2182 1494; x_wconf 85' lang='lat' dir='ltr'><strong>esset</strong></span> 
     </span>
     <span class='ocr_line' id='line_1_92' title="bbox 1198 1501 2183 1545; baseline 0.002 -11"><span class='ocrx_word' id='word_1_558' title='bbox 1198 1501 1342 1544; x_wconf 87' lang='lat' dir='ltr'><strong>populus</strong></span> <span class='ocrx_word' id='word_1_559' title='bbox 1365 1502 1440 1541; x_wconf 87' lang='lat' dir='ltr'><strong>Dei,</strong></span> <span class='ocrx_word' id='word_1_560' title='bbox 1464 1505 1519 1545; x_wconf 88' lang='lat' dir='ltr'><strong>qui</strong></span> <span class='ocrx_word' id='word_1_561' title='bbox 1543 1506 1593 1535; x_wconf 81' lang='lat' dir='ltr'><strong>sic</strong></span> <span class='ocrx_word' id='word_1_562' title='bbox 1621 1505 1810 1537; x_wconf 72' lang='lat' dir='ltr'><strong>laceretur?</strong></span> <span class='ocrx_word' id='word_1_563' title='bbox 1865 1506 1967 1537; x_wconf 85' lang='lat' dir='ltr'><strong>Erant</strong></span> <span class='ocrx_word' id='word_1_564' title='bbox 1996 1506 2183 1537; x_wconf 79' lang='lat' dir='ltr'><strong>domestica</strong></span> 
     </span>
     <span class='ocr_line' id='line_1_93' title="bbox 1199 1547 2181 1590; baseline 0.004 -14"><span class='ocrx_word' id='word_1_565' title='bbox 1199 1547 1276 1576; x_wconf 82' lang='lat' dir='ltr'><strong>odia</strong></span> <span class='ocrx_word' id='word_1_566' title='bbox 1298 1547 1382 1577; x_wconf 82' lang='lat' dir='ltr'><strong>inter</strong></span> <span class='ocrx_word' id='word_1_567' title='bbox 1404 1557 1477 1584; x_wconf 80' lang='lat' dir='ltr'><strong>eos,</strong></span> <span class='ocrx_word' id='word_1_568' title='bbox 1500 1554 1594 1578; x_wconf 83' lang='lat' dir='ltr'><strong>erant</strong></span> <span class='ocrx_word' id='word_1_569' title='bbox 1611 1549 1727 1579; x_wconf 82' lang='lat' dir='ltr'><strong>hostes</strong></span> <span class='ocrx_word' id='word_1_570' title='bbox 1747 1549 1845 1579; x_wconf 80' lang='lat' dir='ltr'><strong>vicini</strong></span> <span class='ocrx_word' id='word_1_571' title='bbox 1869 1554 2076 1590; x_wconf 73' lang='lat' dir='ltr'><strong>grassantes.</strong></span> <span class='ocrx_word' id='word_1_572' title='bbox 2112 1548 2181 1580; x_wconf 69' lang='lat' dir='ltr'><strong>imo</strong></span> 
     </span>
     <span class='ocr_line' id='line_1_94' title="bbox 1199 1588 2181 1633; baseline 0.003 -13"><span class='ocrx_word' id='word_1_573' title='bbox 1199 1590 1231 1620; x_wconf 88' lang='lat' dir='ltr'><strong>in</strong></span> <span class='ocrx_word' id='word_1_574' title='bbox 1255 1588 1311 1620; x_wconf 83' lang='lat' dir='ltr'><strong>illa</strong></span> <span class='ocrx_word' id='word_1_575' title='bbox 1333 1589 1407 1630; x_wconf 85' lang='lat' dir='ltr'><strong>ipsa</strong></span> <span class='ocrx_word' id='word_1_576' title='bbox 1441 1590 1534 1628; x_wconf 82' lang='lat' dir='ltr'><strong>urbe,</strong></span> <span class='ocrx_word' id='word_1_577' title='bbox 1569 1601 1654 1631; x_wconf 83' lang='lat' dir='ltr'><strong>quae</strong></span> <span class='ocrx_word' id='word_1_578' title='bbox 1687 1590 1833 1622; x_wconf 86' lang='lat' dir='ltr'><strong>habebat</strong></span> <span class='ocrx_word' id='word_1_579' title='bbox 1866 1593 2000 1623; x_wconf 90' lang='lat' dir='ltr'><strong>unicum</strong></span> <span class='ocrx_word' id='word_1_580' title='bbox 2023 1590 2181 1633; x_wconf 86' lang='lat' dir='ltr'><strong>templum</strong></span> 
     </span>
     <span class='ocr_line' id='line_1_95' title="bbox 1198 1632 2182 1677; baseline 0.004 -15"><span class='ocrx_word' id='word_1_581' title='bbox 1198 1632 1274 1670; x_wconf 88' lang='lat' dir='ltr'><strong>Dei,</strong></span> <span class='ocrx_word' id='word_1_582' title='bbox 1298 1632 1421 1663; x_wconf 81' lang='lat' dir='ltr'><strong>fiebant</strong></span> <span class='ocrx_word' id='word_1_583' title='bbox 1443 1632 1677 1665; x_wconf 81' lang='lat' dir='ltr'><strong>Bacchanalia.</strong></span> <span class='ocrx_word' id='word_1_584' title='bbox 1736 1635 1813 1666; x_wconf 90' lang='lat' dir='ltr'><strong>ldeo</strong></span> <span class='ocrx_word' id='word_1_585' title='bbox 1848 1636 1978 1676; x_wconf 84' lang='lat' dir='ltr'><strong>obrepit</strong></span> <span class='ocrx_word' id='word_1_586' title='bbox 2002 1635 2182 1677; x_wconf 80' lang='lat' dir='ltr'><strong>cogitatio=</strong></span> 
     </span>
     <span class='ocr_line' id='line_1_96' title="bbox 1198 1675 2182 1720; baseline 0.003 -14"><span class='ocrx_word' id='word_1_587' title='bbox 1198 1675 1274 1707; x_wconf 90' lang='lat' dir='ltr'><strong>Non</strong></span> <span class='ocrx_word' id='word_1_588' title='bbox 1298 1677 1403 1717; x_wconf 77' lang='lat' dir='ltr'><strong>magis</strong></span> <span class='ocrx_word' id='word_1_589' title='bbox 1428 1677 1479 1707; x_wconf 81' lang='lat' dir='ltr'><strong>isti</strong></span> <span class='ocrx_word' id='word_1_590' title='bbox 1502 1684 1579 1708; x_wconf 85' lang='lat' dir='ltr'><strong>sunt</strong></span> <span class='ocrx_word' id='word_1_591' title='bbox 1602 1677 1772 1715; x_wconf 77' lang='lat' dir='ltr'><strong>Ecclesia,</strong></span> <span class='ocrx_word' id='word_1_592' title='bbox 1803 1688 1900 1720; x_wconf 85' lang='lat' dir='ltr'><strong>quam</strong></span> <span class='ocrx_word' id='word_1_593' title='bbox 1929 1677 1991 1709; x_wconf 82' lang='lat' dir='ltr'><strong>alii.</strong></span> <span class='ocrx_word' id='word_1_594' title='bbox 2039 1678 2182 1714; x_wconf 79' lang='lat' dir='ltr'><strong>Quando</strong></span> 
     </span>
     <span class='ocr_line' id='line_1_97' title="bbox 1199 1719 2183 1761; baseline 0.002 -11"><span class='ocrx_word' id='word_1_595' title='bbox 1199 1729 1261 1750; x_wconf 82' lang='lat' dir='ltr'><strong>nos</strong></span> <span class='ocrx_word' id='word_1_596' title='bbox 1284 1719 1347 1760; x_wconf 88' lang='lat' dir='ltr'><strong>ipsi</strong></span> <span class='ocrx_word' id='word_1_597' title='bbox 1369 1720 1592 1761; x_wconf 84' lang='lat' dir='ltr'><strong>adspiciamus</strong></span> <span class='ocrx_word' id='word_1_598' title='bbox 1616 1728 1749 1753; x_wconf 81' lang='lat' dir='ltr'><strong>nostras</strong></span> <span class='ocrx_word' id='word_1_599' title='bbox 1773 1722 1941 1760; x_wconf 81' lang='lat' dir='ltr'><strong>miseriaS,</strong></span> <span class='ocrx_word' id='word_1_600' title='bbox 1976 1722 2126 1753; x_wconf 78' lang='lat' dir='ltr'><strong>venimus</strong></span> <span class='ocrx_word' id='word_1_601' title='bbox 2148 1722 2183 1752; x_wconf 93' lang='lat' dir='ltr'><strong>in</strong></span> 
     </span>
     <span class='ocr_line' id='line_1_98' title="bbox 1200 1762 2182 1804; baseline 0.004 -12"><span class='ocrx_word' id='word_1_602' title='bbox 1200 1762 1286 1793; x_wconf 84' lang='lat' dir='ltr'><strong>hanc</strong></span> <span class='ocrx_word' id='word_1_603' title='bbox 1316 1762 1588 1804; x_wconf 76' lang='lat' dir='ltr'><strong>disputationem,</strong></span> <span class='ocrx_word' id='word_1_604' title='bbox 1623 1765 1770 1796; x_wconf 89' lang='lat' dir='ltr'><strong>simusne</strong></span> <span class='ocrx_word' id='word_1_605' title='bbox 1792 1764 1966 1803; x_wconf 76' lang='lat' dir='ltr'><strong>Ecclesia,</strong></span> <span class='ocrx_word' id='word_1_606' title='bbox 2001 1774 2043 1796; x_wconf 87' lang='lat' dir='ltr'><strong>an</strong></span> <span class='ocrx_word' id='word_1_607' title='bbox 2078 1765 2182 1796; x_wconf 83' lang='lat' dir='ltr'><strong>simus</strong></span> 
     </span>
     <span class='ocr_line' id='line_1_99' title="bbox 1200 1805 2182 1849; baseline 0.002 -13"><span class='ocrx_word' id='word_1_608' title='bbox 1200 1806 1340 1846; x_wconf 83' lang='lat' dir='ltr'><strong>proiecti</strong></span> <span class='ocrx_word' id='word_1_609' title='bbox 1367 1816 1387 1836; x_wconf 82' lang='lat' dir='ltr'><strong>a</strong></span> <span class='ocrx_word' id='word_1_610' title='bbox 1410 1805 1495 1838; x_wconf 88' lang='lat' dir='ltr'><strong>Deo.</strong></span> <span class='ocrx_word' id='word_1_611' title='bbox 1551 1807 1693 1848; x_wconf 78' lang='lat' dir='ltr'><strong>Oportet</strong></span> <span class='ocrx_word' id='word_1_612' title='bbox 1725 1818 1790 1839; x_wconf 84' lang='lat' dir='ltr'><strong>nos</strong></span> <span class='ocrx_word' id='word_1_613' title='bbox 1819 1810 1989 1849; x_wconf 85' lang='lat' dir='ltr'><strong>respicere</strong></span> <span class='ocrx_word' id='word_1_614' title='bbox 2022 1808 2065 1839; x_wconf 88' lang='lat' dir='ltr'><strong>ad</strong></span> <span class='ocrx_word' id='word_1_615' title='bbox 2094 1807 2182 1839; x_wconf 86' lang='lat' dir='ltr'><strong>hanc</strong></span> 
     </span>
     <span class='ocr_line' id='line_1_100' title="bbox 1200 1847 2184 1884; baseline 0.001 -3"><span class='ocrx_word' id='word_1_616' title='bbox 1200 1847 1464 1881; x_wconf 77' lang='lat' dir='ltr'><strong>consolationem</strong></span> <span class='ocrx_word' id='word_1_617' title='bbox 1499 1850 1636 1883; x_wconf 76' lang='lat' dir='ltr'><strong>Esaiae:</strong></span> <span class='ocrx_word' id='word_1_618' title='bbox 1670 1853 1741 1883; x_wconf 86' lang='lat' dir='ltr'><strong>Non</strong></span> <span class='ocrx_word' id='word_1_619' title='bbox 1775 1856 1826 1884; x_wconf 73' lang='lat' dir='ltr'><strong>esc</strong></span> <span class='ocrx_word' id='word_1_620' title='bbox 1856 1856 1981 1883; x_wconf 73' lang='lat' dir='ltr'><strong>sanitas</strong></span> <span class='ocrx_word' id='word_1_621' title='bbox 2014 1861 2035 1882; x_wconf 85' lang='lat' dir='ltr'><strong>a</strong></span> <span class='ocrx_word' id='word_1_622' title='bbox 2062 1853 2184 1882; x_wconf 51' lang='lat' dir='ltr'><strong>vertere</strong></span> 
     </span>
     <span class='ocr_line' id='line_1_101' title="bbox 1199 1895 2182 1935; baseline 0.002 -12"><span class='ocrx_word' id='word_1_623' title='bbox 1199 1896 1314 1933; x_wconf 67' lang='lat' dir='ltr'><strong>capitis</strong></span> <span class='ocrx_word' id='word_1_624' title='bbox 1336 1903 1435 1932; x_wconf 81' lang='lat' dir='ltr'><strong>usque</strong></span> <span class='ocrx_word' id='word_1_625' title='bbox 1458 1895 1503 1925; x_wconf 80' lang='lat' dir='ltr'><strong>ad</strong></span> <span class='ocrx_word' id='word_1_626' title='bbox 1519 1896 1665 1934; x_wconf 78' lang='lat' dir='ltr'><strong>plantam</strong></span> <span class='ocrx_word' id='word_1_627' title='bbox 1686 1896 1789 1935; x_wconf 73' lang='lat' dir='ltr'><strong>pedis.</strong></span> <span class='ocrx_word' id='word_1_628' title='bbox 1834 1897 1906 1926; x_wconf 52' lang='lat' dir='ltr'><strong>Nelei</strong></span> <span class='ocrx_word' id='word_1_629' title='bbox 1927 1896 2083 1926; x_wconf 80' lang='lat' dir='ltr'><strong>Dominus</strong></span> <span class='ocrx_word' id='word_1_630' title='bbox 2105 1895 2182 1925; x_wconf 79' lang='lat' dir='ltr'><strong>reli-</strong></span> 
     </span>
     <span class='ocr_line' id='line_1_102' title="bbox 1709 1936 2181 1968; baseline 0.002 -1"><span class='ocrx_word' id='word_1_631' title='bbox 1709 1937 1776 1968; x_wconf 74' lang='lat' dir='ltr'><strong>lste</strong></span> <span class='ocrx_word' id='word_1_632' title='bbox 1804 1936 1965 1968; x_wconf 87' lang='lat' dir='ltr'><strong>articulus</strong></span> <span class='ocrx_word' id='word_1_633' title='bbox 1996 1946 2181 1968; x_wconf 82' lang='lat' dir='ltr'><strong>commone-</strong></span> 
     </span>
     <span class='ocr_line' id='line_1_103' title="bbox 1199 1979 2182 2021; baseline 0 -11"><span class='ocrx_word' id='word_1_634' title='bbox 1199 1980 1277 2011; x_wconf 76' lang='lat' dir='ltr'><strong>facit</strong></span> <span class='ocrx_word' id='word_1_635' title='bbox 1292 1985 1333 2020; x_wconf 86' lang='lat' dir='ltr'><strong>te,</strong></span> <span class='ocrx_word' id='word_1_636' title='bbox 1356 1981 1444 2021; x_wconf 88' lang='lat' dir='ltr'><strong>quod</strong></span> <span class='ocrx_word' id='word_1_637' title='bbox 1457 1979 1560 2011; x_wconf 78' lang='lat' dir='ltr'><strong>Filius</strong></span> <span class='ocrx_word' id='word_1_638' title='bbox 1573 1981 1636 2012; x_wconf 89' lang='lat' dir='ltr'><strong>Dei</strong></span> <span class='ocrx_word' id='word_1_639' title='bbox 1652 1981 1694 2012; x_wconf 85' lang='lat' dir='ltr'><strong>sit</strong></span> <span class='ocrx_word' id='word_1_640' title='bbox 1711 1985 1973 2012; x_wconf 75' lang='lat' dir='ltr'><strong>conservaturus</strong></span> <span class='ocrx_word' id='word_1_641' title='bbox 1985 1979 2182 2011; x_wconf 77' lang='lat' dir='ltr'><strong>Ecclesiam.</strong></span> 
     </span>
    </p>
   </div>
   <div class='ocr_carea' id='block_1_26' title="bbox 1413 2068 2182 2124">
    <p class='ocr_par' dir='ltr' id='par_1_30' title="bbox 1413 2068 2182 2124">
     <span class='ocr_line' id='line_1_104' title="bbox 1413 2068 2182 2124; baseline 0.001 -14"><span class='ocrx_word' id='word_1_642' title='bbox 1413 2069 1525 2124; x_wconf 90' lang='lat' dir='ltr'><strong>quod</strong></span> <span class='ocrx_word' id='word_1_643' title='bbox 1576 2069 1695 2110; x_wconf 84' lang='lat' dir='ltr'><strong>Filius</strong></span> <span class='ocrx_word' id='word_1_644' title='bbox 1749 2070 1911 2124; x_wconf 80' lang='lat' dir='ltr'><strong>colligat</strong></span> <span class='ocrx_word' id='word_1_645' title='bbox 1963 2068 2182 2111; x_wconf 87' lang='lat' dir='ltr'><strong>Ecclesiam</strong></span> 
     </span>
    </p>
   </div>
   <div class='ocr_carea' id='block_1_27' title="bbox 1171 2118 2182 2194">
    <p class='ocr_par' dir='ltr' id='par_1_31' title="bbox 1171 2118 2182 2194">
     <span class='ocr_line' id='line_1_105' title="bbox 1171 2118 2182 2194; baseline -0.001 -22"><span class='ocrx_word' id='word_1_646' title='bbox 1171 2118 1330 2194; x_wconf 60' lang='lat' dir='ltr'><strong>iusque</strong></span> <span class='ocrx_word' id='word_1_647' title='bbox 1399 2132 1452 2171; x_wconf 87' lang='lat' dir='ltr'><strong>ad</strong></span> <span class='ocrx_word' id='word_1_648' title='bbox 1511 2130 1857 2171; x_wconf 80' lang='lat' dir='ltr'><strong>resuscitationem</strong></span> <span class='ocrx_word' id='word_1_649' title='bbox 1919 2138 2182 2181; x_wconf 73' lang='lat' dir='ltr'><strong>mortuorum,</strong></span> 
     </span>
    </p>
   </div>
   <div class='ocr_carea' id='block_1_28' title="bbox 1331 2190 2060 2246">
    <p class='ocr_par' dir='ltr' id='par_1_32' title="bbox 1331 2190 2060 2246">
     <span class='ocr_line' id='line_1_106' title="bbox 1331 2190 2060 2246; baseline -0.001 -15"><span class='ocrx_word' id='word_1_650' title='bbox 1331 2191 1455 2231; x_wconf 85' lang='lat' dir='ltr'><strong>etiam</strong></span> <span class='ocrx_word' id='word_1_651' title='bbox 1486 2191 1590 2231; x_wconf 87' lang='lat' dir='ltr'><strong>inter</strong></span> <span class='ocrx_word' id='word_1_652' title='bbox 1619 2191 1754 2231; x_wconf 85' lang='lat' dir='ltr'><strong>ruinas</strong></span> <span class='ocrx_word' id='word_1_653' title='bbox 1786 2190 2060 2246; x_wconf 84' lang='lat' dir='ltr'><strong>Imperiorum.</strong></span> 
     </span>
    </p>
   </div>
   <div class='ocr_carea' id='block_1_29' title="bbox 1201 2283 2186 2627">
    <p class='ocr_par' dir='ltr' id='par_1_33' title="bbox 1201 2283 2186 2627">
     <span class='ocr_line' id='line_1_107' title="bbox 1288 2283 2183 2323; baseline -0.002 -8"><span class='ocrx_word' id='word_1_654' title='bbox 1288 2284 1355 2323; x_wconf 74' lang='lat' dir='ltr'><strong>Eyo</strong></span> <span class='ocrx_word' id='word_1_655' title='bbox 1392 2284 1549 2315; x_wconf 55' lang='lat' dir='ltr'><strong>vobiscum</strong></span> <span class='ocrx_word' id='word_1_656' title='bbox 1581 2292 1650 2314; x_wconf 77' lang='lat' dir='ltr'><strong>sum</strong></span> <span class='ocrx_word' id='word_1_657' title='bbox 1678 2292 1778 2322; x_wconf 79' lang='lat' dir='ltr'><strong>usque</strong></span> <span class='ocrx_word' id='word_1_658' title='bbox 1810 2285 1855 2315; x_wconf 83' lang='lat' dir='ltr'><strong>ad</strong></span> <span class='ocrx_word' id='word_1_659' title='bbox 1881 2283 2183 2314; x_wconf 75' lang='lat' dir='ltr'><strong>consummationem</strong></span> 
     </span>
     <span class='ocr_line' id='line_1_108' title="bbox 1201 2325 2186 2366; baseline -0.003 -7"><span class='ocrx_word' id='word_1_660' title='bbox 1201 2330 1308 2359; x_wconf 63' lang='lat' dir='ltr'><strong>soordi.</strong></span> <span class='ocrx_word' id='word_1_661' title='bbox 1360 2325 1457 2363; x_wconf 85' lang='lat' dir='ltr'><strong>Item,</strong></span> <span class='ocrx_word' id='word_1_662' title='bbox 1499 2326 1637 2366; x_wconf 80' lang='lat' dir='ltr'><strong>Propter</strong></span> <span class='ocrx_word' id='word_1_663' title='bbox 1671 2329 1787 2358; x_wconf 75' lang='lat' dir='ltr'><strong>electos</strong></span> <span class='ocrx_word' id='word_1_664' title='bbox 1823 2326 2091 2358; x_wconf 59' lang='lat' dir='ltr'><strong>abbrvvtabuntur</strong></span> <span class='ocrx_word' id='word_1_665' title='bbox 2128 2327 2186 2356; x_wconf 65' lang='lat' dir='ltr'><strong>im</strong></span> 
     </span>
     <span class='ocr_line' id='line_1_109' title="bbox 1201 2368 2183 2411; baseline -0.003 -9"><span class='ocrx_word' id='word_1_666' title='bbox 1201 2372 1280 2402; x_wconf 77' lang='lat' dir='ltr'><strong>dies.</strong></span> <span class='ocrx_word' id='word_1_667' title='bbox 1326 2369 1416 2411; x_wconf 80' lang='lat' dir='ltr'><strong>Ergo</strong></span> <span class='ocrx_word' id='word_1_668' title='bbox 1440 2375 1535 2400; x_wconf 87' lang='lat' dir='ltr'><strong>erunt</strong></span> <span class='ocrx_word' id='word_1_669' title='bbox 1558 2368 1667 2401; x_wconf 87' lang='lat' dir='ltr'><strong>adhuc</strong></span> <span class='ocrx_word' id='word_1_670' title='bbox 1689 2369 1798 2400; x_wconf 86' lang='lat' dir='ltr'><strong>electi.</strong></span> <span class='ocrx_word' id='word_1_671' title='bbox 1855 2369 1953 2407; x_wconf 84' lang='lat' dir='ltr'><strong>ltem,</strong></span> <span class='ocrx_word' id='word_1_672' title='bbox 1986 2370 2052 2400; x_wconf 84' lang='lat' dir='ltr'><strong>Hoc</strong></span> <span class='ocrx_word' id='word_1_673' title='bbox 2071 2368 2183 2408; x_wconf 72' lang='lat' dir='ltr'><strong>facile,</strong></span> 
     </span>
     <span class='ocr_line' id='line_1_110' title="bbox 1520 2411 2183 2454; baseline -0.002 -12"><span class='ocrx_word' id='word_1_674' title='bbox 1520 2411 1686 2454; x_wconf 83' lang='lat' dir='ltr'><strong>Praecipit</strong></span> <span class='ocrx_word' id='word_1_675' title='bbox 1723 2411 1927 2454; x_wconf 76' lang='lat' dir='ltr'><strong>ApostoluS,</strong></span> <span class='ocrx_word' id='word_1_676' title='bbox 1963 2418 1998 2444; x_wconf 81' lang='lat' dir='ltr'><strong>ut</strong></span> <span class='ocrx_word' id='word_1_677' title='bbox 2031 2416 2183 2443; x_wconf 85' lang='lat' dir='ltr'><strong>servetur</strong></span> 
     </span>
     <span class='ocr_line' id='line_1_111' title="bbox 1203 2455 2183 2497; baseline -0.003 -9"><span class='ocrx_word' id='word_1_678' title='bbox 1203 2466 1307 2488; x_wconf 85' lang='lat' dir='ltr'><strong>coena</strong></span> <span class='ocrx_word' id='word_1_679' title='bbox 1330 2455 1473 2492; x_wconf 88' lang='lat' dir='ltr'><strong>Domini,</strong></span> <span class='ocrx_word' id='word_1_680' title='bbox 1506 2455 1613 2487; x_wconf 81' lang='lat' dir='ltr'><strong>donec</strong></span> <span class='ocrx_word' id='word_1_681' title='bbox 1637 2456 1757 2487; x_wconf 77' lang='lat' dir='ltr'><strong>veniat.</strong></span> <span class='ocrx_word' id='word_1_682' title='bbox 1815 2455 1905 2497; x_wconf 79' lang='lat' dir='ltr'><strong>Ergo</strong></span> <span class='ocrx_word' id='word_1_683' title='bbox 1935 2455 2083 2486; x_wconf 85' lang='lat' dir='ltr'><strong>servabit</strong></span> <span class='ocrx_word' id='word_1_684' title='bbox 2115 2463 2183 2486; x_wconf 89' lang='lat' dir='ltr'><strong>non</strong></span> 
     </span>
     <span class='ocr_line' id='line_1_112' title="bbox 1202 2497 2183 2539; baseline -0.004 -8"><span class='ocrx_word' id='word_1_685' title='bbox 1202 2499 1388 2531; x_wconf 85' lang='lat' dir='ltr'><strong>Ecclesiam</strong></span> <span class='ocrx_word' id='word_1_686' title='bbox 1422 2503 1570 2536; x_wconf 82' lang='lat' dir='ltr'><strong>tantum,</strong></span> <span class='ocrx_word' id='word_1_687' title='bbox 1611 2499 1672 2530; x_wconf 82' lang='lat' dir='ltr'><strong>sed</strong></span> <span class='ocrx_word' id='word_1_688' title='bbox 1712 2497 1864 2539; x_wconf 89' lang='lat' dir='ltr'><strong>publicos</strong></span> <span class='ocrx_word' id='word_1_689' title='bbox 1903 2498 2064 2539; x_wconf 85' lang='lat' dir='ltr'><strong>honestos</strong></span> <span class='ocrx_word' id='word_1_690' title='bbox 2105 2506 2183 2528; x_wconf 88' lang='lat' dir='ltr'><strong>con-</strong></span> 
     </span>
     <span class='ocr_line' id='line_1_113' title="bbox 1203 2541 2183 2586; baseline -0.003 -13"><span class='ocrx_word' id='word_1_691' title='bbox 1203 2552 1354 2586; x_wconf 72' lang='lat' dir='ltr'><strong>gressuS,</strong></span> <span class='ocrx_word' id='word_1_692' title='bbox 1377 2547 1408 2574; x_wconf 90' lang='lat' dir='ltr'><strong>et</strong></span> <span class='ocrx_word' id='word_1_693' title='bbox 1438 2541 1580 2581; x_wconf 84' lang='lat' dir='ltr'><strong>hospitia</strong></span> <span class='ocrx_word' id='word_1_694' title='bbox 1603 2541 1785 2574; x_wconf 85' lang='lat' dir='ltr'><strong>Ecclesiae.</strong></span> <span class='ocrx_word' id='word_1_695' title='bbox 1843 2541 1957 2572; x_wconf 88' lang='lat' dir='ltr'><strong>Debes</strong></span> <span class='ocrx_word' id='word_1_696' title='bbox 1981 2545 2093 2575; x_wconf 63' lang='lat' dir='ltr'><strong>autem,</strong></span> <span class='ocrx_word' id='word_1_697' title='bbox 2113 2548 2183 2571; x_wconf 92' lang='lat' dir='ltr'><strong>cre-</strong></span> 
     </span>
     <span class='ocr_line' id='line_1_114' title="bbox 1203 2583 2184 2627; baseline -0.005 -9"><span class='ocrx_word' id='word_1_698' title='bbox 1203 2588 1293 2624; x_wconf 85' lang='lat' dir='ltr'><strong>dere,</strong></span> <span class='ocrx_word' id='word_1_699' title='bbox 1315 2585 1406 2627; x_wconf 85' lang='lat' dir='ltr'><strong>quod</strong></span> <span class='ocrx_word' id='word_1_700' title='bbox 1424 2591 1458 2616; x_wconf 89' lang='lat' dir='ltr'><strong>tu</strong></span> <span class='ocrx_word' id='word_1_701' title='bbox 1481 2586 1528 2615; x_wconf 78' lang='lat' dir='ltr'><strong>sis</strong></span> <span class='ocrx_word' id='word_1_702' title='bbox 1551 2585 1583 2616; x_wconf 89' lang='lat' dir='ltr'><strong>in</strong></span> <span class='ocrx_word' id='word_1_703' title='bbox 1598 2584 1760 2623; x_wconf 82' lang='lat' dir='ltr'><strong>Ecclesia,</strong></span> <span class='ocrx_word' id='word_1_704' title='bbox 1785 2585 1874 2626; x_wconf 78' lang='lat' dir='ltr'><strong>quod,</strong></span> <span class='ocrx_word' id='word_1_705' title='bbox 1897 2583 2086 2615; x_wconf 78' lang='lat' dir='ltr'><strong>exaudiaris</strong></span> <span class='ocrx_word' id='word_1_706' title='bbox 2109 2592 2184 2614; x_wconf 82' lang='lat' dir='ltr'><strong>cum</strong></span> 
     </span>
    </p>
   </div>
   <div class='ocr_carea' id='block_1_30' title="bbox 170 2625 2183 2675">
    <p class='ocr_par' dir='ltr' id='par_1_34' title="bbox 170 2625 2183 2675">
     <span class='ocr_line' id='line_1_115' title="bbox 170 2625 2183 2675; baseline -0.003 -12"><span class='ocrx_word' id='word_1_707' title='bbox 170 2632 305 2673; x_wconf 79' lang='lat' dir='ltr'><strong>quando</strong></span> <span class='ocrx_word' id='word_1_708' title='bbox 336 2632 522 2675; x_wconf 83' lang='lat' dir='ltr'><strong>cogitamus</strong></span> <span class='ocrx_word' id='word_1_709' title='bbox 556 2632 598 2663; x_wconf 89' lang='lat' dir='ltr'><strong>de</strong></span> <span class='ocrx_word' id='word_1_710' title='bbox 630 2629 858 2663; x_wconf 81' lang='lat' dir='ltr'><strong>imbecillitate</strong></span> <span class='ocrx_word' id='word_1_711' title='bbox 891 2629 967 2662; x_wconf 84' lang='lat' dir='ltr'><strong>fidei</strong></span> <span class='ocrx_word' id='word_1_712' title='bbox 1001 2635 1149 2669; x_wconf 79' lang='lat' dir='ltr'><strong>nostrae,</strong></span> <span class='ocrx_word' id='word_1_713' title='bbox 1175 2641 1179 2675; x_wconf 48' lang='grc' dir='ltr'>ἰ</span> <span class='ocrx_word' id='word_1_714' title='bbox 1201 2628 1365 2662; x_wconf 79' lang='lat' dir='ltr'><strong>Ecclesia.</strong></span> <span class='ocrx_word' id='word_1_715' title='bbox 1400 2627 1514 2659; x_wconf 86' lang='lat' dir='ltr'><strong>Debes</strong></span> <span class='ocrx_word' id='word_1_716' title='bbox 1532 2634 1566 2659; x_wconf 83' lang='lat' dir='ltr'><strong>te</strong></span> <span class='ocrx_word' id='word_1_717' title='bbox 1586 2629 1791 2671; x_wconf 83' lang='lat' dir='ltr'><strong>coniungere</strong></span> <span class='ocrx_word' id='word_1_718' title='bbox 1815 2637 1889 2659; x_wconf 86' lang='lat' dir='ltr'><strong>cum</strong></span> <span class='ocrx_word' id='word_1_719' title='bbox 1906 2625 2071 2665; x_wconf 55' lang='lat' dir='ltr'><strong>Ecckesia.</strong></span> <span class='ocrx_word' id='word_1_720' title='bbox 2106 2625 2183 2657; x_wconf 82' lang='lat' dir='ltr'><strong>Non</strong></span> 
     </span>
    </p>
   </div>
  </div>
 </body>
</html>
