2374 2985
102 191 143 223 45

101 287 221 317 dictum
245 291 295 316 est
323 283 414 315 olim:
451 282 509 313 ἅλα
542 285 592 313 καὶ
615 283 759 324 τράπεζαν
791 282 832 320 μή
866 283 1079 323 παραβαίνεινε

100 331 207 360 »Salem
230 333 263 359 et
281 337 423 359 mensum
452 336 493 357 ne
514 327 638 357 violato.
683 326 746 360 Qui
767 331 844 356 sunt
868 325 1078 357 convictores

100 373 247 403 eiusdem
284 379 428 406 mensae,
461 369 525 399 sint
559 370 642 399 inter
676 377 714 398 se
748 368 911 399 coniuncti
936 369 1077 399 benevo-

98 414 209 446 lentia.
255 413 290 444 Si
314 418 390 443 sunt
413 412 550 448 inimici,
583 417 616 441 et
638 420 702 441 non
734 416 876 450 possunt
899 412 1078 442 convenire

99 457 227 493 animis,
251 454 366 486 melius
391 460 442 485 est
464 453 603 485 alterum
627 454 810 484 discedere.

184 499 282 539 Apud
327 495 564 538 Bacchylidem
609 497 819 537 requimntur
863 495 947 527 haec
987 506 1075 537 προς-

98 547 218 581 κείμενα
253 541 408 571 convivii:
438 542 507 571 Non
531 549 668 579 corpora
691 541 794 576 boum,
828 540 888 569 sed
909 540 1078 570 mediocris

99 589 277 625 apparatus
299 583 368 622 cibi,
390 588 422 614 et
443 584 556 614 bonum
579 584 701 613 vinum:
726 586 757 612 et
777 582 900 613 Musica
930 592 987 612 seu
1016 585 1077 613 col-

97 631 202 667 loqm‘a
225 629 265 658 [le
288 628 384 658 rebus
406 626 511 663 bonis,
541 630 573 656 et
603 629 713 655 mutua
747 627 951 655 conciam-mn
985 624 1076 656 bene—
1100 618 1104 671 Ι
1129 624 1276 656 scultare
1306 626 1436 663 debent,
1470 632 1502 657 et
1535 627 1639 658 audiri
1664 634 1754 659 certo
1789 628 1913 659 ordine.

109 682 115 694 ¹
155 671 241 701 „nlla

98 673 164 702 mle
184 711 275 743 Talia
298 712 384 742 dicta
418 716 494 742 sunt
515 708 668 746 moralia,
703 714 736 740 01
758 710 943 750 exprimunt
965 720 1076 741 mores

97 755 314 796 antiquitatiS,
339 764 424 795 quae
447 752 505 784 fuit
529 753 680 783 modesta
710 757 742 782 01
772 753 901 793 gravis:
935 752 976 783 Et
999 758 1077 784 sunt

97 806 205 830 tamen
221 797 302 828 haec
322 796 417 827 simul
436 797 570 827 umbrae
589 793 723 826 aliarum
744 804 937 836 magnarum
956 805 1075 826 rerum.

98 841 191 873 Sicut
216 841 379 881 Origenes
416 844 580 870 mutuatur
613 847 654 868 ex
688 838 750 868 ritu
785 847 910 868 coenae
945 837 1075 870 Domini

98 883 360 915 adhortationem
395 882 437 912 ad
478 880 669 912 charitatem
704 878 935 911 Christianam.
993 880 1075 912 Cum

99 927 199 957 simus
235 926 441 956 convictores
474 924 570 955 unius
594 921 663 953 Filii
688 923 768 960 Dei,
809 929 841 954 et
874 923 1075 954 accedamus

97 970 138 1000 ad
162 979 259 999 unam
284 978 442 1005 mensam,
478 967 635 997 debemus
670 975 747 996 esse
775 966 858 996 inter
881 975 944 996 nos
967 966 1075 1005 amici,

97 1017 130 1042 et
148 1010 301 1041 conferre
325 1011 407 1041 inter
431 1019 492 1040 nos
504 1008 633 1049 placide
656 1009 857 1047 sententias,
873 1019 939 1039 non
964 1009 1075 1050 dispu-

95 1059 166 1085 tare
189 1064 262 1084 cum
285 1053 381 1084 animi
404 1053 593 1083 acerbitate.

183 1095 340 1127 Profecto
374 1105 491 1136 magna
527 1100 579 1125 est
611 1105 699 1125 nunc
728 1094 914 1125 immanitas
934 1092 1075 1125 Theolo-

96 1150 212 1181 gorum
247 1138 479 1179 disputantium
514 1138 554 1168 de
590 1137 843 1175 controversiis3
875 1142 908 1167 et
942 1137 977 1167 fit
1008 1136 1075 1178 ple—

95 1192 252 1223 rumque,
283 1188 317 1212 ut
342 1181 395 1221 qui
419 1181 558 1210 maxime
588 1186 665 1210 sunt
700 1180 841 1217 indocti,
875 1180 1076 1210 contendant

96 1236 169 1255 cum
210 1223 283 1254 aliis
312 1223 516 1254 doctioribus
558 1228 590 1252 et
618 1223 896 1260 modestioribus,
943 1222 1075 1253 bestiali

96 1267 236 1307 quadam
259 1267 439 1297 acerbitate
473 1271 506 1296 et
539 1265 759 1296 contumacia.
816 1264 889 1295 Hoc
922 1275 988 1295 11011
1018 1265 1074 1295 de-

97 1310 195 1340 bebat
234 1308 303 1339 fieri
337 1309 369 1338 in
403 1307 575 1345 Ecclesia,
619 1308 673 1338 ubi
708 1308 912 1338 debebamus
952 1306 1075 1348 aliquid

95 1357 244 1382 amanter
267 1351 429 1382 sciscitari
453 1352 494 1380 ab
518 1349 635 1387 altero,
659 1356 691 1381 et
714 1350 829 1381 fovere
849 1350 1073 1380 concordiam.

179 1393 250 1424 Nec
273 1399 413 1434 possunt
436 1392 512 1423 illae
536 1393 691 1423 immanes
716 1393 955 1432 disputationes
978 1402 1074 1423 excu-

95 1437 180 1474 sari,
223 1442 396 1476 praetextu
429 1434 502 1466 zeli.
559 1435 634 1466 Non
668 1441 719 1466 est
752 1436 838 1466 enim
872 1433 963 1466 zelus
998 1435 1072 1466 Deo

93 1478 252 1519 placens,
287 1477 476 1510 tumultuari
511 1478 551 1509 (10
574 1479 673 1509 rebus
707 1488 773 1509 non
804 1478 886 1509 satis
921 1479 1074 1519 cognitis.

93 1520 159 1552 Ubi
193 1531 293 1552 verus
327 1527 378 1551 est
409 1520 514 1558 zelus,
548 1528 582 1551 ut
617 1522 648 1551 in
679 1519 762 1559 Elia,
797 1520 944 1558 Elisaeo,
978 1527 1010 1552 et
1042 1522 1074 1552 in

93 1563 167 1594 aliis
205 1565 351 1601 sanctis,
389 1564 433 1594 ibi
468 1564 563 1594 etiam
598 1569 758 1604 apparent
797 1564 893 1605 signa
933 1563 1074 1605 Spiritus

95 1607 212 1644 sancti,
245 1607 299 1647 qui
328 1617 392 1637 non
417 1605 517 1637 efficit
541 1607 775 1648 dissipationes
810 1607 979 1644 exitiosae,
1014 1607 1075 1637 sed

95 1649 206 1680 studet
229 1648 352 1680 salvari
375 1649 624 1680 consociationi.

180 1691 247 1721 Iam
270 1693 365 1722 venio
399 1692 440 1722 ad
474 1691 569 1722 locos
605 1692 783 1723 doctrinae.
838 1691 880 1723 Et
910 1693 986 1733 quia
1004 1692 1074 1733 pin—

97 1734 181 1774 gitur
204 1734 257 1763 hic
281 1733 433 1764 collectio
456 1733 639 1772 Ecclesiae,
665 1740 814 1776 repetant
841 1733 1074 1766 adolescentes

97 1776 316 1806 definitionem
340 1774 523 1807 Ecclesiae.

157 1939 265 1989 Quid
297 1939 495 1993 significat
526 1940 768 1979 vocabulum
802 1940 999 1979 Ecclesiae
1011 1941 1029 1981 ⁸?

155 2016 352 2055 Differtne
385 2016 437 2055 ab
469 2016 735 2070 appellatione
770 2016 1041 2070 Synagogae‘?

179 2115 391 2155 Respondeo.
436 2115 631 2157 Synagoga,
656 2116 743 2157 quod
766 2117 807 2146 ab
830 2114 1073 2157 Etymologiam

94 2158 188 2189 vocis
212 2161 337 2195 attinet,
371 2158 537 2198 significat
567 2162 845 2197 eonyreyate'onem
878 2159 910 2189 in
939 2168 1073 2199 genere,

94 2201 165 2231 sive
198 2199 319 2230 habeat
351 2201 497 2231 ordinem
531 2200 693 2242 aliquem,
732 2202 804 2232 sive
841 2211 906 2232 non
941 2202 1071 2232 habeat.

95 2243 161 2274 Sed
184 2241 336 2273 Ecclesia
361 2243 524 2280 significat
559 2245 741 2275 ordinatam
769 2244 1072 2285 congi·e⁰·ationem,

94 2290 146 2317 ein
169 2287 362 2317 ordentlielze
384 2289 601 2325 versamluny:
637 2293 687 2325 ut,
718 2287 856 2318 Athenis
892 2299 908 2325 η
931 2288 1071 2324 ἐκκλησία

95 2329 323 2358 nominabatur
359 2329 494 2365 concio,
533 2329 565 2359 in
600 2339 664 2370 qua
697 2336 849 2367 senatus,
884 2335 916 2360 et
950 2330 1072 2360 caeteri

95 2371 219 2410 gradus
264 2369 373 2410 populi
419 2371 581 2402 sedebant
624 2378 715 2403 certo
757 2373 899 2414 quodam
942 2373 1068 2403 ordine.

94 2411 198 2442 Erant
231 2413 382 2443 distincta
404 2411 496 2451 loca,
521 2419 554 2444 et
586 2415 700 2446 ordine
722 2415 915 2446 dicebantur
938 2420 1070 2446 senten-

95 2454 169 2485 tiae.
235 2455 362 2486 Nomen
386 2455 557 2487 Ecclesiae
576 2463 627 2488 est
649 2459 690 2489 ab
713 2460 855 2496 ἐκκαλεῖν,
887 2458 920 2488 111
943 2463 1004 2496 est,
1026 2458 1068 2489 ab

95 2498 277 2528 evocando.

180 2539 270 2570 Talis
293 2540 443 2572 ordinata
466 2543 682 2584 congregatio
707 2543 805 2574 debet
827 2553 916 2582 esse,
934 2544 1069 2574 ubicun-

95 2591 158 2623 que
177 2588 228 2613 est
246 2581 407 2614 Ecclesia.
462 2584 537 2615 Non
560 2585 658 2617 debet
682 2596 759 2617 esse
781 2592 903 2617 temere
927 2585 1070 2617 collecta

94 2623 277 2664 multitudo,
311 2624 401 2657 velut
434 2637 608 2668 porcorum
641 2629 673 2659 in
703 2639 801 2660 uuum
826 2639 960 2671 gregem
990 2638 1069 2660 con-

786 188 1005 221 POSTtLLA
1023 188 1422 222 MELANTHONIANA.

1094 2334 1098 2400 t

2072 194 2113 224 46

1132 284 1288 321 eumatio,
1313 285 1366 314 ubi
1391 285 1461 315 sine
1485 285 1672 316 discrimine
1704 284 1867 326 quaelibet
1903 285 1978 317 loca
2012 297 2111 318 occu-

1130 332 1249 367 pentur
1271 336 1291 357 a
1314 327 1503 368 quibusvis„
1539 334 1569 358 et
1603 329 1797 368 promiscuis
1832 328 2032 360 clamoribus
2056 331 2111 360 im-

1130 371 1308 409 peritorum
1326 371 1496 401 turbentur
1519 376 1549 401 et
1572 371 1790 410 impediantur
1808 370 1958 409 consilia,
1982 380 2011 403 ct
2038 384 2111 403 sen-

1131 412 1253 442 tcntiae
1272 413 1471 444 eruditorum
1492 419 1524 443 et
1543 414 1721 444 seniorum.
1753 414 1884 444 Debent
1899 426 1974 446 csse
1987 417 2111 457 gradus

1130 454 1329 492 docentium,
1352 455 1437 486 sicut
1460 462 1693 487 enumerantur
1716 467 1735 487 a
1760 456 1878 488 Paulo:
1912 460 2006 489 Dedi!
2030 460 2112 490 alios

1130 498 1305 537 Apostolos,
1330 499 1412 530 alios
1430 500 1622 540 prophetas,
1652 502 1732 531 alios
1756 499 1996 539 Evanyellstas,
2031 504 2112 532 alios

1129 541 1282 571 doctores.
1344 540 1384 571 Hi
1418 552 1480 572 suo
1513 539 1588 572 loco
1624 543 1743 572 dehent
1786 543 1896 573 dicere
1931 545 2111 575 sententias

1130 592 1220 613 suas.
1268 582 1389 614 Postea
1413 582 1476 614 alia
1499 585 1646 615 membra
1670 584 1844 616 Ecclesiae
1868 596 1929 616 suo
1953 585 2028 617 loco
2052 598 2108 617 au-

1972 629 2111 670 Propter

1129 667 1215 698 hanc
1247 678 1399 700 caussam
1422 669 1500 701 fecit
1528 669 1621 701 Deus
1657 671 1855 709 discrimina,
1891 681 1955 702 non
1985 678 2109 703 tantum

1130 711 1395 745 ministeriorum,
1420 713 1479 743 sed
1503 713 1599 743 etiam
1623 713 1795 744 donorum.

1129 929 1192 968 De
1241 941 1320 981 qua
1353 928 1528 968 Ecclesia
1569 929 1785 981 loquimur,
1833 930 1995 983 quando
2037 931 2108 970 de-

1250 1004 1410 1044 finimus
1441 1004 1660 1045 Ecclesiam
1699 1006 1738 1045 in
1770 1007 1845 1046 hac
1878 1007 1989 1048 vita?

1215 1102 1426 1143 RespondeO.
1472 1103 1653 1145 Loquimur
1675 1105 1716 1135 dc
1740 1103 1911 1143 Ecclesia,
1947 1112 2111 1147 tamquam

1130 1146 1171 1177 de
1194 1145 1314 1177 visibili
1339 1153 1451 1177 coetu:
1482 1147 1557 1177 Non
1580 1145 1743 1188 loquimur
1766 1149 1807 1178 de
1832 1148 1906 1179 ldea
1926 1147 2110 1180 Platonica.

1129 1189 1279 1220 Dicimus
1315 1199 1396 1230 ergo
1420 1188 1607 1220 Ecclesiam
1642 1200 1720 1220 esse
1756 1197 1881 1221 certum
1922 1202 2043 1232 corpus
2079 1194 2110 1223 in

1129 1241 1251 1272 genere
1274 1231 1428 1271 humano,
1452 1238 1484 1262 et
1507 1238 1638 1262 coetum
1664 1232 1837 1269 visibilem,
1867 1239 1899 1264 et
1923 1235 1976 1275 qui
2002 1242 2112 1274 potest

1129 1274 1287 1311 exaudiri,
1311 1275 1374 1305 den
1397 1284 1474 1305 man
1497 1274 1594 1305 seben
1618 1277 1686 1306 und
1705 1277 1805 1307 lmren
1824 1278 1897 1307 lam.

1214 1332 1295 1363 Vult
1318 1333 1411 1365 Deus
1445 1343 1577 1374 semper
1609 1334 1642 1365 in
1677 1345 1800 1375 genere
1833 1335 1976 1367 humano
2006 1339 2110 1369 audiri

1127 1375 1326 1413 Ecclesiam,
1361 1382 1393 1407 et
1426 1375 1571 1407 collocat
1604 1388 1676 1408 eam
1710 1379 1742 1408 in
1775 1377 1849 1409 loco
1874 1380 2043 1417 eminenti,
2077 1387 2113 1412 ut

1128 1417 1246 1459 procul
1270 1420 1418 1459 conspici
1442 1419 1561 1460 possit.
1618 1420 1665 1451 lta
1695 1420 1771 1452 olim
1796 1421 1981 1453 Ecclesiam
2007 1423 2111 1454 collo-

1129 1463 1216 1492 cavit
1250 1462 1333 1492 inter
1366 1461 1602 1493 florentissima
1639 1474 1762 1505 regna,
1812 1464 2045 1504 Chaldaicum,
2079 1473 2113 1497 et

1127 1504 1341 1546 Aegyptium,
1364 1511 1396 1535 et
1417 1504 1527 1536 adhuc
1540 1512 1649 1536 stante
1669 1505 1784 1547 politia
1804 1507 1959 1548 dispersit
1972 1508 2111 1540 ludaeos

1127 1548 1160 1578 in
1195 1553 1297 1578 totum
1332 1548 1446 1578 orbem
1479 1554 1652 1579 terrarum.
1714 1549 1861 1581 Abducti
1901 1557 1976 1581 sunt
2015 1554 2112 1583 etiam

1127 1589 1299 1621 israelitae
1332 1590 1365 1620 in
1388 1590 1472 1621 alias
1492 1596 1626 1632 gentes,
1656 1598 1690 1622 ut
1726 1603 1791 1623 vox
1816 1599 1848 1623 et
1876 1594 2025 1625 doctrina
2048 1595 2111 1626 Ec-

1128 1631 1252 1664 clesiae
1285 1633 1406 1674 ubique
1437 1634 1584 1664 exaudiri
1617 1642 1744 1675 posset.
1811 1635 1845 1666 ld
1882 1636 1990 1667 adhuc
2032 1636 2112 1669 facit

1127 1675 1240 1714 Deus,
1278 1675 1354 1716 quia
1383 1674 1453 1707 vult
1475 1686 1552 1707 esse
1579 1683 1690 1709 notam
1719 1678 1901 1709 doctrinam
1926 1679 2110 1712 Ecclesiae.

1213 1734 1288 1776 Ego
1307 1745 1348 1765 ex
1382 1734 1447 1766 fide
1473 1736 1581 1777 dignis
1605 1737 1726 1774 audivi,
1761 1738 1848 1778 quod
1884 1739 1924 1769 de
1960 1740 2111 1771 doctrina

1127 1783 1319 1809 nostrarum
1352 1776 1579 1809 Ecclesiarum
1614 1779 1700 1810 fama
1734 1787 1915 1821 pervagata
1943 1783 1985 1812 sit
2009 1783 2040 1813 in
2065 1784 2110 1814 in-

1127 1821 1283 1851 teriorem
1306 1819 1439 1858 Asiam,
1473 1826 1505 1851 et
1534 1822 1622 1861 quod
1656 1820 1757 1853 multa
1786 1825 1911 1863 scripta
1939 1832 2052 1855 nostra
2077 1827 2110 1856 in

1127 1861 1275 1903 linguam
1299 1860 1429 1893 illarum
1463 1864 1610 1904 gentium
1645 1874 1812 1896 conversa
1836 1867 1912 1904 sint,
1945 1878 2031 1909 quae
2053 1867 2110 1899 ha·

1126 1906 1231 1936 bitant
1249 1905 1281 1935 in
1305 1905 1474 1942 Armenia,
1498 1913 1530 1936 et
1549 1905 1631 1937 locis
1652 1908 1780 1938 viciniS.

1212 1946 1311 1981 Quod
1344 1952 1451 1978 autem
1476 1948 1659 1980 doctrinam
1687 1949 1799 1991 populi
1824 1951 1885 1981 Dei
1906 1962 1971 1982 11011
1997 1952 2109 1984 volue-

1125 1995 1201 2020 runt
1224 1988 1301 2020 olim
1325 1990 1438 2021 audire
1461 1990 1554 2022 multi
1577 1991 1725 2031 Ethnici,
1759 2004 1844 2042 quae
1868 1997 2011 2026 sonabat
2034 1996 2108 2027 Hie-

1126 2030 1325 2073 rosolymis,
1364 2031 1429 2063 boc
1464 2033 1609 2074 ipsorum
1635 2034 1733 2077 culpa
1755 2036 1814 2067 tuit
1836 2036 1976 2068 factum:
2000 2049 2107 2080 que'n—

1126 2075 1301 2106 admodum
1325 2085 1413 2106 nunc
1436 2077 1534 2107 etiam
1558 2077 1601 2108 fit.

1210 2116 1272 2149 Est
1294 2123 1401 2148 tamen
1427 2124 1458 2149 et
1481 2119 1546 2150 1100
1570 2130 1700 2159 verum,
1731 2123 1820 2162 quod
1844 2122 1998 2154 Ecclesia
2022 2122 2105 2154 alias

1124 2160 1242 2200 magis,
1265 2159 1349 2192 alias
1368 2161 1474 2192 minus
1497 2161 1655 2204 frequens
1679 2164 1733 2201 sit,
1762 2163 1844 2195 alias
1869 2167 1987 2207 magiS,
2023 2166 2107 2197 alias

1125 2203 1230 2234 minus
1254 2203 1449 2244 conspicua,
1483 2203 1566 2236 alias
1590 2205 1783 2247 squalijior,
1818 2207 1900 2238 alias
1923 2207 2108 2248 pulchrior:

1124 2245 1209 2276 sicut
1244 2245 1356 2284 Luna,
1390 2257 1475 2288 quae
1509 2255 1560 2279 est
1594 2250 1703 2290 imago
1738 2249 1791 2280 vel
1825 2250 2016 2281 similitudo.
2052 2251 2107 2283 vel

1124 2293 1222 2329 typus
1246 2287 1430 2327 Ecclesiae,
1452 2289 1553 2322 habet
1572 2294 1663 2322 vices
1687 2303 1779 2330 suas,
1804 2294 1863 2323 iam
1885 2296 2017 2331 crescit,
2042 2295 2106 2325 iam

1123 2331 1306 2367 decrescit3
1336 2337 1369 2363 et
1391 2334 1480 2374 quod
1504 2334 1653 2365 mirabile
1676 2341 1744 2372 est,
1774 2337 1905 2377 quando
1934 2337 2030 2367 nobis
2055 2342 2106 2368 est

1122 2374 1339 2413 abscondita,
1379 2381 1447 2406 tum
1477 2382 1529 2407 est
1563 2376 1662 2418 pleno
1692 2376 1815 2409 lumine
1857 2390 2021 2410 conversa
2062 2381 2105 2411 ad

1121 2415 1257 2455 Solem}

1210 2458 1271 2490 Sol
1311 2465 1363 2491 est
1402 2466 1501 2502 typus
1537 2460 1672 2493 Christi.
1730 2462 1822 2494 Sicut
1855 2463 1950 2495 Luna
1983 2466 2105 2506 accipit

1121 2500 1233 2533 lumen
1251 2512 1271 2533 a
1294 2501 1385 2534 Sole:
1417 2505 1461 2534 ita
1482 2503 1635 2536 Ecclesia
1659 2504 1859 2537 illuminatur
1882 2517 1901 2537 a
1925 2506 2007 2538 Filio
2031 2507 2103 2539 Dei.

1121 2543 1164 2575 Et
1186 2545 1270 2576 sicut
1281 2545 1376 2576 Luna
1400 2548 1545 2578 cernitur
1567 2548 1630 2578 iam
1654 2550 1774 2590 exigua
1796 2556 1902 2590 parte,
1925 2550 1987 2580 iam
2012 2551 2104 2581 dimi-

1122 2587 1211 2619 diato
1230 2589 1330 2626 orbe,
1363 2599 1404 2620 ac
1438 2590 1569 2621 tandem
1603 2590 1702 2631 pleno
1730 2589 1852 2622 lumine
1874 2591 1992 2634 fulget:
2027 2603 2104 2624 mox

1121 2635 1231 2662 tamen
1254 2640 1370 2663 rursus
1404 2631 1579 2672 decrescit,
1614 2644 1653 2665 ac
1686 2634 1818 2665 tandem
1841 2634 1914 2667 Soli
1940 2636 2103 2677 proxima,
