2343 2970
223 136 281 168 331

223 232 351 269 sanxit,
387 238 419 262 ut
450 238 633 272 sequantur
669 231 760 268 tetri,
795 237 826 260 et
864 227 1037 260 horribiles
1072 227 1206 260 dolores

223 272 411 305 malefacta.
458 273 518 304 llic
543 274 625 304 ordo
649 279 802 310 testatur,
832 272 919 313 quod
944 271 1038 303 Deus
1062 272 1104 303 sit
1128 272 1207 303 iudi-

224 324 369 349 caturus.
432 317 498 348 Sed
534 317 574 347 ad
606 322 743 347 naturae
778 325 912 346 sensum
946 315 1076 346 accedit
1109 315 1206 346 etiam

223 361 377 392 iudicium
398 361 541 392 divinum
567 360 596 390 in
621 358 698 396 illis,
723 359 777 399 qui
802 363 1048 389 convertuntur.

309 403 484 435 Secundus
510 409 625 444 gestus
660 408 727 432 est:
769 400 915 432 Per-mast
942 405 1064 441 ρει-(ηε.
1110 400 1207 433 Plan-

222 443 304 490 gere
327 453 456 488 pectus,
485 445 538 477 vel
562 451 739 485 percutere
773 452 905 484 pectus,
939 451 989 475 est
1021 445 1118 476 etiam
1143 446 1207 475 usi-

221 496 323 522 tatum
347 491 379 520 in
403 490 532 531 magnis
557 487 740 520 doloribus
777 487 953 522 Quisentit
970 487 1034 519 hos
1059 487 1207 526 dolores,

222 545 263 565 cu
291 540 357 564 eret
382 533 561 573 reprimere
583 530 672 562 illam
691 541 843 572 magnam
864 529 1123 571 palpitationem,
1147 541 1207 563 seu

222 587 264 617 pu
282 577 442 607 sationem
478 575 606 612 cordis,
641 584 727 615 quae
762 581 810 605 est
847 576 879 605 in
904 573 1087 606 doloribus.
1144 574 1205 610 Qui

221 626 296 650 sunt
321 619 460 660 experti,
480 619 534 649 isti
553 625 670 649 norunt
692 616 758 648 hoc
782 628 858 648 esst·
877 628 1001 649 verum.
1039 617 1085 648 lta
1109 619 1206 660 igitur

222 663 307 694 iacet
333 661 543 703 publicatum,
564 659 752 692 humiliatus
778 671 889 692 coram
914 659 1000 699 Deo,
1020 670 1084 691 non
1108 662 1204 692 audet

221 704 374 737 attollere
410 703 543 739 oculos,
579 710 609 734 ct
641 714 700 735 cor
732 705 831 735 sentit
866 703 1132 746 palpitationem,
1166 714 1206 736 ac

220 755 407 786 tremorem,
431 754 568 789 propter
591 745 739 778 dolorem
763 747 873 778 animi.

307 793 338 823 ln
358 791 411 822 his
430 801 509 822 xero
533 791 662 832 magnis
686 791 840 828 motibus,
868 801 932 832 qua
956 800 992 821 re
1014 800 1052 821 se
1075 797 1204 822 susten-

220 836 287 866 tat?
311 833 394 865 alias
418 834 676 876 extingueretur,
699 835 832 874 periret,
856 832 911 865 vel
934 838 1045 865 rueret
1069 843 1108 864 ex
1133 834 1206 865 istis

220 878 422 910 cruciatibus
446 879 478 908 in
502 878 654 908 maiores.
702 876 913 918 Respondeo.
959 879 992 908 In
1021 876 1088 908 illis
1112 877 1206 908 moti-

219 923 282 953 bus
307 931 345 952 se
367 926 529 952 sustentat
563 921 702 961 primum
728 930 767 951 eo
793 921 878 961 ipso,
912 920 1001 961 quod
1024 920 1126 951 habet
1151 919 1206 951 ali-

219 975 316 1006 quam
351 962 564 996 scintillulam
599 964 841 1004 promissionis.
905 964 1041 995 Audivit
1074 964 1106 994 in
1141 964 1206 994 isto

219 1006 355 1049 populo,
378 1008 464 1042 Quod
490 1007 528 1037 sit
555 1007 706 1037 remissio
729 1014 956 1048 peccatorum.
1007 1006 1080 1037 Fuit
1103 1005 1206 1047 publi-

219 1061 335 1089 canuS,
361 1053 433 1082 sive
445 1049 616 1088 Ethnicus,
640 1051 712 1081 sive
736 1050 877 1081 Iudaeus
896 1049 1002 1081 fuerit.
1039 1049 1101 1085 Qui
1121 1049 1205 1081 tales

219 1101 324 1131 erant,
348 1093 537 1135 expilabant
559 1092 722 1131 homines,
750 1099 781 1123 et
804 1094 890 1124 aucti
926 1093 1065 1131 divitiis,
1100 1093 1205 1124 indul-

219 1138 341 1179 gebant
366 1136 477 1168 multis
502 1136 575 1167 aliis
599 1138 756 1177 peccatis
815 1136 1033 1174 Pharisaeus,
1067 1137 1119 1168 cui
1148 1135 1206 1168 ille

859 135 969 167 Ptin„
995 135 1098 167 MEL.
1124 135 1312 167 scRn’TA
1338 135 1600 167 EXEGETICA.

2177 139 2239 171 :332

1260 230 1355 261 debet
1382 236 1529 262 statuere
1552 240 1614 261 nos
1638 231 1739 272 recipi
1763 239 1897 272 propter
1919 230 2034 264 Filium
2058 232 2133 271 Dei,
2163 243 2240 265 esse

1260 273 1387 310 iustos,
1421 273 1542 304 donata
1575 284 1635 305 seu
1669 274 1827 315 imputata
1862 275 1958 306 nobis
1981 275 2085 316 ipsius
2108 276 2239 308 iustitia.

1261 316 1294 346 ln
1319 316 1383 347 hac
1406 316 1470 347 fide
1494 317 1653 348 debemus
1676 317 1834 349 invocare
1852 324 1884 349 et
1907 319 2034 350 servire
2063 317 2148 350 Deo.
2195 321 2239 351 ita

1260 359 1357 391 simul
1377 360 1549 391 inchoatur
1572 371 1659 391 nova
1683 361 1877 394 obedientia,
1935 361 1996 392 Hic
2019 361 2149 393 dicitur:
2176 362 2240 394 De-

1259 404 1385 434 scendit
1414 404 1607 445 inslisicums
1639 413 1723 443 prae
1756 404 1880 435 altero.-
1913 404 1943 435 id
1968 410 2035 443 est,
2071 403 2124 436 ille
2157 404 2241 436 alter

1259 456 1325 478 non
1354 445 1412 478 suit
1443 447 1654 478 iustificatos:
1690 447 1744 478 hic
1772 457 1851 478 vero
1885 448 1948 479 iam
1982 455 2030 479 est
2066 455 2241 490 receptum

1258 496 1376 530 postea
1411 490 1598 521 emandavit
1631 490 1751 528 vitani,
1790 497 1904 522 secuta
1939 497 1989 523 est
2018 492 2050 522 in
2085 502 2126 523 eo
2155 502 2241 523 nova

1258 533 1454 565 obedientia.

1346 576 1418 607 Hoc
1450 584 1499 607 est
1535 587 1616 618 ergo
1648 575 1835 617 exemplum
1870 577 2112 615 conversionis,
2143 586 2173 609 et
2198 579 2241 609 iu-

1259 621 1366 651 stitiae
1390 619 1473 654 fidei,
1499 620 1530 651 in
1555 620 1606 651 bis
1632 620 1756 651 verbis:
1787 619 1889 658 Deus,
1911 621 1958 651 sis
1979 622 2144 662 propitius
2166 621 2244 652 mihi

1256 664 1441 703 peccatori:
1465 663 1601 694 Fatetur
1624 673 1661 694 se
1685 673 1763 694 esse
1786 670 2010 703 peccatorem,
2035 671 2066 695 ct
2089 665 2242 706 agnos-cit

1259 707 1339 737 iram
1376 705 1456 743 Dei„
1493 713 1523 737 et
1558 707 1666 737 tribuit
1700 712 1807 737 tamen
1844 706 1982 748 gloriam
2018 706 2111 746 Deo,
2153 707 2240 749 quod

1260 749 1363 791 gratis
1387 756 1524 791 propter
1546 749 1705 780 Messinm
1733 750 1869 790 recipiat
1893 750 2017 792 ipsum:
2051 750 2124 782 Das
2143 752 2241 782 lasset

1258 802 1319 824 uns
1348 802 1411 823 mm
1441 792 1521 824 tuteli
1553 797 1603 824 ins
1626 792 1728 823 wei-cli·
1761 794 1904 833 brinyen.
1963 792 2144 825 Discamus
2179 803 2241 825 nos

1259 845 1392 877 quoque
1415 846 1514 878 agere
1537 835 1789 877 poenitentiam,
1825 842 1857 867 et
1887 835 2057 868 consolari
2086 847 2149 868 nos
2178 837 2241 868 hac

1259 880 1429 917 doctrina,
1457 889 1542 921 quae
1564 880 1759 920 proponitur
1790 880 1819 910 in
1843 877 2038 921 Evangelio.
2089 879 2243 912 Sciamus

1258 920 1460 954 voluntatem
1484 922 1547 954 Dei
1572 933 1660 960 esse,
1684 929 1719 953 ut
1742 929 1988 960 convertamur,
2012 923 2097 954 sicut
2110 923 2242 955 dicitur:

1232 957 1233 995 i
1259 966 1420 996 Gaudium
1455 971 1502 997 est
1530 969 1562 998 in
1586 967 1673 997 coelo
1701 975 1802 1006 ,super
1829 975 1892 997 uno
1926 970 2100 1006 peccatore
2131 970 2243 1007 ayonte

1231 1022 1233 1047 4
1257 1010 1494 1049 poenitentiam.
1540 1009 1691 1050 Agamus
1722 1009 1820 1050 igitur
1846 1009 2095 1049 poenitentiam,
2131 1018 2163 1041 et
2187 1019 2242 1040 su-

1232 1049 1440 1099 {stentemus
1475 1062 1537 1083 nos
1575 1052 1744 1094 agnitione
1788 1050 1858 1083 Filii
1891 1050 1979 1089 Dei3
2031 1053 2243 1084 emendemus

1232 1101 1234 1117 *
1258 1105 1380 1133 moreS,
1403 1095 1598 1126 inchoemus
1626 1105 1745 1126 novam
1770 1095 2005 1133 obedientiam,
2035 1101 2069 1126 et
2097 1105 2243 1133 oremus,

1258 1146 1291 1169 ut
1321 1138 1410 1170 neus
1429 1139 1553 1180 mitiget
1579 1139 1675 1169 nobis
1699 1148 1837 1178 poenas.

219 1186 316 1211 notus
339 1178 416 1217 suit,
451 1179 541 1211 clare
565 1180 605 1211 (lc
628 1189 668 1211 eo
693 1180 785 1211 dicit:
821 1179 895 1221 Ego
926 1190 991 1210 non
1023 1190 1094 1211 sum
1119 1181 1205 1211 sicut
1232 1180 1233 1189 ¹

220 1222 276 1254 ille
300 1223 518 1254 Publicanos:
555 1223 625 1264 Ego
650 1234 722 1254 s=un
746 1221 900 1254 columna
927 1222 1119 1261 Ecclesiae,
1154 1224 1205 1254 vir

221 1273 370 1304 sanctus,
394 1265 447 1296 illc
470 1273 515 1292 mi
538 1267 666 1297 :hirnia
686 1267 803 1304 bestia,
827 1277 893 1298 non
913 1273 963 1297 est
982 1265 1057 1297 mihi
1079 1265 1203 1298 similis.

307 1311 370 1341 Sed
406 1310 527 1350 audivit
564 1308 765 1341 l’ublieanus
801 1310 831 1340 in
868 1309 931 1340 hoc
952 1309 1093 1350 populo,
1128 1320 1205 1340 esse

223 1353 450 1384 remissionem
477 1359 703 1394 peccatorum:
738 1354 811 1394 qnia
847 1363 978 1394 seinper
1012 1352 1070 1384 suit
1093 1352 1232 1394 aliqua·

221 1397 423 1437 praedicatio
476 1396 682 1427 temissionis
726 1402 947 1437 peccatorum.
1023 1396 1204 1427 Zacharias

220 1440 306 1470 haud
328 1440 425 1470 dubie
449 1446 540 1470 recte
565 1439 672 1470 (loc-itit
699 1440 739 1470 de
763 1439 957 1470 remissione
980 1446 1203 1480 peccatorum.

221 1485 298 1514 Item
322 1482 484 1514 lohannes
515 1488 611 1513 unica
636 1489 726 1513 recte
757 1483 915 1514 docuerat
939 1483 980 1513 de
1010 1483 1205 1513 remissione

222 1532 449 1567 peccatorum:
485 1524 574 1566 Ergo
599 1524 722 1567 aliquid
750 1526 846 1556 scivit
871 1526 911 1555 de
935 1525 1073 1563 Massia,
1109 1531 1139 1556 et
1164 1526 1205 1556 de

222 1569 417 1600 remissione
440 1576 666 1609 peccatorum,
690 1575 721 1599 et
739 1579 779 1600 ex
798 1567 852 1599 illa
874 1567 1015 1599 scintilla
1035 1569 1205 1599 doctrinae

221 1619 294 1643 orta
320 1620 369 1642 est
396 1610 573 1642 scintillula
599 1611 690 1645 fidei,
727 1622 790 1653 qua
824 1622 862 1642 se
885 1613 1094 1643 sustantavit.
1143 1611 1204 1642 Ubi

221 1661 330 1686 autem
354 1662 402 1686 est
435 1653 612 1685 scintillula
638 1654 730 1693 fidei,
766 1655 807 1685 ibi
833 1654 976 1695 Spiritus
1000 1661 1135 1686 sanctus
1159 1656 1205 1685 in-

221 1697 374 1738 terpellat
399 1699 575 1738 gemitibus
600 1697 882 1729 inenarrabilibus⁴

309 1730 521 1776 Concurruffi
544 1741 641 1781 igitur
664 1739 721 1772 illa
740 1741 822 1771 duo:
847 1747 921 1771 sunt
943 1739 1039 1772 simul
1064 1750 1202 1782 mugnus

223 1783 330 1821 dolor,
356 1791 385 1815 et
407 1782 585 1816 scintillula
606 1784 694 1822 fidei,
717 1785 789 1825 ipse
809 1785 940 1822 excitat,
965 1795 1030 1815 nou
1045 1790 1205 1825 repugnat

223 1828 260 1858 ei.
297 1826 501 1869 Quamquam
526 1827 609 1858 fides
634 1833 688 1858 tua
712 1833 762 1858 est
786 1827 925 1865 infirma,
950 1828 1051 1859 debes
1076 1826 1206 1866 luctari,
1230 1836 1231 1851 1

223 1876 257 1901 nt
281 1872 425 1902 retineas
450 1871 698 1909 assensionem,
733 1877 763 1901 et
799 1871 931 1902 tandem
966 1870 1049 1902 fides
1085 1872 1232 1901 vincat.v

222 1914 297 1945 Non
322 1915 424 1944 debes
449 1924 649 1955 repugnare:
686 1913 742 1945 ille
766 1924 830 1944 non
856 1921 1035 1956 repugnat,
1072 1914 1130 1945 sed
1161 1915 1206 1944 in-

224 1957 301 1998 cipit
334 1958 478 1998 precari:
514 1957 605 1988 Deae
638 1962 704 1988 esto
725 1958 889 1998 proln'lt'ns
924 1958 1001 1988 mihi
1030 1958 1207 1998 peccatori.

223 2000 315 2032 Haec
337 2006 389 2031 est
412 2011 477 2031 vox
507 2000 601 2038 fidei,
640 2001 699 2031 sed
734 1999 832 2031 simul
862 2000 1090 2042 complectitur
1121 2000 1207 2031 Con—

223 2044 388 2074 tritionem
412 2049 443 2074 et
467 2042 740 2081 Confessionem,
776 2044 816 2075 de
850 2055 914 2085 qua
939 2043 1028 2075 Psal.
1053 2045 1104 2074 3⁶2.
1130 2044 1206 2075 dici-

223 2093 292 2118 tur:
324 2086 422 2121 visi,
457 2087 628 2128 confitebor
664 2097 773 2118 corum
797 2087 936 2119 Domino
967 2088 1139 2118 adversum
1161 2098 1208 2118 me

222 2130 421 2170 miqw'lutem
442 2140 552 2161 meam.
616 2129 792 2162 Confessio
826 2131 966 2172 pertinet
1001 2131 1041 2161 ad
1077 2130 1207 2161 Contri-

225 2174 358 2210 tionem,
381 2171 504 2203 scilicet
543 2183 629 2214 quae
654 2173 687 2203 tit
716 2184 828 2204 coram
848 2173 935 2212 Deo,
971 2185 1037 2205 non
1062 2184 1147 2216 quae
1171 2174 1205 2204 fit
1230 2190 1233 2194 ·

223 2216 356 2247 homini.
392 2216 532 2257 Oportet.
550 2226 610 2246 nos
629 2218 761 2247 omuino
780 2218 886 2254 lateri,
913 2218 1000 2259 quod
1021 2219 1067 2249 rei
1092 2218 1206 2248 simus,

224 2260 282 2291 Est
307 2266 417 2291 autem
431 2259 589 2290 Contritio
609 2260 679 2290 sine
699 2260 775 2297 tide,
801 2266 925 2291 tantum
944 2260 1077 2292 sei-Vilis
1096 2261 1207 2291 timor:

225 2304 282 2334 sed
308 2304 363 2334 ubi
386 2308 463 2334 sunt
486 2303 575 2334 initia
599 2302 686 2341 fidei,
710 2304 752 2334 ibi
776 2304 873 2334 timor
897 2303 1028 2335 servilis
1053 2303 1086 2335 fit
1112 2305 1208 2335 timor

226 2345 350 2377 filialis:
385 2347 417 2378 id
437 2353 498 2381 est,
533 2352 612 2377 tune
635 2345 796 2377 Contritio
820 2353 871 2378 est.
894 2346 980 2382 talis,
1003 2354 1038 2378 ut
1062 2358 1128 2378 non
1152 2348 1207 2378 ab·

226 2391 401 2421 sorbeatur
423 2389 535 2428 homo,
554 2399 619 2420 non
643 2389 861 2431 extinguatur.

312 2433 468 2464 Monachi
492 2432 655 2464 linxerunt
679 2431 915 2464 Contritionem
947 2441 1103 2474 oportere
1131 2443 1208 2465 esse

226 2475 463 2507 sufficientem:
488 2476 576 2518 atqui
595 2476 623 2507 si
648 2482 815 2508 cresceret
844 2476 1017 2514 Contritio,
1040 2477 1209 2519 extingue-

227 2525 317 2550 retur
338 2519 449 2550 homo.
496 2520 633 2560 Oportet
665 2520 827 2551 accedere
857 2519 970 2557 fidem,
1005 2531 1088 2561 quae
1113 2520 1209 2562 erigit.

217 2561 391 2594 hominem
415 2564 446 2593 in
470 2561 642 2594 doloribus
660 2568 693 2593 et
711 2562 902 2604 pavonbm.
938 2562 1030 2594 Haec
1050 2564 1208 2595 debemus

228 2607 358 2637 discere
379 2606 413 2637 in
435 2606 649 2647 experientia,
673 2612 707 2637 ets
727 2606 951 2644 invocatione,
981 2606 1012 2638 in
1037 2617 1102 2648 qua
1124 2606 1208 2638 tides

1259 1306 1367 1354 Quid
1400 1305 1524 1345 habet
1559 1305 1812 1355 publicanus,
1845 1305 1954 1359 quod
1987 1320 2066 1345 non
2101 1304 2245 1346 habuit

1615 1382 1853 1423 Pharisaeus
1870 1382 1887 1422 ¹?

1345 1482 1582 1514 poenitentiam
1620 1482 1672 1514 vel
1696 1483 1955 1522 Contritionem,
1992 1489 2025 1514 et
2062 1482 2177 1521 fidem,
2210 1488 2243 1515 et

1257 1534 1376 1556 novam
1405 1525 1637 1556 obedientiam.
1695 1525 1898 1557 Pharisaeus
1935 1532 1986 1557 est
2012 1525 2122 1558 factus
2152 1526 2244 1558 inso-

1231 1601 1232 1604 ,
1257 1567 1387 1605 lentior,
1417 1569 1483 1599 um!
1512 1570 1594 1599 wis-cl
1617 1571 1698 1601 anch
1732 1569 1908 1600 ssheuslcch
1932 1569 2137 1609 smyelaull'en
2158 1569 2243 1606 seim

1259 1612 1335 1653 quia
1353 1611 1587 1643 universaliter
1623 1612 1811 1653 superbiam
1843 1612 2017 1643 comitatur
2046 1613 2154 1643 ruina:
2185 1613 2246 1649 Qua·

1258 1665 1294 1686 se
1316 1657 1450 1692 exaltat,
1474 1656 1704 1687 humiliabitur.
1755 1654 1795 1685 Et
1827 1653 1984 1685 Salomon
2008 1654 2129 1696 inquit:
2162 1655 2244 1686 Ante

1254 1701 1390 1737 ,aloe-iam
1424 1700 1604 1729 humilitas.-
1644 1703 1677 1730 et
1707 1703 1782 1729 ante
1815 1701 2048 1738 confusionem,
2081 1698 2243 1738 superbia.

1260 1741 1424 1772 Antonius
1453 1751 1543 1772 mass
1564 1751 1662 1772 ztwor
1689 1744 1781 1773 stollz
1811 1743 1879 1772 und
1901 1741 2080 1779 leochmult'y
2103 1741 2243 1782 werden,

1230 1816 1231 1819 ,
1258 1786 1402 1816 damac-lt
1423 1785 1506 1816 wire!
1535 1794 1572 1815 er
1597 1788 1747 1825 qeslrast.
1804 1785 1892 1816 Idem
1922 1784 2042 1815 accidit
2073 1783 2242 1824 Pompeio.

1258 1827 1332 1869 Ego
1356 1826 1481 1858 nullum
1504 1826 1582 1869 lego
1620 1828 1653 1858 in
1676 1826 1843 1865 historiis,
1871 1829 1958 1859 deun
1991 1837 2028 1859 es
2053 1828 2134 1858 alles
2150 1835 2189 1858 so
2209 1829 2244 1858 in

1259 1872 1310 1902 {lie
1329 1872 1431 1902 hande
1452 1875 1564 1912 sleust:
1589 1871 1683 1902 cuius
1708 1880 1762 1902 res
1785 1872 1829 1902 ita
1859 1870 2026 1902 fluxerunt
2049 1879 2090 1901 ex
2113 1874 2243 1901 senten-

1259 1915 1314 1952 tia,
1336 1920 1370 1945 ut
1395 1913 1566 1955 Pompeio.
1611 1913 1792 1946 Alexandri
1823 1923 1878 1945 res
1907 1912 2039 1944 fuerunt
2064 1913 2242 1944 admodum

1259 1956 1471 1994 lano-susae,
1508 1956 1576 1988 Iulii
1606 1959 1711 2000 magis
1745 1956 1953 1994 laboriosae,
1988 1956 2153 1998 Scipionis
2186 1964 2241 1987 res

1260 2003 1341 2031 satis
1367 2007 1494 2031 luerunt
1520 1999 1726 2037 fortunatae,
1764 2007 1870 2031 tamen
1901 1998 2036 2031 multum
2067 2000 2163 2030 etiam
2186 1997 2241 2029 ha-

1261 2044 1327 2075 buit
1367 2042 1601 2075 molestiarum.
1664 2043 1732 2075 Sed
1768 2043 1926 2084 Pompeio
1962 2041 2095 2074 fortuna
2130 2041 2241 2073 obiicit

1260 2087 1383 2125 omnia,
1407 2087 1479 2117 sine
1502 2097 1621 2128 magno
1641 2087 1832 2118 certamine.
1856 2096 1963 2128 usque
1986 2086 2026 2117 ad
2047 2092 2238 2117 extremum.

1261 2130 1351 2161 Aber
1367 2131 1510 2161 daruber
1533 2133 1577 2162 ist
1596 2140 1633 2161 er
1651 2133 1730 2162 slolz
1762 2131 1902 2162 ‹enm-den.
1953 2129 2094 2164 Quando
2129 2129 2242 2169 Augu-

1260 2180 1332 2205 stus
1356 2173 1442 2204 misit
1466 2173 1698 2205 Germanicum
1730 2174 1762 2204 in
1786 2172 1929 2215 Syriam,
1964 2173 2091 2213 optavit
2119 2171 2147 2202 ei
2180 2172 2242 2202 vir-

1259 2224 1361 2248 tutem
1381 2215 1577 2254 Alexandri,
1611 2216 1755 2257 Pompeii
1788 2215 2062 2253 benevolentiam,
2093 2221 2124 2246 et
2148 2224 2241 2245 suam

1260 2260 1434 2302 (Augusti)
1463 2258 1639 2291 fortunam.
1693 2260 1760 2291 Seu
1793 2260 1936 2300 Pompeii
1972 2256 2105 2289 fortuna
2139 2258 2242 2288 iuaior

1260 2302 1331 2341 fuit,
1355 2303 1415 2333 nisi
1445 2303 1532 2344 quod
1563 2304 1672 2334 exitus
1704 2303 1844 2344 Augusti
1873 2301 1932 2333 suit
1956 2299 2128 2343 placidior.
2174 2300 2242 2331 Au—

1261 2353 1380 2389 gustus
1408 2353 1457 2377 est
1487 2344 1617 2387 placide
1648 2353 1810 2377 mortuus:
1864 2345 1907 2376 Is!
1937 2346 1988 2375 ein
2019 2348 2115 2384 θυῖον
2137 2344 2241 2374 ,Manu

1257 2399 1407 2432 yezresmz.
1442 2388 1683 2422 Universnliter,
1708 2389 1846 2420 benefici
1882 2389 2033 2420 homines
2069 2395 2142 2418 sunt
2175 2384 2241 2417 seii-

1262 2435 1389 2470 ciores;
1424 2432 1534 2473 asperi
1564 2439 1641 2464 sunt
1672 2431 1889 2464 infeliciores:
1924 2438 1959 2462 ut
1982 2431 2113 2462 dicitur:
2149 2432 2244 2461 Beati

1260 2479 1361 2516 miles,
1383 2478 1533 2516 quoniam
1553 2476 1766 2516 possidebunt
1785 2480 1913 2507 terram.
1948 2474 1983 2505 in
2008 2474 2130 2515 optimo
2152 2472 2241 2503 Priu-

1261 2521 1345 2560 cipe,
1369 2520 1452 2550 duce
1476 2518 1608 2557 loanne,
1639 2524 1735 2560 patre
1756 2517 1919 2559 Principis
1943 2517 2075 2558 captivi,
2111 2514 2168 2547 suit
2195 2515 2241 2546 in-

1260 2563 1366 2604 signis
1390 2561 1609 2593 beneficentia
1633 2568 1666 2593 et
1691 2561 1841 2598 bonitas,
1877 2567 1909 2592 et
1933 2558 1991 2591 fuit
2020 2569 2139 2591 cursus
2171 2559 2241 2589 eius

1261 2605 1351 2643 felix,
1374 2611 1405 2637 et
1427 2605 1533 2636 exitus
1556 2603 1765 2646 tranquillus.

2337 216 2343 241 -.
2333 163 2343 202 ΑΛ
2335 101 2343 151 ...A
2336 54 2343 76 4
