2374 2985
102 219 141 250 (il
783 213 997 244 Pos'rlLLA
1024 209 1419 244 MELANTHONIANA.
2058 209 2100 240 62

101 313 171 352 pria
195 311 343 342 doctrina
365 308 558 349 Evangelii,
591 307 737 339 revelata
759 307 791 337 in
814 305 977 345 Ecclesia,
1000 307 1074 337 inde
1099 310 1103 353 ξ
1128 305 1260 341 tentiae,
1282 302 1336 334 vel
1359 303 1489 340 mentis,
1523 302 1576 333 vel
1599 302 1862 333 retractationem
1886 302 2006 342 prioris
2029 312 2104 342 pro-

102 365 205 395 usqne
227 355 268 383 ab
292 354 390 383 initio.
449 352 588 392 Semper
621 352 705 381 enim
728 350 850 380 missus
875 355 926 380 est
948 350 989 380 ad
1012 349 1074 379 Ec·
1100 356 1104 390 1
1128 348 1241 388 positi:
1276 352 1329 384 ut,
1365 346 1394 376 si
1425 346 1498 386 quis
1522 346 1613 385 prius
1636 343 1737 375 voluit
1760 343 1896 375 alicuius
1921 345 2104 385 pecuniam,

102 396 236 427 clesiam
260 395 361 426 Filius
384 394 458 432 Dei,
481 401 515 424 ut
537 399 698 424 vocentur
720 392 869 423 homines
899 393 941 422 ad
965 393 1075 432 poeni-
1101 391 1104 408 ¹
1128 400 1215 420 nunc
1227 399 1292 420 non
1313 387 1392 420 vult.
1426 387 1463 419 ld
1481 388 1666 419 nominatnr
1687 391 1846 425 μετανοεῖν,
1871 388 1903 417 id
1923 393 1980 426 est,
2003 393 2103 418 retra-

101 440 247 474 tentiam,
270 444 301 468 et
325 438 466 468 habeant
490 435 761 467 consolationem.
1101 411 1104 455 Ι
1129 439 1220 463 ctare
1243 432 1448 462 sententiam.

187 481 278 511 Ilaec
312 491 377 510 non
412 486 463 509 est
498 480 659 519 sapientia
692 477 846 514 rationis,
881 481 935 507 aut
971 468 1106 532 legin}
1215 475 1281 504 Sed
1316 475 1460 504 sciamus
1495 473 1537 503 ita
1571 478 1739 512 receptum
1775 481 1851 501 esse
1886 472 1916 501 in
1940 470 2104 508 Ecclesia,

103 534 198 565 quae,
222 523 282 554 etsi
305 523 414 561 arguit
436 528 573 562 peccata
596 520 761 551 contraria
784 520 901 549 rationi
923 524 979 549 aut
1001 519 1076 559 legi,
1103 533 1106 560 ς
1129 522 1163 547 ut
1186 515 1348 547 vocabula
1381 517 1444 546 ista
1466 515 1554 552 Rus,
1587 515 1802 555 pornilcntz'a,
1836 514 1975 552 μετάνοια
2010 524 2104 544 usur-

103 574 210 597 tamen
241 575 301 595 nec
330 561 418 595 iubet
446 565 594 595 homines
619 563 765 594 converti
794 562 834 592 ad
858 561 980 601 Deum,
1014 572 1076 592 nec
1103 561 1245 599 ipentnr
1264 569 1324 599 pro
1355 564 1423 589 tota
1452 558 1681 588 conversione.
1738 557 1771 586 Si
1808 557 1858 586 cui
1893 566 1959 586 non
1993 555 2104 598 placet

104 607 294 639 consolatur
318 608 427 637 corda.
463 606 644 647 Utrumque
656 616 736 636 vero
760 605 900 644 pertinet
923 605 963 634 ad
983 614 1077 645 prae·
1103 603 1107 622 ¹
1130 601 1328 633 vocabulum
1360 601 1579 641 poenitentiae
1613 610 1673 640 pro
1699 599 1929 636 conversione,
1959 599 1987 629 is
2022 609 2105 630 sane

103 651 297 682 dicationem
320 648 501 689 Evangelii.

187 692 260 734 Ego
294 692 519 732 reprehendor
552 691 593 720 ab
635 688 817 730 aliquibus,
853 689 941 729 quod
970 687 1079 719 Evan-
1104 687 1108 727 Ῐ
1129 686 1313 718 vocabulis.

1129 645 1271 675 nominet
1296 643 1547 675 conversionem
1570 643 1683 683 ipsam.
1740 641 1812 683 Ego
1836 640 1914 672 nolo
1943 642 2042 672 rixari
2066 642 2105 671 de

1372 686 1438 716 Sed
1472 686 1598 716 retineo
1632 695 1750 714 nomen
1773 685 1999 725 poenitenliae,
2030 683 2105 726 quIa

103 735 222 777 gelinm
253 736 390 772 definio,
419 733 691 774 qWoediwtionem
719 742 786 762 esse
813 732 1027 771 poeniteutiae
1049 735 1079 761 et
1105 738 1108 755 ¹
1130 730 1192 760 iam
1215 740 1278 760 usu
1301 734 1469 769 receptum
1492 734 1543 759 est
1566 729 1598 758 in
1620 726 1782 758 Ecclesia.

104 779 300 808 rvnn'ssz'om's
322 781 536 817 peccatormn.
592 775 657 806 Sed
692 775 776 804 idem
805 775 884 805 dicit
902 773 1077 811 Dominus,

104 831 177 851 cum
211 821 330 860 inquit:
367 820 529 859 Oporlere
559 818 751 858 praedicari
791 818 823 847 in
856 818 979 847 ηοηιίηε
1011 826 1079 846 meo

102 864 347 903 poenitentium,
393 866 422 892 et
455 862 666 892 remissionem
706 863 921 900 peccalorum.
977 855 1108 913 {tenui

103 906 179 936 Xon
202 906 274 935 vem·
293 914 411 935 ‘exorare
433 905 544 941 iustos,
579 903 636 933 sed
668 906 858 943 peccatores
891 902 936 932 ml
969 911 1078 942 poem-

104 949 240 978 !enliam-
298 947 338 977 Et
370 946 448 976 alibi
481 946 583 986 inquit
618 946 658 976 de
686 946 865 976 ministerio
890 943 1078 985 Evangelii:

103 990 247 1030 Spiritus
270 993 384 1030 (trynet
406 989 552 1019 mzmdum
580 989 619 1018 de
636 992 791 1028 pecc‹1to;
825 989 900 1028 quia
924 996 987 1017 non
1011 996 1079 1017 cre-

102 1033 180 1062 dunt
203 1033 235 1062 in.
257 1042 312 1062 me.
369 1031 537 1073 Significat
570 1029 650 1061 illud
685 1041 839 1071 magnum
863 1035 895 1060 et
917 1028 1077 1060 horribile

101 1080 274 1114 peccatum
297 1074 443 1114 patefieri
467 1075 499 1104 in
523 1074 674 1104 doctrina
696 1071 888 1114 Evangelii,
922 1072 1009 1113 quod
1032 1072 1078 1103 vi-

101 1115 221 1147 delicet
242 1117 382 1147 mundus
406 1115 542 1157 negligit
565 1116 654 1147 hunc
676 1115 856 1146 Doctorem
885 1120 917 1145 et
940 1114 1078 1146 Redem-

102 1166 229 1200 ptorem
250 1159 367 1189 filium
390 1158 463 1192 Dei,

189 1202 242 1232 Ad
265 1202 352 1232 hanc
375 1211 535 1231 summam
558 1201 740 1237 doctrinae,
765 1204 924 1240 quaeest
945 1200 1079 1240 propria

102 1243 289 1281 Ecclesiae,
312 1245 454 1284 pertinet
476 1249 545 1274 tota
567 1244 631 1274 ista
655 1243 782 1280 concio,
806 1253 903 1283 qnam
926 1241 1078 1283 legentes

103 1285 200 1317 simul
225 1287 491 1324 consideremus,
525 1286 770 1316 severissimum
804 1285 991 1316 mandatum
1015 1285 1079 1315 Dei

103 1338 196 1366 esse,
229 1335 262 1359 et
295 1328 416 1370 singuli
460 1338 598 1369 agamus
632 1328 873 1368 poenitentiam.
929 1327 981 1358 De
1013 1325 1077 1358 hac

102 1372 239 1411 primum
257 1382 346 1403 nunc
366 1370 488 1412 aliquid
512 1371 667 1402 dicemus.

103 1533 212 1584 Quid
257 1534 455 1587 significat:
490 1533 734 1574 vocabulum
779 1533 1077 1588 poenitentiae?

188 1624 361 1665 Significat
393 1629 496 1655 totam
528 1624 799 1664 conversionem:
837 1625 889 1655 die
920 1624 1078 1664 bekeruny

102 1677 139 1698 :u
161 1667 249 1697 Gott.
295 1667 450 1697 Germani
471 1672 607 1697 utuntur
630 1668 724 1698 etiam
754 1665 819 1697 alia
859 1677 960 1705 voce,
994 1667 1077 1698 Bas:

103 1709 162 1738 sed
184 1709 266 1739 haec
294 1720 362 1739 vox
385 1710 522 1740 abusive
554 1714 732 1749 usurpatur
764 1719 825 1750 pro
848 1715 918 1741 tota
941 1720 1078 1741 conver-

103 1752 217 1781 sione:
266 1752 342 1791 quia
374 1751 464 1789 Rus,
496 1762 617 1782 nomen
652 1751 902 1790 Germanicum,
943 1753 1077 1794 proprie

103 1793 268 1834 significat
290 1792 445 1823 mulctam
468 1794 501 1823 in
521 1793 615 1830 soro3
647 1794 680 1824 id
703 1800 771 1832 est,
806 1805 946 1834 poenam
980 1805 1078 1835 pecn-

105 1836 256 1870 nim-iam
291 1841 333 1874 nt,
362 1837 492 1876 quando
517 1841 675 1876 quaestor
707 1846 833 1876 poenae
866 1836 943 1868 loco
978 1838 1078 1878 exigit

106 1884 228 1908 certam
265 1887 425 1908 summam
458 1878 616 1918 pecuniae
650 1888 670 1908 a
703 1879 829 1908 rustico
859 1879 1079 1920 delinquente,

105 1922 168 1951 das
190 1920 270 1951 lzeist
294 1921 406 1952 husen:
456 1926 512 1951 aut
546 1921 677 1960 quando
700 1920 826 1952 Rector
852 1922 986 1952 mandat
1008 1923 1077 1959 tibi,

104 1969 140 1995 ut
162 1973 219 1994 eas
242 1962 284 1993 ad
308 1973 496 2000 carcerem,
529 1962 582 1993 vel
605 1963 747 1993 redimas
782 1973 950 1994 carcerem
973 1964 1079 1995 tribus

104 2007 224 2036 aureis.
299 2005 356 2036 Isti
391 2006 482 2036 aurei
517 2011 678 2036 vocantur
710 2004 857 2044 mulcta,
899 2006 978 2036 Eine
1011 2007 1078 2037 bus.

105 2048 193 2079 Satis
217 2057 297 2089 ergo
325 2046 533 2078 incommode
555 2047 717 2078 translata
740 2055 791 2079 est
813 2058 878 2079 vox
911 2050 976 2079 ista
998 2049 1079 2085 Rus,

103 2091 146 2121 ad
182 2091 443 2121 conversionem.
509 2090 579 2121 Sed
617 2090 750 2121 fuerunt
793 2092 934 2121 maiores
974 2092 1079 2122 nostri

105 2133 258 2173 oppressi
291 2133 432 2170 inscitia,
468 2139 501 2164 et:
533 2132 685 2163 fascinati
719 2134 928 2174 opinionibus
958 2133 1080 2166 incom-

104 2176 221 2206 modis.
266 2174 343 2205 ldeo
366 2181 583 2216 currupernnt
606 2175 781 2207 vocabula.

189 2217 295 2248 Etiam
314 2218 347 2248 in
369 2217 487 2249 Latina
509 2217 622 2260 lingua
651 2228 770 2249 nomen
793 2220 1007 2259 poenitentiae
1029 2224 1080 2250 est

103 2260 361 2298 incommodius,
398 2266 429 2291 et
461 2263 595 2301 propria
631 2271 692 2292 sna
733 2261 974 2302 significatione
1013 2272 1080 2292 non

104 2303 253 2343 exprimit
286 2308 387 2333 totam
411 2304 675 2334 conversionem:
711 2305 773 2335 etsi
805 2303 974 2345 aliquanto
1002 2304 1079 2345 plns

105 2350 157 2375 est
191 2345 377 2385 poenitere,
412 2356 510 2386 quam
542 2345 699 2377 mulctam
733 2346 887 2385 solvere,
925 2354 957 2377 ut
992 2347 1080 2387 apud

105 2386 256 2418 Poetam:
291 2388 388 2425 Quem
411 2398 485 2418 rere
505 2390 656 2429 poenitet,
690 2390 717 2419 is
739 2399 819 2430 pene
840 2399 903 2420 non
924 2391 1079 2430 peccarit.

192 2429 288 2464 Quod
329 2431 357 2460 si
397 2430 514 2461 Latina
555 2432 791 2463 consuetudine
833 2431 1079 2473 intelligendum

106 2477 198 2502 esset
221 2472 420 2503 vocabulum
454 2474 682 2514 poenitentiae,
716 2480 832 2515 posset
860 2476 923 2506 dici
947 2475 1079 2505 Germa-

105 2515 188 2552 nice,
221 2524 286 2545 rew
317 2516 382 2546 end
422 2516 516 2552 leidt;
555 2522 587 2547 et
623 2523 731 2548 tamen
770 2517 892 2558 aliquid
925 2517 1078 2558 amplius,

105 2567 201 2598 qnam
236 2556 384 2588 dolorem
418 2568 478 2590 seu
511 2560 738 2591 contritionem
778 2560 960 2601 significat:
1003 2561 1079 2601 quia

106 2599 334 2640 complectitur
367 2601 461 2632 etiam
483 2601 679 2638 ,voluntatis
718 2604 947 2641 mutationem,
991 2603 1079 2644 quod

106 2642 226 2675 Graeci
254 2648 376 2675 vocant
401 2643 574 2683 μετάνοιαν,
607 2646 640 2677 id
663 2650 731 2685 est,
763 2646 975 2678 mutationem
1005 2656 1080 2677 sen-

1252 850 1364 899 Quot
1395 855 1488 890 sunt
1519 855 1653 903 partes
1685 847 1986 903 poenitentiae‘.>

1218 943 1344 971 usitate
1368 941 1504 970 dicimus
1522 945 1634 980 partes
1657 949 1735 970 esse
1758 944 1842 969 tres:
1867 937 2106 974 Comi-itionem,

1128 983 1231 1025 fidem,
1255 989 1286 1014 et
1308 993 1421 1013 noram
1443 983 1662 1013 olwrlieutiam.
1699 982 1757 1012 Sic
1780 980 1945 1022 loquimur
1968 981 2108 1012 docendi

1131 1035 1263 1058 caussa.
1293 1026 1328 1056 Si
1352 1027 1425 1066 quis
1450 1024 1519 1056 vult
1542 1025 1694 1055 subtilius
1718 1025 1780 1055 ista
1794 1025 1973 1064 disputare,
1998 1024 2026 1054 ei
2048 1034 2108 1064 per

1130 1080 1181 1099 me
1205 1068 1293 1106 licet,
1312 1069 1410 1098 modo
1433 1078 1489 1098 res
1512 1068 1723 1098 necessariae
1746 1068 1955 1098 retineantur.
1991 1066 2107 1096 Osian-

1130 1112 1190 1142 der
1212 1109 1423 1151 reprehendit
1446 1110 1532 1140 hanc
1555 1110 1781 1150 partitionem,
1815 1110 1875 1139 sed
1898 1109 2043 1148 respexit
2065 1108 2108 1138 ad

1129 1154 1402 1195 significationem
1436 1152 1590 1183 vocabuli
1625 1152 1863 1193 poenitentiae,
1896 1152 1986 1182 iuxta
2021 1151 2108 1181 Lati-

1129 1207 1205 1227 nam
1243 1195 1401 1237 loquendi
1440 1195 1721 1226 consuetudinem.
1787 1193 1911 1224 Verum
1946 1193 2109 1234 loquimur

1128 1239 1183 1269 hic
1207 1239 1247 1269 de
1270 1244 1340 1269 tota
1363 1239 1599 1275 conversione,
1633 1238 1720 1268 sient
1743 1237 1860 1268 dicitur
1888 1237 1920 1266 in
1947 1235 2012 1267 hoc
2035 1237 2107 1276 ipso

1130 1287 1234 1312 textu:
1263 1281 1337 1311 Erit
1356 1281 1510 1320 'qmnlium
1533 1289 1631 1319 super
1658 1289 1720 1310 uno
1749 1283 1921 1320 peccatore
1947 1279 2108 1318 poeniten-

1130 1325 1208 1354 tiam
1242 1327 1372 1364 agyeizte,
1406 1328 1439 1354 et
1472 1323 1522 1353 sic
1555 1322 1677 1363 passim
1707 1323 1739 1352 in
1772 1332 1860 1353 novo
1895 1321 2107 1352 Testamento

1128 1371 1307 1406 usurpatur
1338 1364 1536 1396 vocabulum
1570 1365 1800 1405 poenitentiae.
1862 1364 2048 1404 Prophetae
2076 1365 2108 1394 in

1129 1409 1232 1439 veteri
1254 1408 1468 1439 Testamento
1490 1407 1684 1448 plerumque
1707 1413 1784 1438 sunt
1806 1407 1857 1438 usi
1880 1407 2011 1438 nomine
2030 1416 2108 1437 con-

1128 1451 1310 1482 vers-ionis:
1332 1456 1378 1489 ut,
1403 1451 1634 1482 Conrertimini
1655 1451 1699 1481 ml
1722 1461 1779 1487 me,
1803 1454 1833 1480 et
1856 1459 1912 1490 090
1935 1453 2109 1480 convertar

1129 1494 1174 1525 ad
1195 1504 1262 1525 ros.
1307 1493 1397 1531 Item,
1421 1494 1509 1525 Nolo
1531 1497 1662 1524 mortem
1683 1493 1878 1534 peccatoris,
1900 1493 1957 1523 sed
1978 1496 2013 1523 ut
2035 1501 2108 1523 con—

1128 1541 1278 1568 vertatur
1301 1541 1331 1567 et
1353 1538 1452 1568 rit-at.

1215 1579 1288 1610 Hoc
1311 1589 1393 1621 ergo
1417 1579 1528 1617 modo,
1551 1589 1625 1609 cum
1647 1578 1845 1619 poenitentia
1867 1582 2044 1618 usurpatur
2067 1577 2109 1608 de

1128 1623 1259 1664 integra
1282 1623 1514 1659 conversione,
1538 1620 1685 1652 solemus
1709 1621 1911 1651 constituere
1938 1620 2014 1651 illas
2038 1626 2106 1650 tres

1128 1671 1258 1706 partes,
1291 1665 1367 1706 quia
1400 1675 1466 1696 non
1496 1663 1660 1705 loquimur
1694 1663 1734 1694 de
1768 1663 1966 1703 poenitentia
1998 1662 2108 1700 Iudae,

1129 1714 1186 1739 aut
1209 1707 1304 1746 Cain,
1327 1708 1388 1738 sed
1411 1708 1451 1738 de
1474 1705 1611 1738 salutari
1635 1707 1845 1746 poenitentia.

1215 1750 1281 1781 Alii
1303 1749 1430 1781 malunt
1451 1751 1498 1781 uti
1521 1747 1685 1780 vocabulo
1707 1748 1981 1788 regyeneratiom's,
2010 1757 2108 1788 quam

1131 1793 1242 1824 dicunt
1273 1793 1338 1823 duo
1367 1793 1400 1823 in
1423 1802 1461 1822 se
1483 1791 1624 1822 habere:
1658 1791 1944 1832 mortificationem,
1979 1796 2011 1820 et
2033 1790 2101 1820 rivi

1128 1836 1317 1877 ficationem.
1364 1835 1431 1865 Sed
1454 1844 1509 1865 res
1534 1834 1650 1864 eodem
1674 1834 1769 1870 redit,
1798 1834 1874 1874 quia
1897 1832 2108 1864 mortificatio

1131 1878 1297 1918 significat
1332 1877 1577 1912 contritionem3
1629 1875 1807 1907 vivificatio
1837 1876 2002 1917 significat
2033 1885 2109 1906 con-

1131 1920 1327 1951 solationem
1350 1919 1436 1954 fidei,
1464 1929 1548 1960 qnae
1572 1929 1637 1949 non
1661 1925 1711 1950 est
1734 1919 1861 1956 otiosa,
1884 1919 1943 1949 sed
1978 1923 2028 1949 est
2061 1917 2108 1948 es-

1131 1963 1236 1999 ficax,
1283 1968 1315 1993 et
1348 1961 1449 1992 habet
1482 1962 1692 1992 coniunctum
1733 1962 1876 1992 studium
1898 1971 2007 1991 novae
2030 1961 2107 1991 obe-

1132 2005 1291 2042 dientiae,
1315 2015 1412 2045 quam
1436 2004 1569 2035 inchoat.
1592 2004 1733 2044 Spiritus
1758 2010 1894 2035 sanctus
1917 2004 1950 2034 in
1973 2004 2107 2034 creden-

1132 2049 1230 2079 tibus.
1283 2047 1494 2079 mortificatio
1529 2052 1579 2078 est
1612 2048 1770 2079 terminus
1800 2057 1819 2078 a
1848 2057 1930 2088 quo:
1963 2046 2108 2078 vivifiea-

1132 2092 1175 2122 tio
1199 2095 1251 2122 est
1272 2091 1431 2122 terminus
1454 2090 1496 2121 ad
1519 2099 1625 2131 quem.

1398 2253 1507 2304 Quid
1538 2259 1600 2293 est
1631 2253 1842 2294 contritio?

1215 2343 1278 2376 Est
1304 2354 1528 2385 expavescere
1560 2344 1728 2385 agnitione
1755 2344 1824 2374 irae
1851 2342 1916 2373 Dei
1944 2343 2107 2375 adversus

1130 2393 1279 2429 peccata,
1314 2394 1346 2419 et
1380 2386 1512 2425 dolere,
1547 2387 1635 2428 quod
1665 2386 1773 2417 Deum
1808 2385 2014 2417 offendimus.
2070 2386 2105 2417 ln

1130 2430 1321 2462 Alexandro
1345 2435 1396 2461 est
1419 2428 1536 2466 dolor,
1569 2435 1744 2470 postquam
1777 2428 1940 2459 interfecit
1974 2427 2103 2460 Clitum.

1131 2473 1233 2505 Estne
1257 2473 1431 2505 contritio?
1464 2472 1674 2512 Respondeo.
1708 2472 1800 2507 Non3
1824 2471 1898 2512 quia
1921 2481 1986 2501 non
2005 2470 2106 2509 dolet,

1131 2518 1219 2558 quod
1242 2516 1350 2548 Deum
1373 2515 1554 2546 offenderit.
1599 2515 1720 2552 Proba,
1744 2515 1830 2554 quod
1855 2519 2006 2554 oporteat
2027 2524 2106 2545 esse

1132 2560 1358 2591 contritionem
1391 2559 1424 2589 in
1458 2558 1698 2590 conversione?
1747 2557 1956 2597 Respondeo.
2007 2556 2106 2597 Apud

1131 2602 1264 2634 Esaiam
1285 2602 1418 2633 dicitur:
1451 2602 1505 2632 Ad
1528 2611 1617 2642 quem
1644 2600 1840 2641 respiciam?
1871 2600 1938 2630 nisi
1962 2599 2006 2630 ad
2028 2609 2105 2640 pazt—

1126 2655 1249 2686 perem,
1270 2649 1301 2677 et
1323 2645 1494 2676 contritum
1528 2645 1658 2684 spiritu,
1692 2647 1723 2674 et
1745 2647 1924 2674 trementem
1946 2652 2106 2674 sermones
