2343 2970
80 183 145 216 249

82 281 154 321 ἔργα
190 279 353 310 debebant
386 287 464 309 esse
492 278 523 308 in
553 275 649 308 aulis.
694 276 739 307 At
762 275 809 307 illi
831 277 1000 317 indignum
1024 287 1062 308 se

83 332 161 354 esse
184 328 309 363 putant,
343 331 460 352 curare
494 319 724 357 ministerium,
758 326 789 350 et
814 320 976 360 inspicere
1000 320 1061 351 Ec-

83 364 218 403 clesias,
251 365 314 395 nisi
349 375 422 396 cum
456 363 571 394 ‘colunt
607 363 750 394 turbare.
796 361 865 392 lllis
889 373 968 393 vero
994 365 1062 405 ἔργα

84 414 176 440 sunt:
211 408 376 448 quomodo
411 412 526 447 parent
559 416 712 447 magnam
737 407 864 446 copiam
901 407 1090 444 bonorum}

82 449 294 490 ferculorum,
318 451 484 492 quomodo
505 448 730 490 x'oluptatibus
745 449 814 479 suis
840 447 1061 488 perfruantur.
1088 454 1090 484 ζ
1116 466 1171 498 ΗΠ.

169 493 315 524 Peccant
349 499 457 524 autem
492 498 523 523 et
558 492 674 533 privati
717 490 881 529 similiter,
927 492 1062 534 πάρεργα

82 535 311 579 praeferentes
342 538 451 578 i'Qyoig:
486 536 546 566 sed
583 535 659 566 vitia
694 536 952 576 gubernatorum
986 542 1061 565 sunt
1088 554 1090 561 ·

83 581 334 620 conspoedora,
368 589 454 620 quae
479 585 507 609 et
533 588 719 619 agnoscere
748 578 917 615 debemus,
953 584 984 608 et
1010 579 1063 609 de-

82 621 227 665 plorare.
275 622 308 653 111
333 621 511 653 Ezechiele
534 623 637 652 stellet
663 621 715 652 εἴη
737 622 855 652 echone
878 621 998 662 imago,
1022 623 1064 652 (la

86 667 158 698 Gott
187 667 340 704 befz‘elzlet9
372 664 523 707 Angelus
558 667 608 695 sol
627 666 682 695 ln'u
706 664 739 695 in
761 665 814 695 de'e
836 664 934 694 :flacit
950 666 1063 703 yelaecn,

83 712 132 740 sol
153 719 192 740 zu
216 711 284 740 totlt
304 710 453 747 sclzlayen
477 710 537 739 alle
561 705 771 745 idololatras,
801 708 869 738 und
894 709 943 738 sol
964 709 1063 747 siqni-

84 762 141 783 ren
160 753 221 787 alie,
245 752 300 793 qui
323 758 456 792 gemunt
481 762 540 791 pro
564 749 728 787 Ecclesia,
751 750 871 791 quibus
885 750 970 781 iubet
993 761 1064 791 par-

85 805 169 826 cere.
217 794 307 825 Haec
331 795 440 835 imago
463 793 627 835 significat
651 799 823 823 venturum
846 793 1012 830 iudicium,
1032 799 1062 823 et

84 837 191 869 Deum
214 838 412 878 puniturum,
436 837 477 867 311
501 835 682 867 deleturum
707 835 911 874 idololatras,
946 837 976 866 id
1001 842 1064 873 est,

85 880 140 922 qui
162 881 306 911 scientes
331 887 359 910 et
386 878 535 910 volentes
564 878 733 910 stabiliunt
765 877 871 910 idola:
906 879 993 920 quod
1017 879 1063 910 ia-

85 924 172 954 ciunt
196 932 283 952 nunc
306 923 420 959 etiam,
455 933 519 953 non
550 928 675 952 tantum
710 923 850 960 indocti,
886 928 1064 963 peccantes

84 975 316 1005 nonnunquam
340 965 540 1006 ignorantia;
565 966 624 996 sed
649 966 746 996 etiam
772 966 869 997 docti.
916 965 1063 996 Excusat

82 1014 187 1040 autem
212 1006 300 1041 illos,
324 1018 390 1038 non
415 1009 468 1049 qui
493 1006 602 1049 palam
626 1014 749 1039 tantum
780 1009 1062 1046 contradixerunt,

81 1051 142 1081 sed
166 1049 241 1081 illos
267 1051 381 1088 etiam,
419 1051 472 1092 qui
496 1057 702 1093 gemuerunt,
737 1053 842 1083 denen
865 1062 901 1083 e-s·
923 1053 1063 1083 lzerzlae'elz

81 1095 149 1125 welz
179 1095 234 1125 hac
253 1096 391 1133 yetlmn,
421 1096 479 1125 alaa⁴
514 1093 667 1125 Ec‹·lesia
698 1097 766 1126 also
795 1096 899 1126 lesden
922 1096 978 1133 sol,
1009 1095 1062 1136 qui

81 1136 203 1178 gemitu
238 1143 362 1168 tantum
387 1138 604 1168 ostenderunt
634 1135 792 1168 dolorem.
840 1136 897 1168 llle
920 1139 1061 1179 gemitus

81 1180 123 1210 sit
146 1179 178 1210 in
202 1180 310 1218 notis,
347 1180 374 1209 si
399 1190 462 1210 11011
488 1191 665 1220 possumus
689 1179 763 1220 plus
783 1187 971 1221 praestaret
1007 1182 1061 1211 de-

81 1220 249 1262 ploremus
286 1222 371 1253 111313
406 1221 553 1263 publica,
592 1233 761 1264 gemamus
791 1230 822 1254 et
847 1233 993 1261 oremus,
1028 1230 1061 1255 111

81 1263 184 1296 Filius
208 1264 271 1296 Dei
290 1266 376 1297 adsit
400 1276 481 1297 suae
506 1265 686 1297 Ecclesiae.

167 1307 383 1340 Considerate
424 1315 531 1340 autem
572 1316 600 1339 et
641 1319 754 1340 vestra
789 1310 876 1340 vitia.
933 1309 1061 1351 Singuli

79 1360 259 1392 peccamus
294 1351 494 1394 negiigentia
532 1363 639 1382 rerum
667 1358 886 1383 aeternarum.
932 1352 1060 1383 lnterea

80 1394 113 1424 in
135 1395 236 1425 rebus
260 1396 414 1432 terrenis,
440 1395 612 1434 Unicuique
621 1405 680 1426 sua
692 1397 851 1435 cupiditas
865 1400 914 1427 est
931 1396 1060 1428 Troiam

80 1447 207 1479 capere,
230 1443 264 1470 ut
286 1437 463 1479 Euripides
482 1439 540 1468 ait:
565 1439 649 1470 Sunt
672 1439 774 1470 verba
797 1438 957 1470 Menelai:

162 1519 202 1554 Εὖ
226 1524 254 1555 δ’
276 1524 344 1555 ἴσθ’
361 1522 430 1556 ὅτου
452 1536 496 1560 τις
514 1524 652 1564 τυγχάνει
673 1529 778 1568 χρείαν
800 1526 886 1565 ἔχων,

171 1567 258 1598 Τοῦτ’
281 1567 349 1599 ἔσθ’
368 1563 480 1610 ἑκάστῳ
503 1570 600 1607 μεῖζον
623 1566 642 1607 ἢ
668 1571 778 1610 Τροΐαν
797 1570 880 1600 ἑλεῖν.

168 1652 235 1683 1513
258 1653 501 1684 considerando
525 1661 614 1692 sunt,
637 1665 674 1686 es
697 1664 791 1686 mens
814 1653 995 1694 frenanda,
1025 1661 1059 1686 et

82 1694 256 1736 cogitanda
280 1694 348 1733 illa,
367 1706 452 1736 quae
474 1695 545 1727 vult
558 1696 650 1728 Deus
674 1707 736 1729 nos
759 1699 908 1739 cogitare
932 1699 973 1729 de
995 1708 1058 1730 suo

80 1747 195 1779 regno.
240 1739 312 1769 Nun
330 1741 432 1778 nimpi
457 1738 603 1771 Christus
625 1741 687 1771 den
711 1741 977 1781 dispensatorem
998 1745 1060 1782 fur

78 1781 157 1815 siclt,
181 1781 235 1822 qui
258 1780 319 1812 fuit
342 1780 467 1819 11131115,
491 1788 523 1812 et
546 1782 624 1813 dicit
647 1793 720 1813 eum
743 1782 912 1815 laudatum
934 1794 1012 1815 esse
1038 1795 1058 1815 a

79 1832 141 1855 suo
167 1824 309 1854 domino.
345 1823 495 1859 Quaero:
515 1823 600 1859 Quid
622 1824 778 1856 laudatur
801 1827 832 1856 111
849 1826 914 1858 hoc
928 1827 1058 1868 dispen-

79 1866 215 1897 satore?
237 1865 446 1907 Respondeo.
478 1867 606 1906 Genus,
629 1879 690 1900 seu
713 1867 880 1910 diligentia
891 1868 1057 1907 laudatur,

77 1918 144 1940 non
168 1909 319 1949 species,
344 1920 405 1941 seu
427 1909 563 1943 furtum:
594 1910 748 1943 Christus
777 1918 887 1943 autem
909 1922 969 1953 per
992 1912 1058 1943 col-

77 1950 235 1983 lationem
258 1953 400 1983 ostendit
425 1954 455 1983 in
479 1954 573 1984 istius
597 1952 679 1985 suris
703 1953 866 1996 exemplo,
890 1953 997 1997 qualis
1016 1956 1058 1986 sit

79 1992 245 2036 diligentia
267 1995 300 2026 in
323 1996 557 2036 quaerentibus
581 1998 768 2038 corporalia
791 1999 890 2036 bona,
915 2004 946 2028 et
966 2008 1058 2030 revo-

80 2043 134 2067 cat
157 2047 219 2068 nos
235 2048 296 2068 nos
319 2039 360 2069 ad
386 2037 583 2080 diligentiam
607 2040 639 2070 in
659 2041 855 2082 quaerendis
872 2042 972 2072 rebus
991 2052 1057 2073 ma-

80 2079 131 2120 gis
155 2081 365 2112 necessariis.
415 2082 675 2123 Argumentatur
698 2084 783 2115 enim
806 2094 826 2114 a
849 2085 979 2115 Minori.
1020 2084 1056 2115 Si

78 2120 229 2154 homines
253 2121 429 2165 diligentes
452 2131 529 2156 sunt
547 2125 580 2155 in
604 2127 705 2157 rebus
722 2127 966 2168 corporalibus,
989 2137 1056 2158 ma·

79 2164 131 2206 gis
156 2165 320 2197 debebant
342 2176 418 2197 esse
441 2166 616 2210 diligentes
639 2170 671 2200 in
690 2168 927 2211 spiritualibus.
958 2170 1056 2212 Apud

79 2206 243 2240 Catullum
267 2209 308 2240 de
330 2209 459 2248 Medea,
482 2213 585 2243 stellet
605 2214 664 2244 der
686 2223 775 2246 vers:

200 2295 276 2326 Tota
299 2296 386 2326 illum
408 2299 474 2327 tota
493 2298 652 2337 perdebat
669 2300 801 2340 perdita
821 2304 935 2331 mente.

164 2380 210 2410 Is!
230 2381 283 2410 ein
312 2381 482 2413 seltzamer
503 2392 630 2422 versus,
664 2386 768 2417 §tebet
798 2387 850 2425 da,
883 2385 1053 2426 perdebat,

76 2429 139 2461 pro
161 2421 303 2453 amabat.
348 2424 394 2455 Es
416 2428 458 2456 ist
480 2427 556 2457 also.
601 2426 745 2466 Videtis,
776 2427 884 2470 qualis
906 2426 999 2459 furor
1023 2433 1054 2459 et

75 2463 203 2494 insania
226 2464 269 2494 sit
291 2475 399 2496 amor:
433 2468 564 2499 ambitio
584 2474 692 2502 tamen
716 2478 767 2502 est
786 2472 891 2502 maior
912 2471 1054 2502 insania.

76 2504 139 2542 Qui
159 2506 274 2538 ardent
296 2509 483 2548 ambitione,
506 2510 607 2543 multo
624 2514 730 2555 magis
753 2515 932 2553 insaniunt,
956 2525 1052 2555 quam

74 2549 130 2590 qui
153 2549 270 2581 ardent
291 2561 404 2584 amore
428 2554 596 2586 cuiusdam
619 2556 760 2597 puellae.
794 2558 839 2590 So
851 2562 905 2590 ein
918 2567 1054 2598 qrosser

773 181 989 214 POSTlLLA
1013 182 1410 214 MELANTHONIANA.

74 2597 166 2624 ernsc
185 2596 230 2625 ist
245 2604 281 2626 es
302 2604 373 2636 uns,
395 2598 429 2628 in
450 2598 552 2629 denen
573 2600 703 2639 dinyen.
734 2601 769 2632 111
793 2601 912 2632 divinis
937 2610 1053 2632 sumus
1076 2593 1080 2632 i

73 2633 182 2677 frigidi
204 2646 353 2677 prorsus.

402 2639 469 2671 Sed
491 2641 696 2685 corrigamus
714 2654 843 2680 mores;
866 2650 899 2675 et
918 2643 1052 2675 invoce·
1075 2644 1079 2673 Ι

2030 182 2094 213 250

1116 288 1188 308 mus
1210 276 1334 315 Deum,
1358 278 1442 308 sieut
1465 277 1596 309 dicitur:
1625 278 1724 309 Multo
1751 281 1854 316 maalle
1882 277 1971 308 (tabit
1993 278 2094 316 Spiri-

1116 324 1182 352 tum
1200 325 1343 352 stmctmn
1365 322 1547 360 petentibus
1575 324 1685 360 ipsum.
1731 319 1786 351 Et:
1810 322 1898 352 Deus
1920 321 2023 351 trasei:
2042 320 2094 350 llo-

1116 367 1240 402 minem,
1263 365 1322 395 sed
1338 367 1500 395 volentem,

1203 423 1348 455 Taxatur
1370 425 1467 465 igitur
1491 424 1572 454 haec
1597 423 1779 464 profanitas
1798 423 1829 454 in
1854 422 1918 454 hoc
1942 422 2094 464 Evange-

1216 468 1333 507 Nempt
1360 466 1420 506 fur
1443 469 1520 498 euch
1544 465 1678 507 Elegias
1703 467 1811 498 Ovidii
1835 466 1875 497 de
1900 466 2095 496 Amor-ibus:

1115 511 1175 540 das
1197 512 1241 540 ist
1261 521 1297 540 so
1319 511 1477 542 kzazstlz‘clz
1493 512 1656 549 amnaclzt,
1681 518 1712 542 ut
1739 508 1916 541 dolendum
1941 510 2001 547 sit,
2024 506 2096 538 nul—

1115 551 1182 583 lum
1206 553 1372 594 ingenium
1401 554 1448 584 sic
1477 552 1673 584 elaborasse
1697 554 1729 584 in
1754 551 1953 583 celebranda
1990 550 2096 592 gloria

1114 594 1188 626 Dei.
1224 595 1314 626 Talis
1339 597 1531 638 depravatio
1556 603 1607 627 est
1630 602 1767 627 naturae
1790 595 1963 626 humanae.
2002 594 2095 625 Hane

1116 638 1385 679 depravationem
1420 647 1451 671 et
1474 640 1683 671 securitatem
1707 641 1737 671 111
1762 639 1862 671 rebus
1893 639 2012 669 divinis
2043 636 2097 668 hic

1117 688 1206 712 taxat
1230 681 1394 713 Christus.

1326 925 1639 966 Secundus
1691 926 1892 968 Locus

1201 1025 1376 1056 Secundus
1411 1025 1506 1057 locus
1538 1033 1588 1057 est
1613 1027 1653 1057 de
1677 1025 1898 1058 collocatione
1918 1028 2095 1059 bonorum.

1114 1068 1212 1100 Scitis
1237 1067 1292 1100 illa
1316 1069 1471 1099 divinitus
1496 1070 1539 1100 ita
1563 1069 1651 1107 fieri,
1677 1071 1763 1111 quod
1788 1069 1842 1100 alii
1866 1076 1943 1101 sunt
1966 1071 2096 1110 divites,

1114 1110 1167 1142 alii
1191 1122 1366 1152 pauperes.
1403 1112 1492 1143 Sin-ut
1519 1112 1679 1143 Salomon
1703 1114 1820 1155 inquit:
1845 1114 1943 1145 Dives
1966 1119 1998 1145 et
2014 1124 2095 1155 pau-

1110 1165 1172 1194 per
1193 1157 1340 1186 lmbz‘tanc
1376 1166 1458 1193 mm,
1483 1157 1570 1187 Dens
1589 1158 1674 1196 facit
1707 1161 1881 1196 utrimque.
1931 1158 2004 1190 Gott
2027 1160 2097 1189 wile

1113 1200 1181 1229 also
1199 1199 1313 1235 haben,
1337 1200 1405 1229 und
1425 1209 1460 1230 es
1482 1209 1550 1230 mus
1573 1201 1654 1231 (mele
1677 1201 1746 1231 also
1769 1200 1853 1239 sein,
1883 1201 1943 1231 wir
1970 1202 2096 1232 konnen

1113 1243 1202 1272 nicht
1216 1243 1271 1272 alle
1293 1243 1383 1272 reiclc
1405 1243 1496 1273 sein:
1519 1250 1550 1272 et
1574 1248 1682 1273 tamen
1706 1249 1836 1284 oportet
1858 1241 1988 1285 aliquos
2005 1254 2094 1284 prae-

1113 1284 1200 1314 ditos
1241 1294 1318 1314 esse
1351 1283 1578 1316 facultatibus:
1613 1286 1710 1317 Sonst
1740 1288 1834 1317 home
1863 1296 1938 1318 man
1969 1287 2000 1318 in
2030 1287 2095 1317 vita

1112 1326 1252 1358 humana
1277 1328 1382 1358 m'clzes
1400 1329 1594 1359 aum-celetem.

1198 1386 1258 1418 Est
1281 1393 1390 1419 antem
1424 1387 1595 1430 multiplex
1619 1389 1745 1420 abusus
1777 1390 1975 1423 divitiarum.
2024 1391 2091 1422 Sed

1110 1440 1211 1462 verus
1245 1440 1327 1462 usus
1362 1429 1558 1463 facultatum
1582 1432 1680 1463 debet
1703 1442 1780 1464 esse
1804 1433 1846 1463 is:
1882 1434 1909 1464 1.
1938 1439 1973 1466 ut
1992 1432 2095 1466 collo-

1112 1479 1227 1505 centur
1255 1474 1298 1505 ad
1332 1476 1590 1515 promovendam
1625 1473 1765 1517 gloriam
1795 1476 1874 1515 Dei,
1908 1479 1972 1509 das
1993 1479 2095 1509 stellet

1111 1518 1194 1549 auclz
1216 1517 1249 1548 in
1273 1517 1499 1551 Oeconomico
1524 1518 1769 1560 XenophontiS‚
1804 1519 1860 1551 ubi
1884 1520 1974 1559 dicit,
1998 1531 2094 1562 opor-

1111 1566 1181 1591 tere
1215 1570 1292 1592 esse
1316 1559 1446 1602 aliquos
1484 1562 1620 1600 divites,
1655 1569 1690 1593 ut
1712 1563 1779 1593 sint
1807 1564 1862 1605 qui
1890 1563 2095 1601 sacrificent;

1110 1604 1196 1635 deun
1219 1605 1270 1636 die
1293 1604 1459 1636 sacrificia
1477 1607 1579 1637 haben
1601 1608 1662 1637 viel
1680 1607 1835 1645 yelcostet.
1881 1606 1952 1638 Nos
1970 1608 2094 1639 rectius

1111 1647 1248 1678 dicimus
1277 1657 1317 1679 ex
1346 1648 1467 1679 (11111115
1495 1649 1675 1680 iuvandum
1698 1659 1776 1681 esse
1799 1650 2032 1689 ministerium,
2061 1656 2094 1682 et

1110 1688 1310 1722 Ecclesiam.
1355 1691 1386 1722 2.
1410 1697 1444 1722 ut
1467 1692 1564 1723 nobis
1588 1692 1669 1733 ipsis
1692 1698 1725 1724 et
1748 1692 1863 1724 liberis
1891 1695 2015 1724 nostris
2039 1703 2093 1725 cu-

1111 1743 1221 1765 remus
1255 1733 1388 1765 victum.
1428 1733 1458 1765 3.
1493 1741 1527 1766 ut
1552 1734 1766 1775 Reipublicae
1800 1737 1966 1776 possimus
1997 1747 2093 1778 opem

1111 1774 1206 1807 ferre⁴
1254 1777 1285 1807 4.
1310 1784 1344 1808 111
1367 1775 1441 1808 aliis
1465 1778 1667 1818 pauperibus
1691 1778 1904 1819 opitulemur,
1935 1787 2093 1821 quantum

1111 1828 1301 1863 possumus.
1348 1819 1410 1851 Hic
1433 1820 1575 1852 debebat
1599 1830 1675 1852 esse
1706 1820 1874 1863 legitimus
1909 1833 1991 1855 usus
2014 1823 2093 1854 divi·

1112 1862 1239 1893 tiarum.

1197 1921 1264 1953 Sed
1298 1923 1394 1963 pauci
1424 1922 1474 1954 sic
1503 1922 1672 1955 collocant
1696 1925 1799 1965 bona3
1834 1924 1982 1967 plerique
2005 1928 2094 1958 bona

1110 1974 1171 1995 sua
1206 1963 1307 1996 stulte
1339 1965 1552 2006 profundunt.
1610 1967 1688 1998 Ideo
1724 1966 1897 2006 Christus,
1927 1976 1961 2000 ut
1997 1970 2093 2000 etiam

1110 2013 1204 2038 antea
1229 2008 1305 2045 dixi,
1328 2015 1427 2040 vocat
1449 2009 1640 2041 Mammona
1663 2011 1830 2043 iniustum:
1861 2012 1936 2054 quia
1959 2023 2092 2053 semper

1110 2050 1241 2082 accedit
1264 2051 1385 2093 aliquid
1410 2052 1489 2091 vitii,
1513 2059 1544 2084 et
1567 2054 1599 2084 111
1623 2055 1786 2095 parando,
1812 2060 1844 2086 et
1855 2055 1987 2087 utendo.
2019 2055 2091 2087 Nos

1109 2092 1337 2134 profundimus
1353 2102 1530 2136 apparatu3
1554 2095 1638 2136 ltali,
1661 2098 1851 2136 ambitione,
1871 2105 1903 2130 et
1920 2097 1993 2130 aliis
2012 2098 2091 2130 stul-

1109 2136 1152 2166 tis
1176 2138 1287 2169 rebus.
1333 2138 1425 2170 Sicut
1446 2149 1509 2182 ego
1534 2140 1615 2171 vidi:
1650 2139 1782 2182 Aliquis
1812 2141 1980 2183 Hispanus
2004 2143 2091 2175 inoe-

1110 2179 1208 2210 debat
1249 2186 1342 2212 veste
1381 2192 1498 2221 aurea,
1534 2190 1565 2214 et
1601 2184 1733 2224 quando
1770 2183 1902 2216 volebat
1936 2195 2091 2223 coenare,

1107 2223 1183 2264 yi'ny
1198 2233 1234 2254 er
1256 2234 1322 2255 zum
1346 2224 1479 2264 brunne,
1503 2226 1617 2258 111171611-
1640 2237 1772 2265 women,
1791 2227 1873 2267 fras
1891 2231 1990 2266 salat,
2017 2239 2089 2260 cum

1108 2266 1246 2298 deberet
1279 2268 1375 2299 etiam
1401 2279 1524 2312 corpus
1555 2276 1645 2301 recte
1668 2281 1818 2312 pascere.
1864 2272 1922 2303 Sic
1945 2271 1977 2302 in
2002 2281 2090 2303 com·

1107 2310 1195 2340 muni
1219 2311 1286 2341 vita
1309 2309 1393 2342 alius
1417 2311 1560 2344 libenter
1587 2314 1681 2352 emit,
1715 2313 1800 2346 alius
1835 2314 1976 2346 libenter
1997 2324 2089 2356 pere·

1107 2352 1272 2392 grinatur,
1307 2360 1339 2385 et
1361 2356 1626 2398 peregrinatione
1649 2355 1783 2388 multum
1807 2358 1969 2396 absumit,
2002 2357 2088 2390 alius

1106 2394 1247 2427 libenter
1280 2397 1449 2436 aedificat,
1485 2404 1518 2430 et
1541 2398 1596 2430 hic
1620 2410 1751 2442 quoque
1774 2399 1908 2432 multum
1933 2399 2089 2433 inutiliter

1105 2438 1262 2472 absumit:
1300 2440 1440 2483 denique
1473 2451 1570 2473 nemo
1600 2452 1665 2473 non
1690 2443 1834 2475 abutitur
1857 2445 1977 2485 opibus
2001 2445 2087 2476 suis:

1105 2490 1203 2513 nemo
1225 2483 1307 2514 satis
1328 2484 1416 2516 bono
1435 2485 1552 2517 ordine
1574 2486 1778 2517 administrat
1803 2497 1871 2517 eas,
