2374 2985
119 188 159 219 41
805 182 1023 215 POSTlLLA
1045 182 1401 215 MELANTHONIAN
1403 183 1444 214 A.
2085 184 2126 215 42

118 291 196 314 esse
229 290 359 312 veram:
393 280 510 311 Semen
543 280 687 310 mullwz's
725 281 868 310 conteret
901 283 1000 318 caput
1029 288 1098 310 ser-

116 326 232 366 pentz's.

206 366 279 398 Etsi
313 364 458 396 habebat
491 374 645 405 magnum
667 369 841 405 peccatum
861 362 960 395 Cain:
988 369 1097 395 tamen

120 411 262 442 debebat
285 408 393 439 redire
415 407 458 438 ad
475 405 596 445 Deum,
620 407 761 438 debebat
785 407 871 437 scire
884 406 970 446 apud
989 405 1098 438 Deum

120 463 196 485 esse
229 451 458 482 remissionem
493 456 723 490 peccatorum:
747 449 888 480 debebat
910 454 1025 480 tenere
1048 459 1097 480 re-

119 494 245 538 gulam:
269 495 369 526 Fz'lz'us
390 495 451 525 Dei
467 496 627 533 polenttor
648 497 698 524 est
718 496 782 524 toto
804 501 902 531 remla
921 496 1055 531 peccati.

205 537 363 578 Papistae
385 535 555 567 stabiliunt
577 535 824 574 dubitationem,
847 540 879 565 et
895 532 1098 567 labefactant

117 580 205 612 hanc
239 577 520 617 consolationem,
555 589 628 610 cum
647 579 748 609 citant
771 578 893 609 dictum
917 587 958 608 ex
979 576 1097 608 Eccle-

117 623 235 654 siaste:
258 624 358 654 Nemo
380 625 456 661 scit,
486 632 529 653 cm
552 625 585 652 z'n
607 631 725 658 amore,
748 622 797 652 vel
818 621 891 651 odio
913 620 965 651 sit.
1028 619 1097 651 Sed

117 665 184 697 hoc
206 666 314 705 ipsum
338 666 458 695 dictum
481 665 623 705 pertinet
644 663 688 695 ad
712 661 992 699 consolationem3
1020 663 1096 704 quia

118 707 184 740 hoc
208 708 297 745 dicit,
320 717 387 739 non
410 717 488 738 esse
510 707 717 738 iudicandum
736 715 777 737 ex
799 706 899 737 rebus
927 705 1096 743 secundis,

118 750 173 782 vel
196 751 350 782 adversis
374 750 416 781 de
438 748 555 781 favore
577 749 649 780 Dei.
680 749 728 779 lta
751 749 836 779 enim
859 753 911 779 est
933 749 965 779 in
988 753 1099 779 textu÷

118 796 218 826 Nemo
240 797 303 825 scit
323 802 465 824 amorem
487 793 535 824 rel
556 793 659 823 odium
683 801 727 823 ea·
749 792 799 831 iis,
821 801 902 831 quae
927 801 1038 823 coram
1060 801 1097 823 eo

118 842 202 868 sunt.
235 836 326 878 Ergo
349 845 457 876 neque
479 834 566 875 impii
590 840 623 866 et
644 833 733 874 mali,
756 844 864 875 neque
882 834 926 875 pii
949 834 1098 866 iudicare

119 880 240 910 debent
262 889 302 909 ex
325 879 425 909 rebus
448 877 604 909 secundis
626 884 683 908 aut
705 877 869 915 adversis,
893 877 953 908 sed
973 887 1013 907 ex
1025 886 1098 908 ver-

119 922 164 952 bo
187 920 262 952 Dei.
307 920 411 951 Dives
434 920 497 951 iste
519 930 586 951 non
610 919 720 951 debuit
743 920 889 951 iudicare
912 929 950 950 se
963 918 1098 960 placere

118 963 209 994 Deo:
239 963 316 1004 quia
337 961 537 1004 aliquamdiu
559 962 668 1001 ssoret,
703 973 776 994 cum
799 963 841 994 sit
865 963 1002 1004 impius;
1035 972 1099 994 nec

116 1005 270 1037 Lazarus
294 1006 392 1037 debet
415 1005 602 1036 existimare
624 1015 663 1038 se
685 1006 850 1037 abiectum
873 1015 951 1036 esse
973 1016 992 1037 a
1012 1005 1098 1043 Deo,

117 1048 245 1080 etiamsi
269 1054 320 1079 est
341 1048 374 1079 in
397 1049 574 1079 aerumnis,

204 1091 267 1122 Hic
290 1096 341 1122 est
369 1089 561 1132 principalis
584 1089 680 1122 locus
713 1091 745 1121 in
779 1091 969 1122 narratione
1001 1091 1098 1122 huius

115 1132 300 1175 Evangelii.
346 1133 476 1165 Addam
498 1144 605 1174 pauca
628 1134 669 1165 de
693 1134 794 1165 dicto:
817 1135 944 1166 Habent
963 1135 1097 1168 Moisem

117 1181 151 1209 et
170 1176 362 1217 Prophetas,
384 1177 456 1208 illos
478 1177 620 1208 audiant.

203 1219 254 1250 Ex
287 1219 354 1250 hoc
388 1219 476 1250 dicto
510 1219 678 1250 discamus
710 1217 899 1250 Ecclesiam
928 1217 1097 1261 alligatam

118 1271 195 1293 esse
231 1262 273 1293 ad
308 1262 521 1302 scripturam,
557 1271 618 1292 seu
641 1262 683 1292 ad
705 1260 772 1293 hoc
797 1262 942 1299 verbum,
967 1262 1055 1303 quod
1078 1272 1098 1293 a

117 1304 193 1336 Deo
217 1304 371 1335 traditum
395 1310 457 1342 est,
480 1310 512 1336 et
533 1304 625 1335 iuxta
647 1305 712 1335 hoc
734 1305 870 1335 verbum
887 1305 1097 1336 iudicandum

118 1356 195 1378 esse
228 1347 269 1377 de
303 1346 474 1377 voluntate
507 1345 582 1384 Dei,
615 1357 682 1377 non
706 1345 813 1384 aliter,
836 1356 934 1388 quam
958 1347 986 1378 si
1008 1357 1097 1378 nova

117 1388 323 1420 revelatione
362 1388 456 1421 Deus
494 1389 567 1430 ipse
605 1390 779 1421 nobiscum
823 1388 1015 1430 loqueretur
1056 1390 1098 1421 de

118 1430 225 1463 coelo.

201 1474 321 1505 Nonne
342 1479 379 1506 tu
401 1483 502 1514 saepe
525 1473 657 1516 cogitas
679 1475 764 1506 inter
786 1475 1003 1515 precandum:
1031 1474 1096 1514 Ah,

117 1527 215 1559 quam
232 1516 373 1548 libenter
394 1515 514 1548 vellem
533 1527 644 1548 coram
665 1517 779 1549 videre
802 1523 835 1549 et
857 1517 970 1549 audire
989 1517 1098 1549 Deum

116 1558 317 1601 loquentem,
350 1564 383 1591 et
415 1560 562 1591 w‘cissim
596 1570 670 1592 eum
705 1559 846 1602 alloqui!
892 1559 1016 1591 Contra
1034 1561 1096 1592 has

117 1602 338 1644 cogitationes
368 1602 433 1634 hoc
463 1603 560 1634 nobis
590 1603 769 1634 remedium
792 1613 870 1634 esse
892 1603 1006 1635 debet:
1028 1602 1096 1635 De·

116 1645 232 1676 bemus
255 1645 371 1676 intueri
393 1655 508 1676 verum
531 1644 651 1683 Deum,
675 1651 784 1677 mente
806 1646 913 1677 defixa
942 1647 984 1677 ad
1006 1647 1096 1678 testi-

116 1687 227 1718 monia
249 1686 494 1728 patefactionis,
530 1694 563 1719 et
584 1689 627 1720 ad
649 1689 810 1727 verbum,
832 1699 897 1730 quo
920 1688 1015 1721 Deus
1039 1699 1095 1721 ex-

117 1729 240 1770 pressit
262 1738 356 1760 suam
374 1729 587 1762 voluntatem.
631 1731 707 1762 Non
731 1732 833 1763 debes
855 1741 1014 1773 quaerere
1037 1742 1095 1763 no-

117 1781 178 1802 vas
213 1770 466 1802 illuminationes
500 1778 594 1804 extra
615 1774 772 1811 verbum3
806 1775 865 1806 sed
895 1784 1028 1816 semper
1050 1775 1095 1806 ita

118 1814 265 1854 cogitare
288 1814 402 1845 debes.

203 1856 281 1887 Seio
306 1862 338 1887 te
361 1866 438 1888 esse
461 1865 575 1888 verum
597 1856 716 1896 Deum,
741 1858 795 1899 qui
818 1858 979 1890 tradidisti
998 1860 1095 1891 nobis

115 1897 182 1930 hoo
204 1899 353 1937 verbum,
377 1905 408 1930 ct
426 1904 458 1930 te
480 1898 568 1931 velle
585 1901 737 1941 agnosci,
759 1902 847 1932 iuxta
868 1900 934 1932 hoc
946 1902 1095 1941 verbum,

115 1939 204 1972 velle
227 1942 318 1973 credi
339 1942 417 1973 huic
429 1943 546 1980 verbo,
570 1944 623 1974 cui
636 1943 754 1974 dedisti
773 1944 970 1981 testimonia,
994 1955 1094 1985 quan-

115 1984 159 2015 do
181 1984 323 2015 eduxisti
334 1983 491 2025 populum
509 1995 550 2016 ex
561 1985 729 2027 Aegypto,
754 1996 827 2017 cum
840 1987 959 2018 dedisti
976 1985 1095 2030 legem,

116 2036 190 2058 cum
214 2025 365 2058 clamasti
387 2028 428 2058 de
450 2026 534 2058 Filio
557 2034 630 2060 tuo:
654 2030 746 2060 Hunc
768 2031 884 2061 audite.
929 2029 975 2060 Te
998 2030 1096 2071 igitur

114 2079 229 2100 verum
251 2069 378 2108 Deum,
412 2070 467 2111 qui
491 2075 523 2101 te
556 2069 745 2111 patefecisti
773 2072 806 2103 in
835 2073 937 2103 verbo
973 2078 1030 2104 tuo
1064 2078 1096 2104 et

114 2112 218 2143 misso
237 2111 333 2151 Filio,
366 2113 499 2152 invoco,
527 2113 586 2144 tibi
620 2115 721 2148 credo
746 2114 893 2156 loquenti
912 2125 1039 2147 meeum
1061 2116 1095 2147 in

115 2155 219 2187 verbo
242 2160 311 2193 tu0,
333 2160 366 2187 et
386 2155 452 2187 hac
473 2166 527 2187 me
550 2157 780 2189 consolatione
803 2159 905 2198 erig-0.

200 2196 296 2228 Hanc
329 2198 512 2230 doctrinam
545 2209 613 2231 non
635 2199 822 2242 intelligunt
848 2199 1095 2241 Enthusiastae‚

114 2240 170 2281 qui
201 2239 358 2282 neglecto
391 2242 496 2272 verbo
521 2248 714 2283 exspectant
746 2252 854 2275 novos
876 2242 1026 2282 afflatus,
1053 2245 1095 2276 de

114 2283 234 2324 quibus
257 2283 397 2315 dicitur:
416 2285 466 2316 Ad
485 2286 585 2324 leyem
607 2289 639 2317 et
661 2287 707 2317 ad
728 2289 959 2326 testimonium;
980 2290 1011 2318 si
1031 2297 1095 2319 non

114 2326 259 2357 dixerint
279 2329 372 2357 iux-la
401 2327 528 2358 verbum
559 2329 635 2366 hoc,
671 2339 736 2361 non
758 2331 824 2361 erit
842 2330 889 2361 ez's
912 2332 970 2361 luz
992 2334 1094 2362 matu-

114 2370 199 2398 tina:
226 2368 258 2398 id
282 2374 350 2407 est,
379 2370 600 2403 versabuntur
621 2371 654 2402 in
677 2373 834 2411 tenebris,
857 2372 890 2404 in
912 2374 1094 2412 erroribus,

113 2410 295 2442 mendacio.

200 2451 311 2493 Saepe
343 2459 454 2485 autem
485 2464 527 2486 ex
548 2455 734 2488 infirmitate
767 2457 949 2500 impingunt
976 2463 1094 2490 contra

112 2493 202 2545 hanc
219 2494 382 2537 regulam,
415 2497 471 2538 qui
502 2508 570 2529 non
592 2505 670 2530 sunt
692 2501 866 2532 exercitati
889 2501 978 2533 veris
1001 2510 1092 2533 exer·

113 2542 197 2568 citns
220 2539 440 2578 poenitentiae
461 2546 495 2571 et
515 2541 748 2574 invocationis.
799 2543 840 2575 Hi
867 2554 942 2576 cum
961 2549 1037 2576 sunt
1059 2544 1091 2576 in

112 2578 301 2620 doloribus,
334 2586 366 2613 et
387 2582 524 2615 audiunt
546 2584 797 2618 sonsolationes
820 2597 863 2618 ex
885 2587 1003 2626 verbo,
1026 2587 1092 2619 dis-

110 2627 226 2662 putant
248 2632 380 2657 secum:
403 2625 464 2661 Ala.
487 2630 607 2667 nescio,
630 2638 674 2661 an
695 2629 784 2662 dicta
805 2631 861 2663 illa
882 2631 927 2662 ad
945 2640 996 2663 me
1016 2640 1091 2672 quo-

1151 287 1210 318 que
1240 281 1444 318 pertineant:
1475 277 1600 311 Nescio,
1624 287 1667 308 tm
1696 280 1905 317 promissioni
1933 281 2128 316 yeneraltter

1146 322 1345 360 propositae,
1379 330 1435 360 eqo
1457 330 1577 360 quoqne
1604 321 1769 351 includere
1795 330 1846 352 me
1873 321 2023 353 debeam:
2051 323 2129 353 For-

1150 367 1249 395 tassis
1282 366 1371 395 Deus
1403 363 1526 402 aliquos
1557 373 1678 403 paucos
1710 364 1820 404 habet,
1854 373 1940 403 quos,
1973 373 2043 395 cum
2066 367 2131 405 ἱροί

1149 408 1233 441 lebet,
1254 409 1469 447 transformat
1490 410 1521 437 ec
1541 408 1704 437 convertit.

1237 448 1303 480 Sed
1345 449 1566 480 removendae
1599 454 1674 479 sunt
1711 449 1794 480 istae
1829 449 2064 490 cogitationeS‚
2098 454 2131 481 et

1149 492 1361 523 statuendum
1385 497 1447 530 est,
1480 491 1588 522 Deum
1622 489 1709 522 velle
1743 501 1805 521 nos
1829 492 1983 522 assentiri
2014 492 2130 531 verbo,

1149 539 1182 564 et
1205 533 1341 572 luctari,
1375 540 1411 566 ut
1444 532 1682 575 amplectamur
1716 534 1860 565 verbum
1917 534 1952 565 In
1976 544 2040 576 quo
2064 545 2131 566 non

1149 575 1244 607 aliter
1266 578 1480 619 acquiescere
1504 577 1682 615 debemus,
1712 586 1810 618 quam
1833 577 1862 608 si
1885 577 1928 608 ad
1951 587 2013 608 nos
2037 576 2131 609 solos

1148 620 1338 660 pertineret.

1235 661 1271 693 ln
1305 661 1363 694 tali
1391 661 1481 694 lucta
1514 662 1611 694 adest
1640 662 1781 703 Spiritus
1805 668 1963 701 sanctus,
1998 663 2131 704 erigens

1148 714 1226 736 nos:
1261 715 1324 737 nec
1356 705 1566 747 cogitandum
1598 710 1649 736 est
1670 705 1766 736 fidem
1788 710 1845 736 aut
1868 703 2132 737 consolationem

1149 748 1291 779 existere
1325 749 1397 779 sine
1425 747 1481 779 tali
1515 747 1615 779 lucta.
1671 747 1852 779 Promissio
1888 748 1981 779 dicit:
2016 750 2134 780 Inroca

1148 800 1196 821 me
1214 791 1247 821 in
1269 792 1322 822 (lie
1345 792 1574 830 trffiulatlonzk,
1607 795 1641 822 et
1660 792 1794 831 eripiam
1817 797 1857 822 te.
1911 790 2010 829 Item,
2045 793 2133 823 lacta

1148 836 1182 865 2⁸73
1204 835 1374 865 Dominum
1396 843 1507 865 curam
1529 837 1624 873 tuam,
1655 838 1689 865 et
1703 837 1773 874 ipse
1795 837 1931 865 enutriet
1954 837 1994 865 te.
2040 833 2132 866 Haec

1149 876 1237 907 dicta
1259 877 1304 907 ita
1326 877 1439 908 audire
1463 877 1578 915 debes,
1600 882 1635 908 ut
1657 877 1687 908 si
1709 876 1841 908 audires
1866 886 1983 908 vocem
2002 875 2065 908 Dei
2089 876 2133 908 ad

1148 923 1181 950 te
1204 929 1303 950 unum
1327 919 1505 961 loquentis.

1236 961 1333 997 Quod
1366 963 1394 993 si
1428 962 1599 993 infirmitas
1634 967 1691 993 tua
1725 962 1856 993 obiicit:
1890 960 1956 1000 Ah,
1992 971 2064 993 sum
2100 962 2132 993 in

1148 1005 1279 1046 magnis
1314 1005 1473 1043 miseriis,
1507 1004 1661 1036 fortassis
1697 1006 1933 1037 succumbam:
1968 1004 2049 1042 imo,
2083 1002 2133 1036 lu-

1150 1048 1232 1078 ctari
1255 1048 1364 1078 statim
1388 1049 1490 1079 debes
1526 1054 1642 1079 contra
1676 1046 1764 1079 hanc
1797 1047 2032 1079 infirmitatem:
2068 1057 2132 1089 ego

1148 1100 1215 1121 non
1239 1092 1467 1128 succumbam,
1490 1091 1566 1132 quia
1583 1091 1741 1131 seriptum
1761 1096 1825 1122 est:
1851 1091 1918 1129 Eyo
1940 1100 2007 1122 sum
2031 1094 2133 1122 tecum

1150 1137 1183 1164 in
1207 1134 1419 1165 tre'bulate'one.
1454 1133 1545 1171 Item,
1568 1133 1667 1165 Beata·
1688 1137 1743 1173 qui
1753 1135 1915 1172 confidunt
1940 1132 2133 1165 zrzfiomfno.

1149 1175 1318 1217 Exspecta
1341 1177 1451 1218 igitur,
1477 1175 1617 1214 confide,
1642 1177 1821 1218 acquiesce
1843 1176 1875 1206 in
1897 1174 1983 1213 Deo,
2014 1181 2046 1206 et
2065 1181 2133 1207 sta-

1149 1223 1203 1250 tue
1222 1224 1254 1249 te
1274 1219 1303 1250 ei
1327 1229 1428 1250 curae
1451 1228 1544 1250 esse:
1574 1219 1650 1260 quia
1679 1220 1815 1250 verbum
1840 1219 1910 1249 eius
1934 1218 2132 1250 audiendum

1150 1266 1212 1300 est,
1242 1271 1310 1292 non
1332 1260 1566 1303 indulgendum
1602 1262 1857 1303 cogitationibus
1891 1260 2055 1292 humanae
2084 1261 2132 1293 iu-

1148 1303 1321 1343 firmitatis,
1344 1310 1407 1335 etc.

1234 1346 1324 1378 Idem
1348 1347 1468 1378 dictum
1491 1352 1624 1378 moneat
1659 1347 1755 1378 etiam
1785 1356 1848 1378 nos
1872 1346 1913 1377 de
1935 1346 2133 1378 auctoritate

1148 1389 1347 1430 scriptorum
1385 1389 1678 1431 propheticorum,
1722 1399 1764 1420 ne
1806 1399 2003 1430 quaeramus
2043 1387 2132 1421 aliud

1148 1432 1320 1464 doctlinae
1340 1442 1458 1475 genus,
1481 1432 1570 1474 quod
1593 1443 1659 1464 non
1682 1432 1783 1463 habet
1804 1432 1991 1463 testimonia
2014 1431 2131 1463 Moisis

1149 1480 1182 1506 et
1204 1475 1458 1517 Prophetarum:
1492 1481 1526 1506 et
1559 1474 1742 1507 referamus
1777 1475 1842 1506 huc
1864 1476 1967 1506 verba
1991 1473 2131 1507 Christi:

1147 1519 1262 1555 Pater,
1296 1520 1462 1558 sanctifica
1496 1528 1550 1550 eos
1583 1522 1617 1550 in
1649 1521 1798 1559 rerilat‘e,
1838 1527 1945 1550 sermo
1977 1521 2051 1550 tuus
2084 1522 2134 1550 ese

1146 1562 1275 1594 veritas.

1290 1721 1513 1755 DOMINICA
1536 1722 1573 1753 Π.
1598 1721 1714 1754 POST
1736 1721 1993 1754 TRINITATIS.

1381 1814 1651 1858 Evangelium
1675 1815 1807 1848 Lucae
1839 1815 1895 1847 14.

1232 1911 1332 1942 Homo
1360 1910 1494 1951 quidam
1525 1910 1607 1950 fecit
1639 1919 1771 1942 coenam
1793 1918 1952 1950 mczynam,
1986 1914 2042 1942 etc.

1233 1985 1432 2029 Principalis
1455 1992 1562 2018 status
1590 1985 1687 2018 huius
1711 1985 1912 2018 narrationis
1937 1991 2003 2018 est:
2043 1986 2128 2022 Que-

1147 2027 1216 2061 rela
1239 2028 1280 2061 de
1302 2030 1468 2070 paucitate
1491 2030 1711 2068 credentium,
1745 2034 1779 2060 et
1803 2028 1988 2061 consolatio
2012 2035 2129 2061 contra

1147 2071 1340 2104 scandalum
1373 2071 1454 2104 illud
1486 2073 1681 2113 paucitatis:
1726 2071 1804 2104 item
1841 2071 2128 2111 connnonefactio‚

1147 2114 1201 2147 vel
1224 2115 1425 2154 testificatio,
1450 2116 1549 2157 quod,
1579 2125 1774 2157 quamquam
1804 2122 1854 2146 est
1877 2125 1999 2157 magna
2021 2114 2128 2147 multi-

1147 2158 1226 2190 tudo
1262 2168 1452 2201 repugnans
1474 2157 1674 2201 Evangelio,
1709 2164 1818 2189 tamen
1842 2157 1936 2189 Deus
1969 2159 2129 2190 immensa

1147 2201 1295 2233 bonitate
1319 2200 1455 2242 colligat
1478 2206 1512 2233 et
1534 2207 1645 2233 servat
1669 2201 1730 2233 sibi
1754 2199 1950 2232 Ecclesiam.

1233 2243 1305 2276 Etsi
1337 2250 1446 2276 autem
1479 2244 1604 2276 initium
1637 2243 1735 2275 liuius
1770 2244 1940 2276 concionis
1975 2243 2016 2275 de
2051 2254 2127 2275 con-

1146 2286 1236 2319 vivio
1258 2286 1357 2320 valde
1380 2286 1478 2319 dulce
1501 2293 1570 2326 est,
1599 2292 1715 2318 tamen,
1731 2287 1826 2317 triste
1846 2285 1913 2318 hoc
1937 2292 2004 2325 est,
2040 2287 2128 2328 quod

1146 2330 1284 2369 dicitur,
1317 2330 1479 2362 Dominus
1516 2330 1617 2362 irasci
1654 2330 1838 2362 lroxuinibu<
1882 2329 2128 2372 22:1¹Igentibus

1145 2378 1270 2405 tantam
1292 2373 1397 2415 ipsius
1420 2373 1608 2404 bonitatett.
1664 2372 1727 2405 Est
1760 2380 1792 2405 et
1812 2371 1984 2405 conclea-io
2014 2374 2128 2407 addita

1145 2416 1314 2455 terribilis,
1337 2426 1422 2458 quae
1444 2415 1609 2458 significat
1632 2426 1786 2458 magnam
1807 2427 1839 2458 p:
1854 2422 1947 2455 ²·tem,
1970 2417 2069 2449 etiam
2092 2419 2125 2450 in

1124 2457 1201 2491 ·illa
1223 2458 1406 2491 multitudi;;
1429 2491 1437 2497 f
1462 2469 1546 2500 quae
1570 2464 1621 2490 cst
1643 2469 1702 2490 vo*
1730 2465 1772 2499 ¹³5
1795 2460 1913 2499 lzczise.

1229 2502 1282 2534 Ne
1303 2507 1412 2534 autem
1441 2500 1637 2543 frangantur
1660 2503 1713 2533 an?
1736 2502 1758 2533 zi
1782 2502 1848 2533 hoc
1881 2502 1966 2535 tristi
1994 2508 2124 2545 speeta-

1143 2543 1232 2584 culo,
1264 2544 1460 2577 consolatur
1481 2544 1645 2577 Dominus
1667 2545 1753 2586 pios,
1787 2545 1876 2586 quod
1910 2550 2022 2578 tamen
2055 2556 2123 2578 ser-

1143 2594 1280 2620 vaturus
1302 2588 1368 2620 sibi
1389 2588 1432 2620 sit
1448 2587 1591 2629 aliquem
1612 2593 1739 2620 coetum
1758 2588 1920 2620 infirmum
1941 2598 1980 2620 ex
1998 2595 2122 2630 spreta,

1141 2631 1377 2670 abiectissima,
1409 2635 1442 2663 et
1474 2631 1658 2663 miserrima
1690 2636 1786 2673 parte
1814 2631 1947 2674 generis
1970 2631 2120 2669 humani3
