2374 2985
98 206 160 239 109

96 310 223 344 poenas
246 310 311 331 non
335 299 456 335 debito,
482 303 535 328 aut
559 308 624 328 non
650 296 856 328 convenienti
879 298 977 328 modo
1002 307 1077 328 exc-

97 346 172 386 qui3
200 349 246 382 ut,
268 342 451 373 Bassianus
476 341 655 382 Imperator
677 338 840 371 interfecit
864 341 1077 380 praestantis-

98 389 214 419 simum
236 384 506 417 iurisconsultum
530 384 762 425 Papinianum,
791 381 957 413 nolentem
980 393 1077 414 excu-

97 440 174 462 sare
197 429 419 470 parricidium.
445 427 485 458 de
510 438 575 468 quo
600 427 745 457 dixerat:
789 425 861 454 Nun
891 429 953 455 tam
977 426 1077 463 fat-lle

97 484 162 503 esse
185 481 334 501 aremare
354 470 573 509 pari-lcidc'nm,
596 480 684 509 quum
708 470 903 498 committere.

183 515 322 550 Quidam
353 514 434 544 civis
472 512 641 543 Romanus
673 511 849 553 opulentus
880 512 1077 543 invitaverat

97 559 285 599 Augustum
310 556 540 596 imperatorem
565 556 606 586 ad
631 565 783 591 coenam;
813 555 934 586 accidit
957 561 1077 593 autem,

96 608 129 633 ut
155 594 275 631 servus
299 598 388 631 illius
403 600 496 637 civis,
521 608 601 629 casu
621 597 755 629 fortuito
773 597 942 639 frangeret
958 599 1078 629 vitrum

95 642 333 686 crystallinum.
379 642 474 673 Hunc
502 641 603 673 herus
628 642 769 672 vinctum
790 641 887 672 iussit
914 641 1011 673 abiici
1045 643 1078 672 in

95 688 268 729 piscinam,
292 692 327 716 ut
346 697 365 717 a
388 685 571 723 muraenis,
595 694 680 725 quae
703 682 801 715 valde
830 690 990 725 appetunt
1018 684 1078 715 hu—

97 740 226 762 manam
250 739 395 766 carnem,
419 727 600 761 laceratus,
623 733 807 758 necaretur.
854 727 922 758 Sed
945 728 1077 767 impedi·

96 774 143 805 vit
170 773 344 813 Augustus
379 772 465 802 hanc
495 768 740 808 crudelitatem,
769 780 843 801 cum
871 769 1011 811 supplex
1035 771 1076 801 ad

97 817 167 847 eius
202 816 304 856 pedes
339 824 458 845 servus
492 824 528 844 se
563 813 775 854 proiecisset,
811 818 936 844 tantum
959 819 1076 854 petens

97 859 205 889 mitius
240 867 346 899 genus
381 857 492 888 mortis
527 857 589 887 sibi
623 856 791 897 impetrari
825 857 867 887 ab
892 856 974 888 hero
1003 866 1075 888 suo.

99 901 274 943 Augustus
300 910 378 931 vero
411 909 492 930 usus
516 909 577 930 sua
600 905 776 940 potestate,
813 909 878 930 non
908 900 1008 930 modo
1029 900 1075 930 in-

97 943 256 974 columem
281 943 442 984 praestitit
465 952 608 980 servum,
637 943 697 973 sed
722 943 818 973 etiam
842 941 995 974 libertate
1019 943 1074 974 do-

95 987 194 1024 navit,
220 986 294 1027 quia
318 990 408 1016 recte
431 985 599 1023 iudicavit,
622 985 777 1017 iniustum
800 995 889 1023 esse,
913 984 1076 1027 hominem

94 1029 235 1061 interfici
258 1036 392 1070 propter
415 1027 544 1069 culpam
568 1027 746 1059 fortuitam.
786 1028 860 1068 lpse
885 1029 982 1060 etiam
1005 1039 1076 1060 sur-

93 1081 176 1114 gens
201 1073 316 1103 evertit
338 1081 498 1109 mensam,
528 1069 644 1102 fractis
667 1070 817 1112 pluribus
848 1070 922 1102 aliis
945 1071 1076 1113 poculis

93 1115 219 1153 vitreis,
243 1120 278 1145 ut
299 1121 453 1156 argueret
477 1114 710 1145 immanitatem
733 1114 812 1145 facti
835 1113 922 1146 illius
946 1115 1040 1146 civis.

179 1156 386 1200 Indulgentia
409 1163 529 1189 autem.
553 1167 638 1198 quae
656 1163 706 1188 est
728 1156 868 1188 alterum
882 1164 1076 1196 extremum,

94 1206 146 1232 est
173 1199 253 1232 nihil
287 1201 414 1242 punire,
448 1206 504 1231 aut
537 1209 676 1240 parcere
710 1199 979 1242 delinquentibus
1003 1201 1076 1232 sine

92 1244 219 1275 ratione
241 1242 414 1284 probabili.
461 1242 543 1273 Cum
565 1249 675 1274 autem
699 1243 913 1274 confirmetur
934 1244 1075 1275 audacia

91 1286 334 1328 improborum,
370 1292 402 1317 et
435 1284 528 1316 multi
561 1283 733 1317 laedantur
767 1285 824 1317 tali
856 1285 1074 1328 indulgentia,

91 1335 184 1360 recte
206 1330 238 1360 in
262 1329 411 1370 Legibus
434 1329 563 1366 dicitur,
586 1328 664 1357 Eam
687 1329 902 1358 crudelitatem
921 1331 991 1368 fieri
1005 1329 1073 1369 pla-

90 1373 198 1401 rimum
220 1375 376 1402 nocentem
396 1373 545 1400 communi
562 1371 797 1411 tranquillitati.

177 1413 322 1446 Damnat
344 1413 431 1446 hanc
454 1413 690 1456 indulgentiam
714 1414 826 1454 Deus,
857 1425 932 1447 cum
956 1415 998 1446 de
1021 1425 1073 1454 eo,

91 1457 147 1499 qui
170 1456 248 1489 fecit
272 1458 406 1489 caedem
425 1458 536 1488 sciens
560 1463 591 1488 et
603 1456 733 1496 volens,
755 1459 888 1489 mandat
900 1458 1073 1500 magistra-

90 1501 158 1532 tui:
203 1503 271 1533 Non
302 1501 506 1533 misereberis
539 1501 619 1540 eius,
653 1511 753 1541 neque
781 1512 904 1542 parcas
937 1505 983 1540 ei,
1017 1503 1076 1534 sed

91 1544 187 1576 tollas
209 1554 279 1575 eum
301 1544 342 1576 cle
370 1549 481 1576 terra:
514 1544 590 1585 quia
618 1550 708 1575 terra
736 1543 913 1586 polluitur,
940 1546 1073 1586 quando

90 1596 158 1618 non
192 1586 352 1618 tolluntur
393 1592 625 1630 grassatores;
682 1593 714 1619 et
753 1598 854 1630 saepe
893 1590 1073 1621 recitamus

91 1639 233 1661 caussas
255 1629 462 1671 publicarum
485 1641 676 1671 poenarum.

181 1672 327 1707 Quarum
349 1674 453 1714 prima
476 1679 528 1704 est
550 1673 672 1705 iustitia
691 1673 770 1711 Dei3
792 1674 869 1716 quia
890 1673 962 1706 vult
980 1673 1074 1707 Deus

93 1714 127 1745 in
150 1713 320 1755 suppliciis
343 1716 496 1757 agnosci,
519 1717 609 1757 quod
632 1718 719 1748 serio
742 1717 908 1748 irascatur
941 1718 1074 1749 turban-

93 1757 182 1788 tibus
216 1757 390 1788 humanam
421 1759 614 1789 societatem
647 1760 816 1791 atrocibus
851 1759 981 1791 delictis
992 1772 1000 1797 3
1042 1767 1074 1792 et

94 1800 183 1840 quod
206 1798 284 1831 velit
312 1801 344 1830 in
369 1810 491 1842 genere
514 1800 657 1832 humano
680 1801 792 1833 lucere
815 1803 991 1834 discrimen
1010 1804 1074 1834 vir-

92 1847 195 1873 tutum
219 1849 251 1873 et
273 1843 440 1876 vitiorum:
476 1849 506 1874 et
542 1845 629 1884 quod
664 1845 847 1876 custodiam
881 1845 1074 1886 disciplinae

92 1885 166 1926 ipse
189 1886 470 1916 commendaverit
501 1885 723 1928 Magistratui.
770 1887 923 1919 Secunda
954 1883 1101 1923 caussal

93 1933 145 1959 est
168 1926 362 1969 exemplum.
386 1927 539 1961 videlicet
562 1935 597 1960 ut
616 1929 672 1960 alii
695 1931 811 1970 poenis
835 1931 907 1961 istis
933 1942 1075 1962 commo—

93 1969 228 2009 nefacti‚
264 1972 492 2003 deterreantur
526 1983 544 2002 a
580 1972 742 2004 similibus
776 1973 919 2015 flagitiis.
966 1974 1076 2006 Tertia

94 2023 233 2052 caussa,
264 2021 297 2045 ut
327 2025 454 2055 poenae
477 2013 552 2045 illae
575 2016 640 2046 sint
663 2017 850 2048 testimonia
873 2017 972 2048 divini
996 2018 1075 2049 iudi-

95 2056 135 2087 cii
158 2057 318 2095 secuturi,
347 2064 378 2088 et
403 2056 737 2090 conunonefactiones
762 2059 804 2091 de
826 2061 974 2091 aeternis
997 2071 1074 2102 poe-

94 2099 146 2129 nis
170 2100 201 2130 in
224 2101 519 2141 impoenitentibus.

130 2265 253 2305 Estne
283 2267 489 2320 proportio
521 2281 676 2321 poenae
709 2268 940 2324 temporalis
973 2276 1015 2309 et,

493 2344 674 2398 peccati?

183 2449 270 2484 Non3
302 2450 378 2490 quia
406 2458 577 2491 peccatum
605 2459 655 2484 est
678 2452 799 2485 malum
822 2454 998 2495 infinitum3
1021 2460 1073 2486 est

95 2492 179 2521 enim
204 2491 428 2534 principaliter
450 2493 585 2527 violatio
608 2496 724 2528 infiniti
749 2498 841 2536 boni,
864 2498 896 2528 id
919 2504 982 2535 est,
1006 2497 1071 2529 Dei

94 2534 217 2575 ipsius3
259 2535 399 2567 debetur
437 2547 518 2579 ergo
558 2539 586 2570 ei
621 2549 732 2581 poena
769 2551 902 2582 quoque
935 2541 1098 2573 infinita-¹

94 2577 170 2607 ideo
207 2588 281 2609 cum
315 2589 444 2620 poenae
476 2581 508 2612 in
538 2579 602 2613 hac
630 2583 697 2614 vita
723 2594 791 2614 non
818 2584 884 2615 sint
913 2584 1070 2625 aequales

93 2619 296 2660 sceleribus,
331 2621 401 2653 vult
431 2622 522 2655 Deus
552 2627 714 2666 agnosci,
749 2633 877 2658 restare
906 2628 1072 2667 iudicium,

93 2663 125 2694 in
155 2673 220 2704 quo
243 2674 310 2695 non
338 2670 461 2697 tantum
487 2668 658 2708 puniturus
680 2669 723 2700 sit
752 2679 825 2708 eos,
859 2671 913 2712 qui
946 2671 978 2702 in
1009 2671 1072 2704 hac

780 201 999 234 POSTILLA
1022 200 1420 235 MELANTHONIANA.

2049 204 2111 237 110

1132 298 1197 329 vita
1233 307 1298 328 non
1333 298 1521 338 puniuntur,
1555 300 1615 329 sed
1650 299 1746 329 etiam
1781 306 1961 340 peccantes
1995 301 2110 340 poenis

1131 341 1276 372 aeternis
1300 341 1547 372 adiudicaturus
1570 342 1629 379 sit,
1653 342 1715 372 nisi
1740 342 1795 372 fiat.
1820 343 1969 373 remissio
1994 353 2110 383 pecca-

1130 389 1239 414 torum
1274 384 1305 414 in
1348 385 1591 421 conversione,
1632 391 1708 415 ante
1748 385 1845 416 finem
1887 385 1984 417 huius
2021 388 2106 418 vitae

1130 433 1266 468 propter
1288 427 1505 459 Mediatorem
1528 426 1643 459 Filium
1668 427 1741 459 Dei.

1133 591 1215 632 Cur
1246 594 1334 633 vult
1365 593 1477 633 Deus
1510 595 1687 634 exerceri
1712 594 2036 645 misericordiam,
2070 605 2111 636 et

1237 670 1332 710 alias
1364 671 1533 711 virtutes
1566 672 1606 710 in
1637 686 1787 725 genere
1811 673 2014 713 humano?

1217 777 1429 819 Respondeo.
1476 779 1555 811 Vult
1583 790 1603 811 a
1626 780 1724 812 nobis
1747 779 1884 823 intelligi
1909 789 1941 812 et
1964 783 2113 814 exerceri

1130 821 1282 858 virtutes,
1305 832 1372 853 non
1395 828 1532 861 tantum,
1555 828 1589 853 ut
1613 834 1676 854 nos
1699 830 1833 865 regant,
1864 825 1923 855 sed
1954 826 2048 856 etiam
2077 832 2113 857 ut

1131 864 1446 907 cogiteiiiuS,](111is,
1475 872 1507 897 ct
1529 865 1637 907 qualis
1660 867 1702 898 sit
1726 866 1831 898 Deus.
1878 868 1925 899 lta
1954 868 2007 899 hic
2036 869 2113 900 dicit

1130 906 1297 938 Christus:
1342 910 1453 940 Estote
1475 910 1701 942 misericordes
1728 914 1813 942 sicut
1838 915 1869 942 et
1890 917 1987 951 puter
2010 916 2114 943 vester

1130 954 1313 983 misericors
1335 956 1390 983 est.
1436 951 1563 984 Tribuit
1586 951 1660 984 Deo
1684 954 1962 993 misericordiam,
1991 960 2025 986 ut
2049 955 2113 986 dis-

1130 1004 1307 1025 cernamus
1332 1005 1407 1026 eum
1430 1005 1450 1025 a
1472 994 1636 1034 Diabolo,
1667 997 1720 1038 qui
1749 1007 1816 1027 non
1841 997 1950 1029 solum
1973 1008 2040 1028 non
2064 1003 2114 1029 est

1128 1038 1330 1076 misericors,
1354 1038 1414 1068 sed
1433 1039 1530 1069 etiam
1554 1037 1695 1070 laetatur
1707 1039 1815 1078 malis,
1838 1046 1871 1071 et
1894 1041 2033 1072 miseriis
2057 1052 2112 1082 ge-

1128 1081 1217 1111 neris
1252 1079 1395 1112 humani.
1460 1081 1557 1116 Quod
1597 1082 1709 1113 vitium
1754 1084 1886 1124 proprie
1926 1085 2114 1115 nominatur

1128 1126 1373 1164 ἐπιχαιρεκακία,
1407 1125 1539 1165 quando
1575 1124 1694 1166 aliquis
1732 1125 1920 1158 calamitate
1950 1127 2113 1159 iustorum

1129 1165 1333 1203 delectatum
1356 1172 1389 1198 et
1412 1173 1464 1198 est
1487 1169 1618 1208 species
1642 1168 1860 1200 crudelitatis.

1215 1209 1379 1241 Diabolus
1402 1217 1454 1241 est
1476 1210 1627 1250 perfecte
1649 1212 1889 1253 εῆτιχίιιρεκακὸς7
1918 1213 2011 1244 ardet
2037 1213 2112 1244 odio

1128 1251 1204 1290 Dei,
1239 1259 1271 1284 et
1304 1258 1481 1293 propterea
1514 1260 1689 1294 grassatur
1728 1255 1761 1285 in
1802 1265 1925 1296 genere
1958 1255 2113 1288 humano·

1127 1295 1169 1326 Et
1192 1306 1267 1326 cum
1290 1295 1417 1336 impulit
1439 1297 1581 1328 miseros
1593 1296 1744 1329 homines
1757 1299 1790 1329 in
1806 1305 1957 1339 peccata,
1975 1306 2008 1330 et
2024 1300 2115 1331 videt

1127 1348 1186 1369 eos
1210 1338 1351 1370 haerere
1373 1339 1406 1370 in
1429 1340 1564 1380 poenis,
1597 1339 1752 1379 laetatur,
1788 1347 1820 1372 et
1843 1342 1927 1374 ridet
1950 1352 2026 1374 eos:
2050 1343 2113 1374 imo

1126 1382 1232 1424 magis
1254 1382 1427 1424 magisque
1440 1389 1581 1415 conatur
1597 1393 1655 1415 eos
1674 1385 1894 1426 praecipitare
1912 1386 1944 1416 in
1967 1386 2113 1417 exitium.

1214 1424 1250 1456 Si
1274 1426 1348 1467 quis
1378 1426 1504 1457 videret
1531 1427 1688 1458 miserum
1722 1427 1920 1460 infantulum
1953 1429 2114 1461 iacentem

1126 1468 1159 1499 in
1189 1467 1300 1510 platea
1328 1479 1369 1500 ex
1403 1468 1502 1510 lapsu
1531 1469 1662 1511 aliqu0,
1695 1476 1727 1501 et
1758 1472 1926 1503 accedens
1955 1472 1998 1503 ad
2028 1482 2114 1510 eum,

1125 1521 1265 1553 prorsus
1289 1511 1503 1544 conculcaret
1531 1513 1691 1554 pedibus,
1726 1519 1891 1556 tamquam
1924 1525 1983 1556 per
2005 1515 2114 1547 iocum

1127 1561 1159 1586 et
1192 1555 1312 1594 risum,
1351 1554 1439 1587 hunc
1483 1566 1599 1588 omnes
1632 1557 1817 1589 iudicarent
1850 1569 1917 1589 non
1950 1557 2114 1591 hominem

1128 1608 1217 1636 esse,
1240 1599 1301 1630 sed
1324 1597 1517 1631 Diabolum.
1569 1600 1626 1632 Sic
1655 1600 1689 1631 in
1717 1600 1845 1643 reliqua
1868 1602 1937 1634 vita
1959 1602 2114 1634 accendit

1126 1640 1294 1673 Diabolus
1317 1643 1526 1674 atrocissima
1556 1644 1631 1674 odia
1658 1644 1691 1675 in
1713 1643 1914 1686 hypocritis,
1949 1646 2114 1677 adversus

1127 1685 1181 1726 pia
1204 1686 1352 1716 membra
1375 1685 1567 1725 Ecclesiae,
1600 1692 1636 1718 ut
1658 1685 1824 1720 laetentur
1857 1699 1971 1721 eorum
2005 1688 2113 1721 malis.

1127 1727 1220 1759 Haec
1239 1734 1291 1759 est
1313 1732 1522 1770 ἐπιχαιρεκαία
1544 1740 1684 1771 prorsus
1706 1730 1900 1764 Diabolica:
1929 1733 2005 1763 ideo
2029 1732 2113 1764 haec

1127 1771 1309 1802 sententia:
1343 1772 1456 1803 Estote
1483 1774 1730 1812 mesericordes,
1763 1778 1847 1806 sicut
1879 1780 1974 1816 paler
2006 1781 2113 1808 vester

1127 1819 1178 1846 esc
1196 1814 1390 1854 misericors,
1423 1820 1476 1845 est
1509 1817 1641 1847 maximi
1674 1818 1841 1848 momenti.
1903 1818 2001 1853 Quod
2023 1819 2112 1860 cogi-

1127 1862 1249 1894 tantes,
1284 1857 1488 1888 debebamus
1523 1865 1654 1899 petere,
1690 1866 1724 1890 ut
1752 1859 1846 1892 Deus
1880 1867 1976 1903 regat
2009 1863 2111 1894 corda

1126 1906 1254 1937 nostra,
1290 1906 1322 1930 et.
1355 1911 1422 1931 non
1456 1902 1623 1941 permittat.
1645 1902 1808 1942 Diabolo,
1844 1910 1880 1936 ut
1912 1903 2046 1937 aboleat
2079 1905 2112 1936 in

1125 1943 1223 1973 nobis
1247 1952 1381 1974 sensum
1404 1944 1662 1976 misericordiae.

1126 2125 1301 2166 Valetne
1333 2126 1491 2166 collatio
1523 2127 1588 2168 illa
1619 2128 1915 2170 misericordiae
1947 2131 1988 2171 in
2019 2132 2109 2171 Deo

1126 2209 1169 2243 et
1199 2203 1446 2255 hominibus,
1499 2220 1623 2259 quam
1669 2205 1853 2248 Christus
1906 2208 1984 2248 hoc
2022 2209 2110 2249 loco

1125 2280 1331 2335 proponit,
1378 2296 1470 2322 cum
1516 2298 1638 2323 nemo
1681 2284 1808 2338 possit
1853 2300 1940 2326 esse
1987 2286 2108 2327 mise-

1223 2358 1355 2410 ricors,
1387 2359 1490 2400 sicut
1520 2360 1633 2400 Deus
1666 2368 1729 2401 est
1759 2362 2008 2405 misericors?

1209 2474 1266 2506 Sic
1288 2475 1373 2507 enim
1396 2482 1628 2518 argumentor:

1252 2546 1290 2576 In
1324 2543 1394 2576 Deo
1427 2550 1478 2577 est
1504 2547 1668 2586 perfectio
1701 2548 1849 2587 infinita,
1888 2559 1982 2589 quam
2016 2559 2108 2582 nemo

1294 2588 1457 2619 hominum
1477 2594 1585 2629 potest
1603 2591 1741 2622 habere:

1252 2631 1339 2670 Eryo
1368 2633 1500 2671 frustra
1532 2634 1592 2664 hoc
1613 2633 1750 2666 dicitur:
1782 2635 1894 2668 Estote
1924 2636 2108 2668 misem'cor-

1297 2675 1365 2712 des,
1387 2678 1470 2707 sicut
1491 2674 1594 2707 Pater
1615 2680 1729 2708 vester.
