2374 2985
104 438 248 477 Fuitne
295 436 442 476 donata
490 434 668 475 remissio
715 439 993 488 peccatorum,
1040 439 1082 473 et

104 531 273 586 Spiritus
313 530 438 570 sancti
478 544 548 584 per
586 528 833 583 baptismum
865 527 1082 569 Iohannis?

190 656 224 687 ld
260 656 382 688 diserte
415 654 597 686 affirmatur
630 654 661 684 in
695 652 806 691 Luca,
842 663 915 684 cum
950 652 1082 684 dicitur:

103 699 320 729 Praedieabat
349 699 531 737 baptismum
559 698 772 736 poeniteutiae
807 697 839 724 ἱη
877 697 1083 725 vernis-sionem]

99 746 308 783 peccatorum.
354 741 516 773 lohannes
550 740 647 772 iussit
681 740 850 770 auditores
878 748 960 770 suos
984 749 1084 780 agere

103 786 354 828 poenitentiam,
390 790 421 816 et
445 785 581 815 credere
603 783 634 813 in
658 781 775 814 Filium
799 781 875 820 Dei,
897 787 932 813 ut
955 782 1083 822 accipe-

104 834 177 860 rent
199 828 426 859 remissionem
448 832 678 868 peccatorumz
724 831 756 857 et
778 824 874 856 huius
898 824 973 856 fidei
997 825 1084 855 testi-

104 872 248 903 monium
271 880 347 902 esse
370 871 479 901 docuit
504 870 713 910 baptismum,
737 869 768 899 in
794 869 888 900 cuius
912 878 974 899 usu
987 867 1084 899 simul

106 914 200 946 fieret
222 912 397 954 applicatio
421 913 626 944 remissionis
650 911 749 950 illius,
774 919 800 943 et
830 912 962 942 donatio
987 911 1084 951 Spiri-

105 963 159 989 tus
182 957 300 987 sancti.

105 1121 189 1163 CUI'
220 1136 297 1176 ego
329 1121 440 1162 dicit:
487 1125 558 1166 Eyo
581 1126 703 1166 baptizo
735 1136 789 1155 vos
812 1136 907 1166 aqua:
955 1126 1010 1155 secl
1033 1128 1085 1165 qm'

98 1200 176 1236 post
198 1206 244 1227 me
263 1197 371 1234 veniet,
394 1194 565 1233 baptizabit*
588 1205 643 1223 vos
666 1194 789 1233 Spiritu,
812 1198 920 1224 sancto
944 1199 973 1224 et
995 1196 1084 1234 iqui?

190 1298 409 1339 Respondeot
454 1297 688 1329 Necessarium
713 1297 888 1329 discrimen
912 1305 982 1336 est,
1018 1309 1084 1340 quo

103 1342 335 1373 discernuntur
357 1350 523 1382 personae
546 1339 713 1379 Iohannis,
737 1347 769 1372 et
792 1340 926 1372 Christi.
967 1340 1084 1372 Iohan-

101 1394 162 1416 nes
186 1390 218 1415 et
241 1394 355 1415 onmes
379 1383 518 1416 ministri
543 1384 711 1424 baptiza-nt
734 1394 839 1425 aqua,
869 1384 901 1415 id
925 1389 993 1422 est,
1027 1384 1085 1415 ad·-

101 1427 288 1459 ministrant
312 1427 539 1458 ceremoniam.
580 1425 734 1458 Christus
758 1428 813 1458 dat
846 1427 981 1469 propria
1017 1426 1084 1458 effi-

102 1471 198 1502 cacia
221 1470 376 1511 Spiritum
400 1474 569 1508 sanetum,
605 1470 660 1511 qui
692 1475 743 1501 est
767 1470 853 1512 ignis
877 1471 1028 1502 iudicans
1052 1476 1085 1502 et

102 1523 245 1555 arguens
269 1519 444 1554 peccatum
467 1513 500 1545 in
524 1513 640 1551 nobis,
674 1518 706 1544 et
728 1512 871 1546 afferens
895 1524 1015 1545 novam
1038 1512 1084 1546 lu-

103 1566 174 1588 cem
197 1561 228 1587 et
251 1557 364 1587 vitam.

188 1598 314 1630 Eodem
336 1599 436 1630 modo
460 1599 501 1630 de
523 1599 772 1639 praedicatione
792 1600 884 1631 verbi
897 1599 1084 1642 significan-

101 1648 152 1674 ter
173 1642 279 1683 inquit
301 1642 468 1683 Baptista:
492 1641 563 1681 Eyo
586 1652 650 1672 sum
673 1653 737 1672 voce
761 1643 942 1673 clamantis:
963 1643 996 1674 id
1021 1648 1084 1680 est,

101 1695 175 1717 sum
197 1690 324 1717 tantum
346 1686 495 1716 minister
517 1695 642 1716 sonans
662 1685 890 1728 Evangelium,
913 1696 973 1727 per
996 1686 1084 1727 quod

102 1726 186 1759 alius
210 1733 261 1758 est
284 1727 423 1766 efficax,
447 1726 577 1760 scilicet
601 1727 766 1760 Christus.
812 1729 869 1761 Sic
888 1740 962 1761 cum
986 1729 1084 1760 audis

101 1769 349 1812 praedicantem
361 1769 512 1808 Paulum,
534 1776 590 1802 aut
612 1772 762 1813 quemvis
785 1771 885 1804 alium
902 1772 1084 1803 ministrum

101 1812 274 1845 Ecclesiae
307 1812 503 1854 legitimum:
538 1823 612 1844 cum
645 1814 740 1845 vides
770 1825 830 1846 eos
853 1815 1085 1846 administrare

102 1856 319 1897 Baptismum,
343 1857 432 1887 scias
456 1866 514 1887 eos
538 1854 629 1897 fungi
652 1863 790 1888 externo
808 1858 1001 1896 ministerio,
1025 1857 1084 1888 sed

103 1898 202 1931 alium
232 1908 308 1930 8558
343 1897 532 1937 efficacem,
565 1898 693 1930 scilicet
717 1899 903 1938 Christum,
937 1901 991 1942 qui
1025 1910 1086 1942 per

103 1942 239 1973 verbum
263 1948 295 1972 et
319 1942 533 1973 Sacramenta
556 1948 692 1974 externa
715 1950 766 1974 est
797 1942 934 1981 efficax,
969 1948 1000 1974 et
1030 1943 1085 1974 dat

102 1985 249 2027 potentia
278 1985 386 2016 divina
411 1985 640 2017 remissionem
663 1992 894 2026 peccatorum,
929 1986 1084 2027 Spiritum

104 2033 254 2058 sanctum
277 2033 309 2058 et
331 2029 431 2059 vitam
449 2034 617 2060 aeternam
641 2029 852 2060 credentibus
877 2035 908 2061 et
931 2030 1085 2060 invocan-

104 2071 202 2100 tibus.
247 2070 345 2101 Fides
379 2072 478 2113 igitur
504 2072 669 2103 intueatur
693 2070 877 2110 Christum,
911 2083 976 2103 non
1000 2073 1084 2103 istos

105 2112 275 2150 doctores,
298 2119 330 2144 et
353 2115 436 2145 sciat
459 2125 518 2155 per
540 2125 580 2145 ac
602 2121 738 2156 propter
751 2114 919 2146 Christum
943 2115 1014 2146 dari
1037 2125 1084 2146 re-

105 2156 297 2187 missionem
319 2163 544 2197 peccatorum‚
568 2164 600 2188 et
623 2168 642 2189 a
665 2157 800 2190 Christo
823 2165 911 2200 petat
926 2158 1083 2200 Spiritum
1108 2188 1110 2196 ,

105 2203 256 2271 ῗξιηιίῑυηι
291 2204 323 2229 81
357 2200 458 2231 vitam
491 2206 679 2239 aeternam,
714 2211 781 2233 non
816 2212 835 2232 a
860 2201 1006 2233 Iohanne
1030 2199 1083 2232 vel

133 2252 175 2273 au
191 2252 221 2273 o.

105 2407 213 2456 Quid
243 2414 317 2456 est,
346 2408 456 2461 quod
493 2408 624 2450 Lucas
657 2410 771 2450 dicit:

206 2480 244 2509 ab
267 2491 302 2510 eo
326 2482 358 2510 in
381 2480 522 2514 Iordane
545 2486 721 2522 confitentes
740 2488 876 2524 peccata
899 2484 978 2515 sua?

831 2415 1082 2455 Baptizabantur

187 2582 344 2624 Papistae
367 2583 443 2615 hinc
466 2583 623 2618 inferunt:
668 2587 757 2627 Eryo
788 2589 942 2626 confessio
966 2591 1011 2617 est
1033 2598 1081 2617 ne-

101 2628 249 2655 cessaria.
302 2626 515 2668 Respondeo.
571 2628 748 2669 Concedo,
795 2637 846 2662 est
878 2631 1081 2670 necessaria,

102 2667 227 2701 scilicet
260 2670 425 2712 generalis
459 2670 646 2712 confessio,
681 2674 722 2705 de
751 2684 815 2716 qua
839 2684 940 2715 saepe
963 2674 1081 2706 dicitur

254 2738 403 2758 MELANTH.
419 2740 499 2761 OPER.
515 2740 578 2761 VOL.
595 2741 666 2763 XXV.

792 214 1010 247 POSTILLA
1029 212 1427 245 MELANTHoNtANA.

2071 207 2113 239 98

1105 312 1108 327 ¹
1132 308 1228 339 etiam
1252 308 1282 338 in
1308 305 1416 344 Mose,
1442 311 1474 337 et
1498 307 1528 336 in
1553 305 1638 336 libro
1656 303 1795 335 Esdrae.
1841 303 1906 334 Sed
1932 313 1996 334 non
2021 308 2113 333 recte

1105 331 1109 373 Ι
1133 351 1348 391 detorquetur
1381 350 1423 381 ad
1447 349 1724 380 enumerationem
1750 345 1955 389 singulorum
1980 344 2114 377 delicto:

1132 404 1203 425 rum
1228 404 1339 424 coram
1364 393 1550 430 sacerdote,
1576 402 1673 432 quam
1698 390 1852 431 Papistae
1876 395 2017 420 tuentur.
2054 387 2114 419 Co-

1133 447 1202 467 ram
1227 435 1300 467 Deo
1324 436 1487 477 privatim,
1513 441 1542 466 et
1568 445 1678 465 coram
1692 432 1844 464 Ecclesia
1868 431 1997 473 publice
2020 433 2114 463 debc-

1134 489 1206 510 mus
1230 478 1326 510 fateri
1348 489 1411 509 nos
1435 488 1512 510 esse
1536 483 1743 519 peccatores.
1790 477 1845 507 Sic
1875 477 1992 506 dicitur
2014 486 2114 516 popu-

1134 522 1188 554 lus
1212 522 1346 554 venisse
1369 522 1410 553 ad
1430 522 1619 559 Iohannem,
1643 526 1674 551 et
1699 519 1874 550 consessus
1900 529 1976 550 esse
2000 529 2115 559 pecca-

1135 572 1168 596 ta
1193 576 1254 597 sua
1278 575 1389 597 coram
1413 565 1488 596 Deo
1512 570 1544 596 et
1560 562 1730 597 Ecclesia,-
1753 564 1782 593 id
1808 569 1870 601 est,
1894 562 2003 593 testati
2028 568 2116 601 sunt,

1137 619 1174 639 se
1198 618 1275 639 esse
1298 618 1375 639 reos
1399 607 1574 639 multorum
1599 612 1823 648 peccatorum,
1848 616 1884 636 se
1908 604 2022 636 dolere
2045 615 2115 646 pro-

1109 666 1112 678 ·
1136 658 1208 692 pter
1231 658 1379 692 peccata,
1404 650 1490 682 velle
1514 650 1662 682 converti
1688 649 1860 687 achum,
1876 655 1984 689 petere
2005 648 2116 679 ren—,is-

1137 695 1265 726 Ι510118111
1288 700 1511 736 peccatorum.

1110 843 1216 900 [Ubi
1250 844 1450 883 Iohannes
1489 850 1549 882 est
1588 843 1702 882 testis
1743 844 1793 881 de
1827 843 2116 881 resurrectisme

1110 903 1406 979 imurtuorum,
1447 930 1499 969 de
1541 929 1703 977 iudicio,
1745 929 1795 968 dc
1829 928 1911 968 vita
1945 934 2118 977 aeterna,

1110 976 1113 990 1

1110 999 1113 1069 i
1403 1015 1453 1055 de
1486 1015 1626 1070 poenis
1658 1014 1829 1054 aeternis
1838 1015 1856 1053 ἶ)

1109 1075 1113 1102 ι

1201 1133 1254 1163 De
1278 1132 1330 1163 his
1353 1131 1501 1164 articulis
1526 1132 1600 1163 tidei
1624 1138 1775 1169 testatur,
1801 1141 1873 1162 cum
1896 1131 2015 1172 inquit:
2046 1130 2120 1160 Ven-

1136 1175 1279 1204 timorum
1303 1179 1347 1205 est
1371 1177 1402 1204 ἰιι
1426 1186 1515 1204 mmm
1539 1177 1613 1208 eius,
1637 1179 1666 1205 et
1689 1174 1849 1203 mundabit
1873 1184 1996 1203 arenam
2024 1185 2119 1209 smum,

1137 1223 1166 1248 et
1192 1219 1395 1257 confflefflmit
1418 1220 1554 1248 triticam
1577 1229 1660 1247 suum
1675 1219 1705 1246 ἰη
1719 1218 1877 1248 horreum:
1898 1216 2009 1256 palens
2022 1221 2121 1247 autem

1137 1262 1289 1291 comburet
1301 1264 1373 1299 imre
1385 1261 1630 1300 inezlinfflu'bc‘li.
1680 1261 1764 1291 llinc
1777 1267 1926 1301 apparet,
1942 1260 2120 1292 {ohannem

1138 1314 1339 1345 repurgasse
1373 1310 1475 1336 totum
1515 1305 1698 1335 doctrinam
1733 1303 1923 1341 Ecclesiae,
1970 1303 2121 1335 refutatis

1137 1347 1338 1378 Pharisaicis
1363 1354 1394 1378 et
1418 1347 1687 1379 Sadducaeorum
1712 1347 1901 1383 erroribus3
1926 1353 1956 1377 et
1980 1348 2011 1378 in
2035 1358 2119 1378 sum-

1136 1401 1208 1428 ma,
1241 1391 1395 1422 docuisse
1419 1391 1551 1429 eadem,
1587 1401 1672 1432 quae
1695 1389 1794 1421 hodie
1817 1400 1881 1421 nos
1905 1400 2063 1421 sonamus
2089 1391 2120 1421 in

1136 1432 1299 1465 Ecclesiis
1323 1434 1448 1465 nostris
1472 1432 1695 1475 Evangelicis,

1138 1584 1208 1623 De
1231 1585 1565 1634 testimoniis,
1590 1584 1768 1637 quibus
1786 1584 2122 1623 ministerium

1138 1670 1406 1724 Baptistae
1454 1669 1807 1710 confirmatum
1857 1677 1933 1709 est
1979 1670 2122 1708 divi-

1556 1764 1663 1804 nitu
1674 1779 1701 1803 s.

1225 1855 1291 1885 lam
1316 1855 1491 1886 *videndum
1511 1862 1574 1893 est,
1598 1865 1683 1896 quae
1704 1856 1891 1887 testimonia
1914 1855 2008 1886 Deus·
2032 1856 2122 1887 addi-

1138 1898 1222 1928 derit
1244 1899 1411 1929 vocationi
1436 1904 1468 1929 et
1492 1898 1661 1929 doctrinae
1674 1897 1854 1929 Iohannis?
1876 1898 1951 1930 Non
1975 1896 2053 1930 fecit
2076 1901 2121 1930 Io-

1108 1933 1113 1987 1
1138 1940 1266 1971 hannes
1290 1941 1361 1981 ipse
1385 1941 1553 1972 miracula.
1589 1941 1657 1972 Sed
1681 1947 1790 1972 tamen
1813 1942 2002 1973 testimonia
2026 1941 2121 1983 plura

1137 1983 1263 2020 imbuit,
1287 1994 1384 2024 quam
1407 1982 1496 2015 ullus
1520 1983 1602 2016 alius
1627 1991 1830 2015 sanctorum.

1224 2027 1462 2059 Praedixerunt
1488 2028 1527 2058 de
1557 2037 1595 2058 eo
1621 2028 1687 2059 duo
1710 2027 1915 2068 Prophetae,
1946 2027 2065 2058 Esaias
2091 2033 2122 2059 et

1108 2064 1333 2104 lhlalachias.
1378 2069 1530 2113 Angelus
1561 2071 1728 2102 denuntiat
1765 2071 1834 2102 eius-
1871 2072 2122 2111 conceptionem

1107 2107 1111 2179 Ξ
1137 2119 1169 2144 81
1192 2114 1407 2152 nativitatem,
1443 2119 1474 2144 et
1497 2112 1652 2145 officium.
1701 2113 1883 2145 Zacharias
1908 2115 2120 2153 obmutescit,

1136 2162 1168 2187 et.
1192 2157 1306 2198 recipit
1328 2162 1446 2197 postea
1471 2167 1599 2188 vocem.
1635 2155 1795 2198 Repletus
1820 2163 1870 2188 est
1890 2157 1921 2188 in
1943 2165 2036 2188 utero
2051 2157 2121 2199 Spi-

1107 2208 1110 2254 i
1136 2200 1199 2230 ritu
1223 2205 1353 2231 sancto.
1400 2200 1507 2231 Sentit
1530 2201 1751 2241 praesentiam
1777 2201 1827 2231 sui
1852 2200 1996 2238 Domini,
2022 2211 2121 2242 quem

1107 2240 1223 2274 isaltu
1258 2243 1387 2284 excipit.
1432 2242 1593 2284 Repletur
1627 2243 1726 2274 etiam
1761 2249 1867 2274 mater
1890 2244 2014 2285 Spiritu
2043 2254 2120 2275 san·

1106 2276 1110 2341 ,
1136 2291 1203 2323 810,
1236 2296 1428 2328 agnoscens
1461 2287 1599 2318 Mariam
1634 2292 1769 2328 gestare
1792 2286 1909 2318 Filium
1938 2286 2013 2325 Dei,
2046 2297 2122 2319 cum

1135 2329 1280 2360 nondum
1328 2340 1370 2360 ex
1416 2328 1488 2361 aliis
1533 2329 1734 2368 audivisset,
1781 2340 1852 2361 earn
1900 2339 1977 2361 esse
2012 2331 2122 2372 gravi-

1135 2372 1221 2403 dam.
1266 2371 1430 2404 Iohannes
1452 2374 1523 2414 ipse
1547 2378 1644 2403 natus
1670 2378 1722 2403 est
1745 2383 1785 2404 ex
1809 2383 1873 2404 anu
1893 2372 1996 2404 sterili
2022 2379 2053 2404 et
2077 2372 2120 2404 ef-

1135 2413 1234 2446 foeta.
1279 2415 1408 2447 Nomen
1443 2417 1473 2446 ei
1507 2417 1684 2456 imponitur
1719 2426 1785 2446 non
1809 2416 1880 2447 sine
1903 2417 2121 2447 admiratione

1134 2458 1287 2490 omnium.
1333 2458 1375 2489 Et
1398 2457 1615 2501 Evangelista
1639 2459 1728 2496 dicit,
1748 2460 1848 2497 finisse
1871 2470 1989 2488 numum
2013 2459 2120 2489 Domi-

1133 2502 1167 2529 m'
1188 2512 1282 2541 super
1298 2513 1437 2541 puerum.
1468 2502 1564 2538 Quod
1588 2501 1794 2543 significatur
1818 2501 1963 2534 eluxisse
1987 2504 2018 2534 iu
2043 2513 2119 2544 pn&

1133 2544 1207 2576 ritia
1230 2545 1301 2577 eius
1324 2546 1466 2587 insignia
1496 2547 1583 2577 dona
1605 2545 1746 2586 Spiritus
1778 2545 1904 2584 sancti,
1933 2556 2019 2588 quae
2042 2547 2120 2577 sub-

1133 2587 1208 2620 inde
1232 2596 1408 2620 creverunt
1433 2589 1465 2620 in
1490 2599 1541 2620 eo.

1218 2630 1320 2663 Filius
1350 2632 1413 2664 Dei
1451 2630 1593 2673 praefert
1629 2641 1701 2662 eum
1737 2632 1889 2664 omnibus
1924 2631 2120 2673 Prophetis3

1133 2675 1198 2707 imo
1222 2674 1375 2707 omnibus
1401 2676 1459 2717 qui
1484 2675 1548 2706 nati
1574 2682 1648 2706 sunt
1674 2685 1713 2705 ex
1739 2673 1941 2708 mulieribus,
1988 2675 2120 2717 Accipit
