2343 2970
146 189 209 222 397
833 188 1048 220 POSTILLA
1071 188 1472 221 MELANTHONlANA.
2093 190 2158 223 398

144 283 235 315 Talis
259 290 307 314 est
332 282 453 313 laetitia
476 283 507 313 in
528 283 674 314 Christo·
732 284 805 315 ldco
829 293 911 315 usus
945 289 995 314 est
1020 282 1127 314 Evan-

146 327 265 370 gelista
286 327 389 357 verbo
412 322 575 365 ἠγαλλιόσα
598 339 640 356 το.

232 369 412 410 Postquam
436 376 543 400 antem
578 370 610 399 in
645 368 703 400 illa
736 368 861 400 laetitia
891 369 959 410 egit
992 369 1127 410 gratias,

145 420 262 455 postea
289 413 380 443 addit
413 412 596 443 doctrinam
630 413 670 443 de
700 412 865 454 agnitione
896 412 972 443 Dei.
1019 412 1128 443 Docet

145 466 225 494 1108,
263 453 482 497 Evangelium
524 466 601 486 csse
642 456 824 487 doctrinam
859 465 925 486 non
959 455 1127 486 inventam

145 500 281 533 ratione,
305 499 337 529 id
361 504 423 536 est,
447 499 593 529 notitiam
618 498 681 530 Dei
716 504 748 529 et
768 497 838 529 filii
862 497 925 528 Dei
960 507 1025 528 non
1049 508 1127 529 esse

144 543 299 584 quiddam
322 540 497 579 rationale,
532 542 620 582 quod
643 542 742 573 homo
777 551 838 571 sna
872 541 1056 581 sagacitate
1080 542 1126 572 in-

143 585 256 616 venire
278 585 395 626 possit.
440 587 538 616 Nemo
564 588 652 616 novi(
675 589 802 625 patrem
826 584 960 625 (inquit)
989 587 1054 615 71έεὶ
1076 586 1126 615 Fe·-

142 630 216 666 lius,
236 633 267 660 et
282 632 333 660 cm·
356 630 490 659 voluerit
511 630 612 659 Filius
634 630 786 659 revelare.
845 627 919 666 lpse
952 626 1007 658 hic
1038 625 1125 657 affir-

142 677 220 709 mat,
255 672 344 713 quod
379 672 419 702 sit
455 670 574 702 efficax
599 681 671 702 cum
695 670 805 708 Patre,
841 671 927 700 sicut
961 668 1026 701 alio
1049 669 1124 701 loco

143 714 237 745 dicit:
262 717 362 746 Pater
384 719 550 754 operatur,
580 719 613 745 et
632 723 690 753 eyo
712 723 836 753 operor.
893 713 955 744 llic
979 723 1059 752 ergo
1080 714 1125 743 di-

142 758 243 794 scite,
278 758 364 798 quod
389 758 502 788 notitia
526 757 588 787 Dei
622 762 654 787 et
680 755 749 786 Filii
772 756 846 794 Dei,
880 762 911 787 et
947 757 1124 787 conversio
1149 772 1152 802 3

141 800 183 831 ad
206 800 326 837 Deum,
351 806 383 831 ct
394 800 510 830 Filium
523 799 596 834 Dei,
620 806 672 830 est
696 809 780 839 opus
800 798 874 836 Dei,
901 801 973 831 Gotl
994 802 1128 831 werck-et

140 845 209 875 das,
265 844 331 874 Sed
356 849 513 884 operatur
535 843 599 873 isto
624 843 738 873 modo:
773 842 913 882 Oportet
937 848 969 873 te
993 852 1069 873 esse
1092 843 1123 873 in

142 885 199 917 illo
222 886 452 927 pandochaeo,
476 886 507 916 in
530 884 588 915 illo
614 884 773 926 hospitio:
799 886 937 926 Oportet
957 892 988 916 to
1008 886 1123 916 audire

141 929 366 960 Ministerium.
390 929 464 970 lpse
476 926 545 959 vult
557 934 588 959 te
601 929 722 959 docere
735 938 794 969 per
813 939 927 959 vocem
940 927 1123 970 Evangelii.

228 972 262 1003 ld
286 972 473 1013 oppositum
497 977 549 1002 est
572 971 845 1012 persuasionibus
869 970 967 1013 legis,
992 972 1032 1003 de
1055 972 1124 1013 qui-

141 1017 202 1047 bus
227 1017 355 1057 quaerit
379 1016 442 1046 iste
467 1015 601 1053 νομικὸςε
634 1016 717 1052 Οιιῖιί
738 1017 882 1055 faciens,
918 1016 1124 1047 haereditabo

139 1062 235 1090 ritum
263 1062 439 1090 aeternam.
498 1059 540 1088 At
576 1068 657 1088 vero
683 1057 837 1088 Christus
868 1059 987 1099 inquit:
1024 1060 1124 1090 Nemo

138 1105 225 1134 novit
248 1103 386 1141 Patrem,
415 1104 480 1133 uisi
501 1104 553 1132 cne'
570 1103 671 1132 Filius
697 1102 893 1132 revelaverit.
945 1101 1049 1131 Nemo
1080 1101 1122 1131 ad

140 1145 271 1176 Patrem
306 1145 393 1175 venit
427 1143 489 1175 nisi
524 1154 582 1184 per
608 1143 740 1175 Filium:
776 1155 858 1186 ergo
893 1154 988 1174 nemo
1024 1144 1123 1175 habet

139 1188 368 1219 remissionem
391 1192 620 1228 peccatorum,
653 1197 748 1218 nemo
774 1188 892 1228 accipit
920 1187 1121 1228 agnitionem

139 1230 214 1265 Dei,
232 1237 269 1261 et
294 1231 382 1261 vitae
404 1236 578 1266 aeternae,
607 1230 669 1260 nisi
697 1240 757 1271 per
780 1229 907 1261 Filium.
959 1229 1049 1261 llaec
1073 1236 1123 1261 est.

140 1283 206 1304 vox
229 1273 401 1314 Evangelii
425 1274 506 1303 sicut
538 1271 615 1304 alibi
640 1283 771 1314 quoquo
795 1273 931 1304 dicitur:
966 1275 1052 1305 Haec
1075 1278 1124 1304 est

139 1320 203 1348 cita
220 1321 364 1355 aeterna,
388 1321 423 1347 ut
442 1320 635 1356 coynoscmzt
654 1321 696 1353 te,
716 1321 749 1347 et
768 1326 860 1355 quem
883 1317 999 1348 misisti
1016 1318 1121 1348 Iesum

138 1370 210 1391 esse
237 1361 407 1392 Christum.
452 1359 555 1389 Nemo
580 1364 690 1399 potest
708 1369 894 1400 agnoscere
924 1360 986 1390 nisi
1010 1360 1121 1390 audita

142 1412 224 1433 voce
242 1401 427 1444 Evangelii,
452 1402 539 1443 quod
562 1400 678 1432 Filium
714 1403 895 1442 oportuerit
929 1401 1001 1433 fieri
1030 1403 1119 1434 victi-

138 1456 234 1483 mam,
259 1455 325 1476 non
348 1443 472 1486 angeli,
502 1455 566 1476 non
596 1443 744 1476 homines
769 1444 832 1476 hoc
858 1446 1035 1476 scivissent
1058 1455 1120 1476 sua
1142 1463 1147 1476 t

136 1489 306 1529 sapientia.
363 1487 448 1522 Quid
483 1488 581 1530 igitur
614 1494 665 1519 est
698 1487 777 1519 lex?
838 1488 890 1519 An
924 1498 991 1519 non
1025 1488 1119 1530 Lege

135 1541 251 1563 sumus
274 1532 372 1562 iusti?
423 1532 474 1562 An
498 1541 564 1562 non
596 1541 759 1563 meremur
786 1531 1015 1563 rexni‹si‹=11e111
1044 1542 1118 1573 pec-

135 1580 284 1606 catorum
306 1574 417 1616 Lege?

222 1616 280 1648 llle
303 1617 421 1657 νομικὸς
439 1629 513 1649 cum
536 1618 732 1650 audivisset:
751 1620 849 1650 Nemo
871 1621 958 1650 novit
978 1620 1117 1658 Patrem,

135 1664 200 1693 nisi
217 1661 338 1699 File‘us,
371 1667 434 1692 etc.
471 1661 641 1692 debuisset
677 1661 842 1702 cogitare:
879 1671 945 1692 non
979 1672 1117 1702 possum

134 1704 259 1735 habere
281 1705 380 1735 vitam
401 1710 579 1741 aeternam,
603 1704 665 1734 nisi
688 1714 746 1744 per
764 1703 852 1736 hunc
864 1703 990 1735 Filium.
1026 1704 1116 1746 Ergo
1139 1711 1144 1745 t

136 1753 267 1788 oportet
300 1757 352 1778 me
386 1748 500 1778 audire
535 1753 624 1779 tuam
658 1757 785 1785 vocem,
820 1753 852 1778 et
876 1748 1013 1779 credere
1047 1749 1116 1779 tibi.

135 1789 289 1821 Clu-istus
315 1801 386 1821 enm
411 1790 607 1831 interrogat:
636 1791 795 1827 Quomodo
817 1793 919 1829 leqis?
936 1792 1117 1831 respondet

134 1832 203 1865 ille:
237 1834 361 1873 Diliges
393 1834 560 1865 Dominum
592 1835 693 1864 Deum
715 1838 819 1871 acum,
853 1839 918 1864 etc.
963 1832 1116 1864 Christus

135 1877 227 1908 dicit:
262 1876 332 1908 Hoc
351 1880 410 1916 fac
432 1881 463 1907 rt
484 1880 576 1907 vires.
633 1875 694 1906 Est
729 1877 849 1907 dictum
869 1876 1048 1907 ironicum:
1084 1877 1116 1907 id

134 1925 203 1957 est,
235 1924 269 1951 tu
300 1930 367 1950 non
390 1918 491 1957 sacis,
525 1929 605 1959 ergo
636 1929 701 1949 non
724 1918 865 1950 habebis
888 1919 988 1950 vitam
1010 1924 1117 1950 aeter-

133 1972 221 1993 nam.
266 1961 367 2001 Dicit,
389 1963 479 2004 quod
502 1958 692 1993 non‘faciat
709 1962 852 2003 Legem3
875 1963 939 1993 imo
965 1973 1039 1993 cum
1062 1961 1116 1993 ille

135 2004 228 2036 dicit:
256 2006 332 2042 Quis
354 2011 403 2037 est
417 2009 589 2046 promimus
607 2006 717 2037 meus?
767 2005 920 2036 Christus
943 2006 1116 2046 proposita

137 2045 191 2078 illa
221 2048 294 2086 ipsa
327 2049 468 2090 imagine
497 2049 538 2079 de
570 2048 794 2086 Samaritano,
830 2049 991 2086 ostendit,
1027 2049 1115 2090 quod

137 2100 202 2121 non
226 2090 325 2121 faciat
348 2089 466 2132 legem.
512 2090 584 2129 llle,
609 2092 730 2132 inquit,
760 2097 811 2122 est
834 2092 1003 2132 proximus
1028 2098 1115 2127 tuus,

136 2133 192 2174 qui
214 2133 339 2174 indiget
358 2139 413 2164 tuo
437 2134 610 2172 beneficio,
641 2141 671 2165 et
694 2135 827 2166 omnino
850 2144 928 2165 sese
951 2135 1115 2176 depingit:

135 2175 208 2217 Ego
227 2186 301 2207 sum
324 2175 378 2207 ille
401 2176 638 2215 Samaritanus,
668 2178 722 2219 qni
749 2176 837 2209 facio
860 2177 984 2219 legem,
1014 2177 1115 2219 diligo
1140 2156 1143 2215 Ι

134 2219 329 2260 proximum,
353 2220 484 2260 impono
503 2221 583 2251 meis
605 2220 762 2259 humeris,
785 2231 849 2263 ego
862 2227 1027 2258 sustento,
1051 2230 1114 2262 ogo

134 2271 229 2293 sano.
274 2262 426 2293 Ostendit
445 2262 477 2293 in
500 2261 565 2293 hac
586 2263 659 2304 ipsa
681 2265 834 2306 imagine,
859 2264 949 2306 quod
971 2262 1024 2294 lex
1048 2274 1114 2294 non

134 2304 255 2336 salvet:
290 2305 365 2347 quia
399 2306 563 2337 Sacerdos
598 2313 629 2338 et
652 2307 770 2340 Levita
792 2312 1019 2349 praetereunt,
1054 2308 1114 2337 sed

133 2346 190 2379 ille
213 2349 438 2379 Samaritanus
463 2347 581 2379 salvat.

222 2391 262 2421 Hi
286 2397 364 2422 sunt
388 2401 469 2432 ergo
494 2390 558 2422 loci
585 2390 681 2423 huius
711 2399 822 2424 textus
851 2393 1018 2434 praecipui
1043 2392 1113 2423 Pri-

133 2444 206 2464 mus
241 2434 281 2463 dc
314 2432 516 2464 revelatione
555 2434 726 2477 Evangelii
761 2443 793 2467 et
834 2437 1000 2477 agnitione
1031 2434 1112 2466 Filii.

132 2475 223 2517 Ergo
248 2475 399 2507 Ecclesia
424 2475 588 2517 colligitur
616 2478 776 2510 immensa
801 2481 945 2510 bonitate
967 2478 1030 2509 Dei
1053 2489 1114 2519 per

131 2517 259 2555 Filium,
283 2524 315 2550 et
339 2525 474 2560 propter
497 2518 622 2557 Filium,
651 2527 682 2552 et
705 2528 756 2552 est
784 2522 933 2553 seiuncta
957 2520 1111 2552 Ecclesia

133 2571 153 2592 a
176 2560 302 2602 reliquo
327 2571 450 2602 genere
472 2561 615 2593 humano
640 2574 697 2603 per
721 2574 837 2596 vocem
861 2564 1052 2605 Evangelii,
1081 2570 1113 2595 et

131 2614 192 2644 per
220 2602 466 2635 consessionem
489 2604 671 2647 Evangelii,
701 2613 734 2638 et
759 2613 950 2649 generatur.-
981 2613 1112 2647 agente,

132 2646 285 2678 trahente
308 2646 403 2677 Patre
437 2652 469 2677 et
492 2646 573 2678 Filio
607 2659 666 2689 per
688 2649 845 2691 Spiritum
875 2656 1045 2688 sanctum,
1079 2656 1111 2681 et

1180 294 1240 325 per
1263 293 1379 315 vocem
1407 283 1591 326 Evangelii.
1648 283 1744 314 Alter
1777 282 1870 314 locus
1900 286 1940 315 (le
1961 287 2044 323 loyo,
2078 296 2164 327 quae

1180 336 1247 357 non
1272 325 1366 365 tollit,
1390 327 1449 357 sed
1463 327 1607 358 ostendit
1624 333 1812 368 peccatum:
1836 328 1902 359 lloc
1921 330 1990 367 fac,
2010 333 2043 359 et
2061 331 2165 360 vices.-

1180 369 1212 400 id
1236 375 1299 407 est,
1322 376 1356 401 tu
1380 380 1446 401 non
1469 380 1505 401 es
1524 371 1643 408 iustus,
1665 380 1780 401 onmes
1805 376 1942 401 accusat
1973 369 2037 401 lex.
2083 370 2162 402 Ter-

1180 413 1245 444 tius
1268 411 1365 443 locus
1391 413 1448 444 suit
1471 414 1592 455 imago,
1624 424 1688 454 qua
1711 413 1867 444 Christus
1896 414 2000 455 pingit
2029 424 2108 445 sese
2131 420 2164 444 et

1180 455 1383 493 Ecclesiam3
1406 462 1437 487 et
1463 453 1592 487 rursum
1616 457 1770 490 ostendit,
1799 457 1887 498 quod
1910 456 1982 488 Lex
2006 466 2074 488 non
2098 455 2163 489 sal-

1179 505 1246 536 vet,
1271 500 1329 529 scd
1354 499 1442 540 quod
1468 500 1540 541 ipse
1571 498 1690 530 salvet.
1736 502 1799 531 Ista
1829 501 1892 530 tria
1917 502 2063 531 membra
2088 507 2164 533 sunt

1179 540 1275 581 plena
1309 543 1558 583 copiosissimae
1587 543 1772 574 doctrinae:
1805 542 1955 584 Belegite
1978 543 2165 586 diligenter,

1180 591 1211 614 et
1234 585 1277 615 ita
1298 585 1453 626 relegite,
1487 593 1521 616 ut:
1555 587 1652 617 etiam
1677 587 1825 617 excitetis
1850 596 1911 617 vos
1935 587 1977 618 ad
1996 588 2161 629 precatio-

1179 637 1272 665 nem,
1305 634 1336 659 et
1377 629 1677 660 consideratimiem
1711 635 1876 660 tantarum
1913 640 2032 662 rerum.
2087 631 2163 662 Non

1179 671 1281 702 simus
1305 671 1338 701 in
1361 671 1601 710 Pandochaeo,
1636 679 1672 703 ut
1696 673 1808 704 rustici
1843 674 1874 703 in
1899 683 2067 715 caupona,
2102 674 2163 705 sed

1180 714 1282 745 simus
1316 714 1348 744 in
1385 714 1624 753 l'andochaeo,
1664 722 1695 746 111
1731 727 1900 754 sanentur,
1934 723 1966 748 et
2002 717 2163 749 beneficia

1179 755 1275 787 huius
1299 758 1495 788 Samaritani
1519 755 1753 799 agn'oscamus,
1779 766 1809 789 et
1834 759 1980 791 fruamur
2002 760 2052 793 iis.

1371 932 1579 976 Ὑπολαβών
1611 925 1708 978 quid
1740 925 1966 980 signifieat?

1265 1017 1318 1047 Sto
1341 1017 1443 1047 haben
1468 1016 1652 1057 suscipiens
1677 1017 1778 1048 draus
1797 1020 1954 1055 yeumclet.
2000 1018 2066 1049 Sed
2090 1019 2163 1049 ὐπο-

1176 1058 1276 1098 κιιβών
1309 1061 1394 1091 leeist
1419 1060 1638 1100 respondens.
1693 1059 1914 1103 rinviczyp'givew
1945 1063 2160 1102 respondere,

1176 1103 1262 1133 steht
1278 1103 1424 1141 offtmalel
1444 1104 1502 1143 bey
1525 1104 1597 1133 (lom
1611 1101 1748 1134 Platone
1770 1104 1803 1134 in
1826 1102 1891 1134 hac
1909 1105 2162 1146 significatione,

1177 1148 1236 1176 wie
1255 1149 1315 1176 wir
1332 1155 1450 1185 suffen,
1485 1146 1668 1186 excipiens:
1702 1145 1841 1187 Excepit
1866 1146 1953 1179 illius
1978 1159 2160 1180 sermones.

1176 1186 1353 1229 Virgilius:
1376 1189 1504 1236 Excipit
1525 1190 1691 1220 Asconius.

1261 1233 1436 1263 Jerusalem
1459 1233 1516 1263 liat
1537 1242 1593 1263 ror
1610 1235 1714 1264 zellen
1734 1235 1905 1271 yehee'ssen
1929 1233 2051 1266 Salem.
2087 1235 2161 1267 Fuit

1174 1271 1229 1304 ille
1263 1273 1375 1311 locus,
1405 1275 1461 1305 ubi
1496 1273 1655 1306 habitavit
1677 1275 1938 1315 Melchisedech,
1972 1279 2025 1319 qui
2050 1279 2158 1310 dictus

1174 1322 1225 1347 est
1247 1326 1307 1347 rea·
1330 1317 1448 1348 Salem.
1503 1318 1623 1349 Postea
1652 1319 1760 1350 dictus
1792 1325 1843 1350 est
1867 1320 1962 1351 etiam
1986 1320 2083 1353 locus
2102 1321 2158 1353 1116

1172 1361 1286 1399 Μανία,
1303 1361 1405 1391 daron
1427 1362 1484 1392 leat
1510 1370 1603 1392 mans
1630 1372 1814 1394 zusammen
1829 1373 1981 1404 qezoyett,
2013 1371 2047 1395 111
2071 1365 2158 1397 dice-

1173 1408 1264 1434 retur
1287 1402 1506 1441 Hierusalem,
1529 1404 1562 1434 id
1586 1410 1648 1443 est,
1671 1408 1750 1437 risio
1768 1410 1871 1446 pacis.
2144 1430 2148 1435 .

1258 1447 1402 1485 Iericho]
1459 1446 1620 1479 Vetustas
1644 1448 1858 1489 interpretata
1882 1456 1933 1481 est
1956 1450 2095 1490 Lunam,
2125 1458 2157 1483 et

1172 1489 1236 1520 hoc
1260 1490 1344 1520 bene
1367 1491 1519 1532 congruit
1543 1501 1617 1522 cum
1640 1490 1822 1533 Allegoria.

1256 1533 1433 1564 Ierusalem
1460 1536 1504 1564 ist
1531 1534 1649 1565 civitas
1674 1535 1848 1574 coelestis,
1881 1546 1942 1568 aus
1976 1538 2036 1568 der
2066 1537 2160 1570 Stactc

1167 1577 1263 1616 yeleec
1288 1576 1390 1608 Adam
1410 1586 1511 1616 yeyen
1534 1579 1593 1609 der
1614 1577 1727 1617 Luna,
1763 1579 1794 1609 id
1825 1586 1893 1618 est,
1929 1580 1962 1610 in
1991 1586 2157 1612 terrenam

1170 1619 1347 1650 civitatem.
1410 1621 1512 1652 Adam
1545 1623 1609 1652 lest
1638 1623 1707 1653 sicle
1741 1622 1804 1653 den
1842 1624 1962 1662 Teuffel
1991 1625 2115 1663 fulzren
2137 1634 2157 1655 a

1170 1663 1274 1693 verbo
1298 1661 1361 1693 Dei
1380 1663 1422 1694 ad
1446 1669 1596 1695 terrenas
1619 1674 1699 1696 suas
1724 1666 1945 1706 cogitationes
1968 1665 2156 1705 instabiles,

1170 1711 1202 1736 et
1220 1704 1368 1743 lunares,
1391 1705 1498 1746 kompt
1519 1710 1593 1746 auff
1605 1709 1658 1739 die
1674 1711 1882 1748 sperulatz'on,
1906 1710 1993 1750 quod
2014 1710 2157 1751 cogitat:

1169 1748 1326 1779 fortassis
1350 1759 1416 1779 non
1439 1750 1602 1787 morieris,
1638 1751 1723 1782 wz‘rcl
1742 1753 1832 1783 nicht
1862 1762 1899 1783 so
1921 1754 1995 1784 bos-s·
2018 1755 2157 1785 werden.

1257 1790 1407 1823 Samaria
1430 1795 1474 1824 ist
1490 1795 1623 1832 yeleyen
1658 1794 1689 1824 in
1713 1795 1799 1825 tribu
1823 1794 1996 1836 Ephraim,
2029 1794 2100 1827 fere
2123 1796 2157 1827 111

1169 1834 1277 1864 medio
1319 1835 1418 1865 totius
1455 1841 1564 1867 terrae
1599 1835 1815 1875 israeliticae,
1862 1837 1917 1869 vel
1958 1837 2156 1870 Palestinae.

1169 1875 1290 1907 Tribus
1313 1876 1469 1918 Ephraim
1505 1882 1548 1910 isc
1573 1881 1633 1911 der
1666 1881 1752 1911 besse
1786 1882 1863 1912 tlzez'l
1883 1883 1941 1912 (les
1969 1883 2084 1913 landes
2102 1893 2156 1922 ye—

1169 1929 1287 1957 wesen,
1321 1923 1388 1952 mul
1413 1922 1561 1953 Samaria
1585 1929 1684 1964 caput
1708 1924 1818 1964 regni,
1853 1926 1931 1956 oder
1960 1926 2012 1956 die
2045 1927 2156 1957 hauot-

1168 1962 1258 1994 stadt
1277 1964 1383 1996 dorin.
1429 1964 1470 1995 Et
1493 1966 1668 1997 aedificata
1698 1972 1750 1997 est
1772 1977 1792 1996 a
1811 1966 1928 1999 Samri.
1982 1967 2047 2000 Die
2071 1970 2159 2000 stade

1168 2008 1229 2037 soll
1247 2008 1366 2045 qelmbt
1385 2009 1489 2039 haben
1511 2009 1543 2039 in
1575 2010 1713 2040 circuitu
1730 2009 1774 2041 80
1797 2011 1915 2042 stadia.
1962 2010 2003 2042 Et
2028 2010 2156 2043 Salma-

1168 2058 1288 2079 nasscr
1316 2056 1386 2081 toto
1416 2052 1557 2083 triennio
1594 2053 1723 2084 obsedit
1742 2054 1941 2091 Samariam,
1977 2061 2010 2085 61
2038 2061 2156 2096 postea

1170 2091 1303 2123 delevit.
1350 2093 1464 2126 Darou
1497 2097 1606 2127 dieser
1640 2101 1770 2127 senten-z·
1804 2097 1835 2127 in
1864 2097 1955 2128 Osea
1978 2101 2039 2129 ist:
2076 2099 2155 2135 Quo-

1169 2135 1262 2166 modo
1284 2137 1366 2168 dabo
1388 2141 1419 2169 te
1441 2139 1621 2178 Ephraim?
1670 2139 1765 2171 Nunc
1787 2145 1817 2171 le
1837 2145 2004 2180 protegam
2027 2143 2156 2172 Israel?

1173 2179 1254 2215 Quin
1277 2180 1359 2210 dabo
1382 2185 1412 2211 te
1427 2182 1659 2220 siezctAdama,
1682 2188 1716 2214 et
1729 2193 1847 2223 pomam
1867 2189 1897 2215 te
1915 2187 1999 2215 sieut
2009 2185 2153 2215 Zebolm:

1169 2222 1236 2252 Sea!
1256 2231 1443 2255 conversum
1477 2229 1525 2256 est
1559 2229 1592 2257 in
1626 2235 1676 2258 me
1710 2235 1765 2257 eor
1799 2236 1910 2265 melon,
1944 2229 2042 2258 simul
2062 2229 2154 2266 effer-

1168 2265 1308 2297 buerunt
1340 2267 1566 2300 miserationes
1588 2278 1692 2300 meae:
1737 2271 1807 2300 Νυίι
1843 2271 1965 2310 fariam
2004 2273 2154 2309 furorem

1169 2310 1240 2339 irae
1261 2317 1358 2348 meae,
1381 2320 1445 2342 nou
1468 2317 1644 2351 convertar,
1664 2315 1698 2343 ut
1712 2314 1852 2352 perdam
1875 2314 2046 2352 Ephraim:
2074 2314 2153 2350 Quo-

1166 2351 1254 2382 niam
1277 2351 1365 2384 Deus
1388 2364 1445 2393 eglo
1466 2364 1547 2393 sum,
1571 2365 1635 2386 non
1653 2357 1754 2387 homo.
1796 2355 1871 2386 [mi
1892 2358 2009 2388 donch-t
2028 2358 2154 2388 daran:

1167 2394 1235 2424 Sed
1256 2404 1320 2426 non
1343 2399 1469 2428 intrabo
1503 2401 1534 2428 rt'n
1564 2408 1652 2429 eam.-
1685 2399 1717 2429 id
1740 2405 1810 2436 est,
1843 2398 1917 2429 Non
1953 2398 2083 2430 habebo
2107 2399 2152 2430 ibi

1166 2445 1306 2477 regnum
1332 2438 1384 2470 vel
1407 2441 1692 2480 gubernationem,
1724 2451 1859 2482 regnum
1884 2441 2070 2472 destruam:
2101 2445 2153 2474 wil

1166 2489 1202 2510 es
1224 2483 1434 2526 auffreumen.
1479 2484 1546 2514 Sed
1581 2484 1763 2524 relinquam
1799 2484 1907 2515 adhuc
1938 2483 2095 2526 reliquias
2119 2486 2151 2516 in

1166 2522 1299 2562 populo,
1324 2525 1409 2556 sicut
1432 2526 1464 2557 in
1489 2527 1631 2559 Graecia
1657 2533 1688 2558 et
1712 2528 1793 2557 Asia
1822 2525 1928 2558 relicti
1956 2534 2033 2559 sunt
2057 2527 2151 2559 Chri-

1165 2566 1272 2596 stiani.
1329 2567 1395 2599 Sed
1420 2567 1544 2601 nullum
1577 2576 1629 2601 est
1657 2568 1797 2611 amplius
1826 2579 1990 2611 regnum,
2025 2569 2151 2602 nullum

1164 2608 1343 2648 imperium.
1401 2611 1443 2642 Et
1476 2611 1591 2653 politia
1624 2613 1719 2643 istius
1744 2612 1873 2653 populi,
1909 2614 1962 2654 qui
1998 2614 2151 2646 dicuntur

1163 2649 1355 2691 Christiani,
1379 2660 1409 2684 et
1434 2654 1590 2687 Ecclesia
1613 2663 1662 2686 est
1686 2665 1848 2697 oppressa
1871 2657 2042 2688 servitute.
