2343 2970
190 150 254 181 450

187 250 222 275 ut
240 243 393 275 Ecclesia
406 245 525 275 habeat
539 255 657 285 panem
681 253 711 276 et
736 256 865 286 aquam,
888 246 918 275 id
943 250 1004 283 est,
1024 246 1164 281 victum3
1194 245 1197 258 '

187 287 232 317 ita
257 293 364 318 tamen
388 294 421 318 ut
445 288 563 319 babeat
582 289 677 318 ctiam
699 289 807 319 xarias
835 298 1008 318 aerumnas
1033 296 1063 318 et
1088 287 1170 319 affli-

191 330 331 361 ctiones.
371 330 418 361 Sit
438 341 519 373 ergo
533 332 615 362 baec
638 330 751 373 regula
767 332 797 361 in
811 337 1009 371 conspectu:
1032 331 1169 361 Primum

187 375 336 412 qztaerite.
360 377 418 404 etr.

339 521 447 570 Quid
480 521 680 574 significat
711 535 881 574 regnum
914 520 1016 566 Dei?

273 611 442 652 Significat
486 612 686 653 agnitionem
721 610 784 642 Dei
825 622 955 650 veram,
997 623 1062 654 qua
1096 614 1168 654 ipse

185 653 279 685 Deus
313 662 431 696 regnat
466 654 496 685 in
520 655 634 690 nobis3
669 655 763 695 quasi
787 655 888 685 dicat:
913 654 1069 690 Quaerite
1093 667 1166 687 ver-

185 698 263 728 bum
286 696 361 735 Dei,
386 704 418 728 ut
442 696 549 728 Deum
575 704 666 728 recte
691 699 896 738 agnoscatis,
926 699 1068 729 audiatis
1093 710 1166 730 euin

185 741 369 778 docentem,
383 741 410 770 ei
425 741 673 780 obtemperetis,
687 741 713 770 ci
725 741 879 778 credatis,
893 742 1039 782 quaerite
1049 741 1166 773 Eccle-

184 784 276 819 siam,
297 783 367 813 sitis
383 784 472 814 cives
486 794 585 814 verae
597 782 779 814 Ecclesiae:
800 784 830 814 in
845 795 909 824 qua
922 795 999 815 vera
1013 783 1166 816 Ecclesia

184 825 326 857 audiatis
339 825 463 862 Deum3
488 826 581 856 Deus
596 827 801 867 perverbum
815 838 920 864 sumn,
946 838 1004 867 per
1027 828 1164 869 agnitio·
1190 817 1194 841 Ξ

183 879 258 899 110111
271 870 319 900 sui
341 876 455 910 regnat
470 869 501 899 in
514 870 620 906 nobis,
633 869 717 900 sicut
731 870 822 900 dicit:
847 872 881 901 St
898 874 968 909 quis
985 872 1087 910 diliyil
1105 881 1164 908 me,

182 921 363 944 sermonem
386 922 487 943 meam
510 914 660 950 servabit,
685 917 716 943 el
728 912 931 944 Patet-meus
950 914 1060 953 zlt'lt'yet
1082 924 1163 948 eum,

183 960 214 986 et
236 959 399 987 veniemus
418 957 462 986 ad
479 965 558 995 eum,
582 960 615 986 el
634 960 833 987 mansionem
858 958 947 996 apud
970 966 1040 988 eum
1061 961 1163 996 faeie·
1188 943 1193 982 l

181 1008 260 1029 mus.

305 997 435 1038 Regnat
458 997 551 1028 Deus
576 1005 607 1029 et
630 1008 709 1029 vere
735 998 853 1029 efficax
877 1005 927 1029 est
953 999 984 1030 in
1009 998 1084 1037 illis,
1109 1010 1162 1041 qut

182 1042 319 1072 credunt
339 1040 535 1082 Evangelio.
566 1040 600 1072 ln
620 1042 810 1082 precatione
825 1041 1010 1080 Doniinica,
1030 1043 1162 1084 quando

181 1084 279 1115 dicis:
304 1085 529 1123 Sanclisicetnr
552 1094 667 1116 nomen
690 1089 785 1124 laum,
809 1085 841 1115 id
865 1091 933 1123 est,
964 1086 1078 1116 notitia
1101 1096 1163 1116 seu

180 1127 304 1169 agnitio
329 1128 373 1158 tui
398 1128 440 1157 sit
464 1128 560 1158 nobis
584 1133 713 1165 sancta,
737 1138 831 1168 pura,
855 1126 919 1159 hoc
944 1129 1083 1169 primum
1106 1139 1162 1170 pe-

180 1170 238 1201 tis:
262 1169 327 1208 Da,
351 1176 386 1201 ut
409 1176 441 1201 te
457 1181 679 1211 agnoscamus
694 1181 774 1210 pure
798 1176 829 1202 et
843 1171 1046 1212 incorrupte:
1070 1179 1161 1212 post-

180 1223 219 1244 03
243 1213 405 1255 sequitur:
434 1214 591 1242 Adneniut
615 1224 736 1252 νρφιιιηι
760 1218 861 1251 tunm,
894 1214 926 1245 id
950 1221 1021 1252 est,
1055 1220 1090 1245 tu
1112 1225 1161 1245 re·
1185 1225 1190 1249 1

180 1266 241 1298 gas
264 1267 339 1293 nos,
364 1266 485 1298 regnes
510 1257 541 1287 in
566 1257 676 1288 nobis.
700 1258 748 1287 sis
772 1255 892 1289 efficax
916 1258 947 1288 in
967 1258 1074 1288 nobis.

453 1405 575 1446 Estne
604 1405 734 1445 bonus
761 1405 888 1445 ordo?

264 1496 475 1537 Respondeo.
511 1494 567 1526 lta.
603 1495 745 1527 Primum
763 1500 895 1537 oportet
920 1505 995 1527 esse
1010 1496 1158 1527 notitiam

175 1545 294 1582 postea
317 1540 465 1581 sequitur
489 1539 696 1581 gubernatio.
730 1538 812 1569 Nam
836 1540 939 1578 iynoti
962 1538 1046 1568 nulla
1070 1541 1158 1578 cupi-

177 1583 228 1613 do.
267 1582 343 1613 {deo
370 1583 467 1613 etiam
494 1587 707 1623 praeceptum
733 1582 871 1622 primum
897 1583 1042 1613 orditura
1067 1583 1158 1623 agni—
1182 1551 1186 1621 l

176 1627 286 1657 tione:
321 1625 392 1665 Eyo
425 1636 488 1654 sum
523 1625 675 1654 Dominus
703 1625 790 1654 Deus
818 1629 900 1655 tuus:
930 1625 1004 1655 Non
1033 1625 1158 1654 habebis

175 1669 262 1699 Deos
286 1668 413 1698 alienos.
456 1667 538 1699 Cum
562 1669 662 1710 igitur
683 1668 842 1709 petimus:
865 1668 1083 1707 Sanctit'cetur
1105 1679 1157 1697 no-

175 1723 240 1742 men
268 1716 366 1742 tunm:
394 1712 551 1752 petimus,
583 1717 617 1742 ut
651 1711 766 1742 notitia
795 1712 892 1742 nobis
921 1713 963 1742 sit
990 1721 1093 1752 pura3
1122 1717 1157 1742 ut

174 1762 266 1787 recte
291 1764 515 1797 agnoscamus
538 1753 655 1785 Deum.
702 1754 914 1795 Agnitionem
938 1755 1087 1796 sequitur
1111 1752 1156 1785 ef-
1180 1733 1185 1810 l

174 1798 305 1837 ficacia,
329 1799 478 1839 sequitur
501 1798 606 1839 ipsius
636 1797 667 1827 in
691 1798 787 1827 nobis
812 1807 951 1840 regnum
981 1803 1013 1828 et
1036 1798 1156 1839 guber·

173 1842 274 1873 natio.
318 1842 474 1870 Adceniat
496 1851 621 1880 regumn
645 1843 736 1880 tuam,
759 1840 792 1871 id
815 1848 877 1878 est,
900 1847 935 1872 tu
958 1850 1057 1882 regas
1081 1849 1156 1878 nos,

173 1885 221 1916 sis
245 1883 365 1915 efficax
388 1885 421 1915 in
443 1884 551 1914 nobis.
597 1883 645 1913 lta
675 1883 768 1914 Deus
799 1882 925 1925 colligit
948 1882 1154 1915 Ecclesiam:

173 1926 317 1959 Primum
348 1927 446 1959 docet
469 1927 585 1964 verbo,
610 1936 684 1957 cum
707 1932 806 1957 sonat
834 1937 917 1963 v0x3
948 1927 1065 1957 deinde
1096 1936 1156 1966 per
1180 1934 1184 1946 ¹

174 1980 291 2002 vocem
321 1976 371 2001 est
405 1970 533 2001 efficax.
579 1969 702 2000 Postea
725 1970 888 2011 sequitur:
917 1970 992 1999 Fiat
1013 1969 1157 1998 voluntas

173 2018 245 2044 tua.-
268 2014 300 2044 id
323 2020 385 2046 est,
409 2013 472 2051 fae,
496 2018 531 2044 ut
553 2022 669 2044 omnes
692 2014 887 2043 vocationes
911 2013 968 2043 tibi
995 2013 1154 2050 serviant,

173 2057 401 2099 unusquisque
424 2056 455 2086 in
479 2065 541 2087 sua
563 2056 749 2093 vocatione,
774 2065 835 2087 suo
859 2054 935 2086 loco
959 2061 990 2086 et
1017 2065 1078 2086 suo
1103 2065 1155 2086 or-

173 2101 260 2138 dine,
283 2100 315 2130 in
340 2110 401 2130 sua
424 2099 568 2130 statione
592 2104 682 2129 reete
697 2099 831 2129 serviat.
868 2098 1024 2140 Sequitur
1037 2099 1155 2129 deinde

172 2143 320 2186 precatio
355 2143 396 2173 de
421 2142 516 2173 bonis
551 2140 792 2182 corporalibus.
838 2141 913 2171 Also
947 2141 1036 2180 yehts
1069 2141 1156 2170 recht

174 2187 243 2226 auff
259 2186 416 2220 einander,
452 2186 508 2213 wie
535 2194 567 2213 es
601 2184 678 2213 ancli
711 2184 762 2213 hie
795 2185 862 2223 auff
889 2185 1038 2214 einander
1065 2183 1155 2223 yelzet

174 2230 291 2261 eodem
314 2229 425 2266 modo,
449 2238 523 2261 cum
546 2228 678 2259 dicitur:
703 2227 838 2256 Primum
861 2229 1000 2267 quaerite
1029 2237 1155 2266 refluum

173 2273 237 2303 Dei
259 2276 288 2302 et
310 2273 462 2301 iustitiam
485 2272 561 2304 eius,
585 2274 614 2299 et
637 2271 739 2298 onmia
763 2271 952 2299 adiit-ianim-
975 2270 1070 2299 vobis.
1179 2261 1183 2298 l

260 2315 411 2356 Regnum
425 2314 485 2345 Dei
509 2319 539 2344 et
552 2313 675 2345 iustitia
699 2313 781 2350 eius,
805 2314 991 2355 significant
1015 2313 1154 2355 agnitio·
1178 2320 1182 2370 l

174 2369 247 2390 nem
271 2357 347 2396 Dei,
373 2368 436 2399 qua
456 2357 550 2388 Deus
574 2362 692 2398 regnat
714 2357 746 2386 in
771 2357 864 2387 nobis
879 2379 888 2394 ,
923 2357 1061 2388 verbum
1078 2355 1154 2394 Dei,

174 2402 400 2439 ministerium,
425 2408 456 2432 et
480 2399 680 2431 Ecclesiam:
712 2405 743 2429 et
766 2405 801 2430 ut
830 2400 1060 2441 unusquisque
1091 2408 1153 2430 suo

173 2444 249 2476 loco
273 2443 388 2482 faciat,
424 2454 509 2484 quae
532 2443 582 2474 sui
617 2447 693 2473 sunt
728 2443 882 2473 muneri-³.
929 2442 988 2472 Est
1025 2452 1088 2473 11113
1122 2448 1152 2472 01

174 2489 288 2519 03110111
329 2488 493 2518 sententia
534 2486 676 2517 omnium
724 2485 859 2516 istarum
906 2483 1152 2526 particularum.

173 2531 325 2562 Minister
348 2536 486 2571 quaerat
509 2539 646 2571 regnum
659 2526 722 2558 Dei
745 2528 895 2568 primum,
919 2535 952 2558 111
967 2528 1038 2568 ipse
1061 2533 1153 2559 recte

174 2574 281 2605 discat
304 2574 498 2610 doctrinam,
523 2579 555 2603 et
578 2578 695 2614 postea
720 2571 835 2601 doceat
861 2569 957 2607 alios,
980 2577 1011 2601 et
1035 2572 1153 2601 retine-

174 2623 207 2648 at
235 2617 407 2658 puritatem
443 2616 623 2647 doctrinae.
670 2611 902 2646 scholasticus
932 2620 1069 2654 quaerat
1103 2595 1182 2644 re-l

235 150 252 157 ”
828 151 938 183 PnlL.
961 151 1064 183 MEL.
1087 150 1274 184 SCRtPTA
1297 151 1560 184 EXEGETWA.

2133 156 2196 188 456

1195 261 1197 271 1
1225 256 1325 287 gnum
1340 245 1415 284 Doi,
1438 245 1555 277 babeat
1571 258 1682 278 curam
1702 248 1862 287 discendi,
1885 255 1916 280 et
1928 256 2029 290 petat,
2052 257 2085 281 ut
2102 250 2195 282 Deus

1223 295 1337 329 regnet
1363 290 1394 319 in
1418 290 1508 329 ipso,
1532 298 1563 321 et
1588 291 1745 332 gubernet
1778 301 1860 323 eum.
1906 293 2000 325 hem,
2033 294 2129 324 debet
2158 304 2196 326 se

1222 332 1402 373 adiungere
1425 334 1466 362 ad
1492 344 1604 364 verum
1628 334 1859 372 ministerium,
1888 341 1916 365 e·
1947 336 1987 366 ad
2013 334 2196 368 Ecclesiam

1222 385 1344 412 veram,
1367 376 1451 407 sicut
1476 374 1626 407 Psalmus
1653 377 1750 408 dicit:
1782 377 1879 407 Unam
1899 380 1980 417 prelii
2009 390 2027 407 (ι
2053 379 2195 414 Domino,

1220 416 1301 446 lame
1323 421 1484 457 requiram,
1509 423 1541 448 nt
1560 419 1690 449 lutbt'icm
1713 422 1744 448 in
1767 421 1858 450 domo
1873 421 2010 455 Domini,
2035 426 2091 450 rte.
2128 422 2198 451 Das

1220 460 1330 499 yehort
1353 461 1430 490 alles
1452 464 1483 491 in
1510 462 1568 491 das
1590 467 1682 494 wari:
1712 472 1847 504 regnum
1871 463 1946 502 Dei,
1975 465 2097 505 agnitio
2121 464 2195 500 Dei,

1221 504 1356 534 verbum
1379 504 1453 542 Dei,
1478 506 1701 541 ministerium,
1727 505 1896 538 liet-lesia.-
1921 507 1987 538 11110
2011 508 2106 539 etiam
2131 509 2196 539 vita

1220 553 1370 583 aeterna;
1394 549 1469 589 quia
1489 548 1568 579 baec
1588 549 1696 579 omnia
1709 555 1782 579 sunt
1798 559 1857 589 per
1872 551 1994 591 gradus
2009 551 2195 581 coniuncta.

1307 589 1446 624 Quando
1478 590 1630 622 Christus
1661 593 1754 622 dicit:
1783 592 1884 621 Sinite
1903 594 2052 631 parvulos
2081 594 2124 622 1111
2152 604 2196 622 me

1220 633 1337 663 venire:
1372 634 1478 663 talium
1514 638 1558 663 est
1587 645 1710 672 reanum
1739 635 1909 666 coelorum,-
1940 637 2016 677 quid
2046 635 2197 678 intelligit

1220 685 1279 716 per
1303 675 1388 707 haec
1412 678 1528 708 verba:
1549 677 1655 707 [alium
1679 681 1723 707 (art
1742 688 1865 716 refluum
1881 678 1965 709 Dei?
1983 678 2197 720 Significatur

1219 719 1371 749 remissio
1394 726 1618 760 peccatorum,
1643 727 1673 751 et
1695 723 1827 752 donatio
1851 722 1992 762 Spiritus
2016 723 2138 759 sancti,
2163 727 2196 753 et

1221 762 1305 791 vitae
1327 768 1494 800 aeternae,
1518 770 1548 793 et
1574 765 1681 795 onmia
1703 763 1760 795 illa
1786 766 1883 802 bona,
1908 775 1992 806 quae
2015 771 2091 796 sunt
2109 766 2197 796 vitae

1218 810 1374 835 aeternae
1397 816 1457 846 pro
1482 807 1625 846 ipsorum
1651 808 1759 837 1110110.
1794 808 1853 838 Est
1878 807 1982 838 dulcis
1999 807 2195 846 consolatio,

1219 848 1305 888 quod
1331 859 1468 889 regnum
1484 849 1545 879 Dei
1570 850 1730 890 pertineat
1755 851 1851 881 etiam
1866 851 1907 881 ad
1932 850 2027 888 tales,
2051 851 2196 883 nondum

1218 889 1440 932 intelligentes
1465 893 1661 930 doctrinam,
1685 904 1821 933 qnorum
1845 900 1939 924 aetas
1970 894 2112 924 nondum
2144 900 2196 925 est

1217 934 1336 964 idonea
1360 935 1401 965 ad
1424 933 1642 975 loquendum,
1673 937 1715 966 ad
1744 937 1969 978 accipiendam
1999 937 2194 968 doctrinam.

1217 976 1263 1006 lta
1287 977 1504 1008 consideretis
1529 977 1699 1009 vocabula.
1734 979 1870 1008 Primum
1893 982 2033 1018 quaerite
2056 990 2196 1018 reyntun:

1216 1020 1246 1049 id
1272 1026 1333 1057 051,
1359 1020 1470 1051 audite
1494 1022 1647 1057 verbum,
1671 1023 1842 1062 agnoscite
1866 1020 1956 1053 illum
1981 1022 2105 1059 Deum,
2140 1022 2195 1064 qui

1215 1062 1247 1092 in
1273 1064 1374 1093 verbo
1408 1064 1620 1103 proponitur,
1651 1065 1704 1105 qui
1735 1076 1771 1095 se
1801 1064 1955 1105 patefecit
1986 1066 2017 1095 in
2043 1065 2195 1096 Ecclesia

1215 1106 1318 1135 verbo
1343 1116 1415 1143 5110,
1438 1107 1549 1138 audite
1572 1106 1653 1137 illud
1676 1109 1826 1146 verbum,
1850 1109 1967 1139 discite
1990 1109 2140 1146 verbum,
2163 1114 2194 1139 et

1216 1149 1348 1179 obedite
1373 1150 1494 1185 vei-1103
1519 1156 1550 1180 et
1580 1150 1731 1191 cogitetis
1761 1161 1838 1182 0550
1866 1151 2030 1192 promissa
2059 1157 2195 1182 aeterna

1214 1191 1301 1221 bona
1326 1192 1358 1221 in
1382 1192 1498 1230 verbo,
1524 1193 1595 1224 sitis
1621 1193 1713 1224 cives
1733 1192 1923 1225 Ecclesiae.
1954 1194 1984 1224 in
2010 1204 2074 1235 qua
2097 1198 2196 1225 sonat.

1214 1235 1350 1265 verbum
1375 1233 1448 1265 Dei.

1298 1276 1358 1307 Est
1384 1278 1482 1318 igitur
1506 1277 1620 1320 regula
1649 1278 1732 1310 baec
1761 1279 1963 1310 conveniens
1993 1290 2066 1310 cum
2089 1280 2194 1321 primo

1214 1320 1368 1350 mandato
1399 1320 1580 1360 Decalogi:
1616 1321 1686 1360 Euo
1720 1333 1783 1351 stim
1818 1322 1970 1351 Dominus
2000 1322 2087 1352 Dens
2113 1326 2193 1357 tuus,

1212 1363 1286 1391 Non
1310 1362 1436 1392 habebis
1460 1360 1547 1395 Deo}
1575 1364 1701 1395 alienos.
1731 1369 1786 1395 etc*
1833 1364 2024 1396 Mandatum
2055 1366 2193 1406 primum

1213 1411 1262 1435 est
1276 1403 1507 1438 affirmativum
1519 1412 1551 1438 et
1573 1408 1774 1448 negativum.
1806 1408 1897 1439 Deus
1919 1408 2058 1449 primum
2082 1415 2192 1438 osten-

1212 1449 1279 1486 dit,
1316 1450 1388 1490 quis
1423 1450 1465 1480 sit
1500 1460 1599 1480 verus
1620 1449 1725 1488 Deus,
1749 1451 1866 1482 deinde
1889 1451 1978 1481 addit
2002 1449 2191 1492 prohibitio-

1211 1501 1302 1522 nem:
1325 1491 1398 1521 Non
1429 1492 1553 1523 habebis
1575 1492 1662 1522 Deos
1691 1493 1816 1523 alienos.
1863 1494 1933 1523 Das
1956 1495 1996 1523 ist
2017 1493 2067 1522 ltie
2091 1493 2188 1532 (nult,-

1210 1533 1353 1565 Primum
1375 1535 1522 1576 quaerite
1546 1546 1660 1567 verum
1684 1535 1802 1574 Deum,
1826 1535 1918 1567 illum
1948 1536 2133 1578 agnoscite,
2158 1542 2190 1566 et

1211 1577 1239 1608 ei
1263 1578 1406 1608 obedite.
1452 1578 1612 1620 Congruit
1636 1580 1768 1609 omnino
1798 1589 1872 1610 cum
1903 1580 2067 1610 sententia
2096 1578 2190 1620 primi

1211 1620 1362 1650 mandati.
1409 1619 1531 1651 Postea
1555 1622 1704 1662 sequitur
1726 1622 1902 1662 promissio
1927 1622 1968 1652 de
1991 1622 2093 1653 rebus
2118 1631 2191 1652 cor-

1209 1661 1398 1704 poralibus:
1423 1663 1465 1693 E!
1490 1665 1591 1693 omnio
1611 1664 1800 1694 arliicientm·
1822 1665 1921 1694 vobis:
1946 1665 1987 1695 110
2011 1675 2076 1706 quo
2101 1670 2190 1706 post-

1210 1716 1249 1737 ea
1274 1707 1433 1738 dicemus.
1472 1706 1568 1738 Prius
1602 1707 1667 1739 hoc
1701 1714 1927 1750 argumentum
1963 1708 2190 1739 tractabimus-

1296 1749 1368 1780 Hoc
1392 1750 1597 1781 mandatum:

1295 1835 1403 1864 Nolite
1421 1846 1486 1865 esse
1508 1836 1640 1866 solliciti
1663 1837 1702 1866 (Ie
1725 1838 1874 1873 erastino,
1897 1840 1943 1866 est
1961 1836 2165 1875 impossihile:

1294 1878 1382 1917 Eryo
1406 1883 1453 1908 est
1475 1879 1590 1909 nullius
1612 1891 1693 1909 usus.

1294 1964 1405 1996 Probo
1428 1975 1487 2005 per
1510 1967 1672 2006 teipsum.
1697 1965 1785 1996 Esne
1807 1971 1842 1997 tu
1866 1964 1938 1995 sine
1954 1962 2188 2002 sollicitudine,

1209 2008 1342 2048 quando
1365 2018 1431 2038 non
1455 2008 1560 2039 habes
1584 2008 1779 2049 pecuniam?
1803 2006 1915 2039 Simile
1930 2013 1980 2038 est
2001 2005 2096 2038 illud:
2119 2006 2188 2038 No-

1208 2051 1262 2081 lite
1285 2051 1396 2081 timere
1420 2051 1550 2090 probra
1578 2052 1743 2089 hominum,
1772 2052 1870 2081 nolite
1899 2051 2009 2081 titnere
2038 2055 2186 2088 mortem

1208 2101 1240 2125 et
1265 2095 1314 2125 sic
1337 2094 1378 2124 de
1401 2093 1484 2124 aliis.
1531 2094 1634 2125 Estne
1657 2092 1775 2135 aliquis
1804 2095 1875 2125 sine
1906 2094 2022 2124 timore
2050 2092 2189 2124 mortis?

1208 2136 1298 2175 Item,
1321 2137 1395 2178 quis
1419 2146 1484 2167 non
1509 2136 1611 2175 dolet,
1636 2137 1767 2178 quando
1797 2138 1885 2168 videt
1914 2146 1952 2167 50
1986 2135 2186 2175 conculcari,

1208 2186 1240 2211 et
1274 2180 1409 2211 summis
1445 2179 1652 2211 contumeliis
1689 2178 1799 2211 affici?
1832 2179 2044 2220 Respondeo.
2091 2178 2185 2219 Nego

1207 2222 1426 2254 antecedens:
1458 2228 1490 2253 et
1521 2223 1594 2253 dico
1625 2233 1702 2253 esse
1726 2222 1886 2263 possibile
1909 2223 2041 2253 iuvante
2065 2222 2186 2262 Spiritu

1207 2272 1334 2297 sancto.
1372 2264 1492 2296 Postea
1515 2266 1659 2307 adiungo
1684 2265 1949 2297 Grammaticam.
1986 2264 2097 2296 Nolite
2119 2274 2187 2295 esse

1207 2309 1348 2346 solliciti,
1372 2309 1469 2339 nolite
1490 2312 1608 2340 timere.
1645 2307 1704 2340 1113
1729 2310 1831 2340 verba
1854 2306 2076 2349 intelligantur
2100 2318 2185 2338 00111-

1207 2352 1340 2394 pletive,
1364 2351 1395 2381 id
1420 2357 1480 2389 est,
1500 2362 1541 2383 ne
1565 2351 1760 2393 srangamini
1775 2353 1901 2389 timore,
1924 2361 1966 2382 ne
1988 2349 2185 2391 frangamini

1179 2401 1181 2407 '
1207 2395 1445 2428 sollicitudine.
1468 2405 1533 2425 non
1560 2395 1671 2426 vincat
1694 2394 1900 2432 sollicitudo,
1924 2405 1989 2425 non
2014 2394 2124 2424 vincat
2148 2393 2185 2423 ti-

1208 2449 1297 2477 mor,
1321 2439 1364 2468 ita
1387 2442 1419 2468 ut
1450 2437 1610 2469 deficiatis
1634 2450 1652 2468 a
1675 2437 1761 2469 Deo.
1808 2436 2011 2478 intelligatur
2041 2434 2186 2477 comple—

1206 2483 1283 2519 tive,
1302 2482 1387 2512 sicut
1410 2481 1605 2521 saepissime
1629 2480 1773 2523 loquitur
1790 2481 1961 2521 Scriptura
1986 2480 2052 2510 isto
2075 2479 2183 2510 modo.

1206 2526 1282 2557 Non
1308 2529 1383 2555 sunt
1406 2524 1469 2554 ista
1492 2524 1685 2563 accipienda
1709 2524 1840 2555 horride
1860 2522 1915 2554 vel
1929 2523 2056 2553 Stoice:
2080 2521 2184 2552 Nemo

1206 2576 1270 2606 est,
1294 2568 1348 2609 qui
1372 2577 1437 2597 non
1461 2567 1572 2597 timeat
1595 2573 1744 2604 mortem,
1768 2567 1822 2608 qui
1847 2577 1911 2597 non
1935 2566 1977 2596 sit
2000 2563 2183 2599 sollicitum

1208 2613 1267 2644 sed
1290 2611 1355 2642 hoc
1379 2608 1447 2641 vult
1470 2610 1591 2641 dicere:
1616 2610 1690 2640 Non
1714 2610 1825 2641 vincat
1845 2608 2047 2646 sollicitudo,
2072 2612 2106 2637 ut
2130 2607 2184 2637 de-
