2343 2970
62 194 121 226 321

757 191 974 225 POSTlLLA
996 190 1396 225 MELANTHONIANA.

63 299 145 332 ergo
169 288 273 330 pluris
298 288 407 320 facere
430 286 588 326 officium,
613 297 712 329 quam
735 287 846 318 vitam.
871 285 1042 321 Quaedam
1065 294 1069 310 ²

62 338 150 370 sunt,
174 333 218 364 ad
241 341 326 373 quae
348 330 448 362 homo
472 340 537 361 non
562 331 680 362 dicitur
703 330 778 371 cogi
800 339 915 369 posse,
938 329 1042 370 inquit

63 373 278 407 Aristoteles:
308 375 340 405 id
368 379 435 412 est,
469 374 630 415 quaedam
663 379 741 404 sunt
764 371 860 410 talia,
893 377 927 404 ut
951 382 1041 402 mors

63 417 276 450 anteferenda
305 418 372 455 sit,
417 426 515 457 quam
549 422 585 448 ut
614 415 732 458 aliquis
772 415 891 446 debeat
931 414 1042 446 facere

62 459 128 493 illa.
178 460 254 492 Non
276 463 350 491 sunt
377 458 536 499 facienda
563 460 665 497 mala,
696 463 732 490 ut
765 459 913 490 eveniant
946 458 1040 489 bona.

63 504 138 535 Non
161 504 267 535 debeo
299 503 462 545 proiicere
490 502 587 533 fidem
618 503 760 534 debitam
789 499 923 539 officio,
953 501 1042 541 quod

62 552 114 578 est
146 551 336 588 peccatum,
368 552 469 587 atque
502 546 546 576 ita
585 546 747 576 redimere
780 545 890 575 vitam.
951 543 1041 586 Ergo

61 595 165 628 recte,
187 589 353 627 animose,
387 594 417 620 et
436 587 564 619 fortiter
593 587 670 619 fecit
700 587 910 619 Laurentius.
964 587 1042 618 For-

60 638 154 665 tasse
175 642 241 663 non
265 631 355 663 multi
379 630 557 669 fecissent,
592 637 624 663 et
647 630 730 663 alius
754 630 926 662 habuisset
945 639 1043 661 exeu-

62 675 221 708 sationem
256 675 462 707 infirmitatis.
520 674 587 706 Sed
622 672 676 706 ille
709 673 769 706 fuit
804 679 836 705 et
871 672 1042 704 Romanus

62 724 93 750 et
117 718 339 750 Christianus.
370 717 493 749 Debuit
516 717 548 748 in
573 727 613 748 eo
637 727 713 749 esse
736 718 840 748 robur
864 721 895 747 et
918 717 1042 758 magni-

62 762 140 793 tudo
163 761 272 792 animi.
306 761 435 792 Videtis
458 770 560 802 saepe
582 760 685 792 luisse
710 760 888 791 certamina
901 758 1042 801 Episco-

61 814 177 847 porum
201 810 232 835 et
256 803 443 845 Principum
468 804 508 834 de
532 804 627 834 bonis
650 801 913 840 Ecclesiasticis‚
942 803 1042 833 inter-

63 849 138 880 dum
160 846 292 878 fuerunt
315 847 412 884 iusta,
444 845 623 887 aliquando
655 847 787 877 iniusta.
845 845 972 877 Dicitur
1001 846 1042 876 de

60 891 220 922 ssennone
242 889 410 931 Episcopo
438 888 619 926 Misnensi,
647 890 737 931 quod
770 889 813 920 sit
835 887 1042 927 interfectus,

59 933 137 976 quia
159 931 306 964 defendit
340 931 483 974 aliquam
516 934 770 973 possessionem
805 938 922 963 contra
954 931 1041 963 Mar-

59 975 211 1009 chionem
238 975 459 1006 Misnensem:
494 981 526 1006 et
560 975 630 1006 fieri
664 982 792 1016 potest,
829 975 918 1016 quod
950 980 1042 1006 recte

59 1017 192 1051 fecerit:
218 1018 260 1049 Es
283 1019 369 1050 kann
392 1018 475 1049 auch
496 1019 581 1056 sein,
615 1019 678 1050 clas
705 1028 741 1049 er
765 1018 826 1050 ιἸιηι
845 1029 881 1050 :a
903 1018 967 1049 viel
985 1028 1039 1058 yc-

59 1062 137 1094 tlmn
158 1061 254 1093 habe:
276 1067 310 1093 ut
333 1071 434 1102 saepe
452 1062 584 1099 accidit,
607 1062 670 1092 (las
692 1062 744 1093 die
760 1061 917 1102 Episcopi
940 1061 1042 1091 haben

56 1106 218 1147 ,φρὴν-ἱεροί
248 1105 288 1136 de
317 1105 387 1137 suis
422 1105 647 1147 dignitatibus.
704 1105 885 1137 Pontifices
914 1104 1042 1135 Romae

58 1147 209 1181 fecerunt
230 1146 353 1189 legem,
386 1147 438 1178 Ne
459 1146 548 1179 ullus
572 1147 754 1189 Imperator
784 1149 924 1179 haberet
946 1147 1041 1179 iuris-

60 1191 235 1223 dictionem
257 1192 289 1222 in
313 1189 415 1229 ltalia,
438 1191 582 1222 nondum
607 1191 823 1223 confirmatus
846 1202 865 1222 a
889 1191 1038 1222 Romano

59 1233 231 1266 Pontifice.
287 1232 348 1265 llla
370 1244 437 1265 non
472 1232 604 1265 fuerunt
638 1235 725 1266 bona
759 1233 945 1272 Ecclesiae,
979 1234 1039 1266 sed

60 1276 152 1319 Papa
184 1277 305 1308 invasit
343 1277 376 1308 in
415 1277 668 1314 auctoritatem,
708 1285 740 1309 et
781 1277 1041 1308 iurisdictionem

59 1318 209 1352 alienam.
260 1319 477 1351 Considerate
506 1325 672 1361 tempora,
702 1326 735 1352 et
765 1330 904 1352 caussas
935 1319 1041 1361 publi-

61 1372 173 1395 corum
208 1369 375 1401 motuum,
420 1364 476 1394 wt'e
509 1373 542 1394 es
575 1363 704 1395 seltzum
742 1363 845 1395 darell
883 1364 1041 1394 elwmnder

57 1416 184 1448 yanqen
206 1407 258 1437 ist.
298 1404 391 1436 Alias
415 1405 468 1437 alii
493 1413 601 1437 motus
625 1414 702 1437 sunt
725 1407 766 1438 de
789 1405 861 1438 aliis
885 1406 1041 1448 negotii-5,

60 1450 119 1480 sed
143 1448 308 1491 quaelibet
337 1455 431 1480 aetas
464 1448 563 1480 habet
602 1460 683 1480 suos
718 1450 881 1491 quosdam
915 1455 1041 1487 aestus,

60 1502 101 1524 ex
126 1492 304 1534 cupiditate
326 1491 378 1523 vel
404 1502 517 1523 errore
540 1491 718 1532 profectos.
766 1492 907 1524 Contra:

190 1552 404 1592 Imperatoris
426 1556 499 1583 sunt
522 1553 627 1583 οηιπία
637 1563 647 1582 .·

190 1595 278 1636 Eryo
312 1594 522 1635 Imperatoris
563 1597 659 1627 etiam
693 1599 766 1626 erar
805 1597 864 1626 itta
903 1597 1041 1635 pecunia

236 1639 473 1669 Ecclesiastico.

148 1705 289 1740 Quando
319 1704 438 1746 Legati
461 1706 624 1737 Austriaci
656 1705 789 1738 fuerunt
818 1708 849 1738 in
875 1706 1042 1748 legatione

62 1746 222 1783 Turcica‚
260 1752 292 1778 et
322 1747 567 1778 lmbrewascha
601 1750 729 1789 excepit
762 1748 838 1780 illos
873 1751 1039 1790 convivio,

63 1800 136 1821 cum
161 1787 429 1831 colloquerentur
464 1800 523 1830 per
560 1790 756 1832 interpretes
781 1792 821 1823 de
851 1792 958 1823 forma
982 1803 1039 1833 gu·

63 1833 281 1864 bernationis:
305 1833 520 1874 interrogavit
544 1833 788 1865 Imbrewascha
816 1833 949 1876 legatos
974 1836 1039 1866 Au-

61 1876 225 1913 striacos,
259 1877 426 1917 quomodo
451 1885 489 1907 se
508 1886 562 1907 res
598 1876 735 1908 haberet
758 1877 791 1908 in
815 1876 952 1918 Imperio
977 1877 1039 1909 Ro-

61 1928 170 1957 mano,
203 1928 245 1949 an
268 1918 332 1959 ipsi
355 1917 517 1950 haberent
539 1928 595 1950 res
618 1920 782 1961 proprias,
816 1930 902 1961 quae
925 1921 1040 1952 transi-

61 1967 134 1993 rent
155 1961 198 1993 ad
219 1960 306 1992 filios
336 1967 369 1992 et
399 1960 504 1999 filias,
538 1961 592 1994 vel
615 1962 793 2003 posteros?
845 1962 1040 2005 Responde-

61 2010 154 2036 runt:
187 2005 241 2036 ita.
298 2003 394 2036 Bona
429 2005 518 2046 regis
555 2011 587 2036 et
616 2007 702 2037 bona
732 2006 938 2037 subditorum
964 2012 1041 2038 sunt

62 2047 227 2078 distincta.
261 2047 334 2078 Nos
356 2046 518 2079 habemus
540 2048 717 2080 dominium
741 2050 773 2080 in
788 2050 914 2080 nostris
933 2048 1041 2088 bonis,

61 2095 94 2121 et
117 2089 195 2127 tale,
218 2095 253 2121 ut
274 2089 347 2122 Rex
369 2091 574 2123 existimetur
609 2092 729 2123 iniuste
752 2090 877 2131 facere,
914 2093 943 2123 si
974 2093 1041 2124 cui—

61 2142 159 2174 quam
182 2132 298 2173 eripiat
328 2132 461 2175 aliquid,
496 2139 529 2166 et
564 2145 624 2176 per
658 2146 718 2167 sua
747 2135 865 2167 iudicia
901 2142 1041 2178 cogatur

60 2176 212 2207 reddere.
269 2175 353 2208 Sunt
383 2177 467 2208 enim
501 2177 621 2210 iudicia
660 2184 751 2210 certa
775 2179 970 2217 constituta,
1007 2179 1039 2211 in

62 2219 181 2260 quibus
204 2224 406 2250 accusantur
435 2220 532 2251 etiam
556 2221 689 2260 domini,
707 2227 741 2253 ut
772 2222 804 2253 in
828 2221 1038 2254 Parlamento

62 2260 192 2293 Gallico
214 2261 286 2293 Rex
309 2261 498 2293 Ludovicus
524 2263 573 2295 12.
602 2274 704 2305 saepe
734 2265 817 2296 sedit
846 2266 879 2296 in
908 2266 1039 2304 iudicio,

63 2310 95 2335 et
117 2306 339 2346 pronuntiavit
355 2306 550 2337 sententiam
574 2314 690 2339 contra
713 2317 750 2339 se
773 2309 897 2349 ipsum:
921 2309 953 2339 id
977 2314 1039 2348 est,

64 2348 194 2388 quando
218 2347 472 2387 Procuratores,
494 2350 584 2391 regis
606 2351 748 2389 nomine,
773 2350 825 2382 vel
848 2350 902 2383 alii
924 2362 944 2382 a
963 2362 1039 2393 pro-

64 2391 269 2422 curatoribus
309 2392 408 2433 regiis
456 2399 634 2434 exegerant
676 2393 810 2436 aliquid.
873 2395 1038 2426 Interdum

62 2438 294 2473 procuratores
329 2435 408 2476 regii
445 2433 594 2467 fecerant
626 2436 774 2468 iniuriam
815 2437 897 2469 aliis.

61 2476 172 2507 audita
195 2487 327 2514 caussa,
351 2478 574 2518 pronuntiavit
596 2485 710 2511 contra
732 2490 770 2512 se
793 2481 908 2523 ipsum.

147 2517 206 2550 llla
229 2521 374 2551 narravit
387 2520 497 2551 Lucas
520 2520 649 2563 legatus
673 2529 703 2554 et
726 2523 794 2562 alii,
817 2523 945 2556 ductori
958 2523 1037 2555 Tur-

63 2562 123 2594 cici
161 2563 327 2594 exercitus
363 2562 616 2597 Imbrewascha.
662 2564 722 2598 Ille
749 2566 884 2598 sustulit
918 2567 1036 2600 oculos

61 2605 94 2636 in
118 2603 260 2644 coelum,
283 2612 315 2637 et
339 2606 435 2637 dixit:
465 2605 537 2649 Ego
562 2609 738 2650 quotannis
766 2611 890 2652 recipio
920 2611 961 2642 ad
985 2620 1036 2643 me

61 2647 82 2678 6
104 2653 223 2679 tonnas
245 2650 329 2687 auri,
357 2654 388 2680 et
411 2650 543 2690 quando
566 2652 701 2691 morior,
736 2658 804 2685 tum
832 2654 895 2685 mei
924 2653 980 2685 filii
1004 2660 1036 2686 et

215 2706 361 2728 RELANTB.
375 2708 457 2728 OPER.
471 2708 535 2730 VOL.
550 2711 616 2730 XXV.

1062 2403 1066 2428 l

956 2438 1038 2477 Rex,
1062 2429 1066 2457 3
1091 2436 1218 2479 templi,
1253 2446 1286 2471 et
1311 2441 1499 2474 sacerdotii.

2015 192 2078 223 322

1095 283 1183 316 filiae
1208 296 1272 317 non
1296 285 1420 317 habent
1447 296 1547 318 unum
1576 284 1721 318 obulum.
1774 286 1849 317 Das
1875 287 1918 318 ist
1937 285 2077 320 Turcica

1092 329 1248 360 servitus.
1294 328 1340 360 lbi
1365 330 1473 360 onmia
1495 335 1571 361 sunt
1608 329 1829 371 imperatoris
1885 328 1937 360 De
1961 337 2074 362 nostro

1093 372 1163 403 iure
1186 370 1242 403 illa
1267 372 1448 413 propositio
1473 379 1523 403 est.
1547 370 1643 403 salsa.
1680 372 1890 414 imperatoris
1909 382 1976 403 non
2000 380 2076 405 sunt

1093 415 1217 445 onmia:
1245 414 1306 445 Die
1329 415 1467 447 [aristen
1484 415 1586 446 haben
1609 416 1672 446 (Ias
1694 416 1907 456 ⁸tyriiclarore,
1932 414 2077 448 fortasse

1095 463 1201 489 ortum
1224 459 1266 488 ab
1293 457 1466 490 adulatore
1489 457 1614 500 aliquo,
1638 459 1723 490 sicut
1747 459 1869 500 ubique
1898 465 1973 490 sunt
1997 461 2079 491 adu-

1093 499 1237 538 latores.
1274 510 1341 531 non
1365 499 1473 533 solum
1497 502 1527 532 in
1553 501 1655 540 aulis,
1689 503 1749 534 sed
1778 503 1876 533 etiam
1910 503 1942 533 in
1973 504 2078 544 quoti-

1094 544 1191 574 diana
1215 544 1483 583 conversatione,
1511 551 1543 576 et
1567 544 1731 587 affingunt
1761 544 1928 586 glossam:
1959 546 2079 578 Omnia

1093 591 1166 618 sunt
1202 585 1433 627 Imperatoris,
1464 586 1610 626 scilicet,
1652 599 1716 630 quo
1761 589 1802 619 ad
1838 588 2077 627 defensionem,

1094 640 1160 662 nou
1184 630 1295 670 quoad
1314 631 1491 662 dominium
1515 630 1606 669 utile,
1631 630 1683 663 vel
1708 641 1841 662 merum.

1179 672 1252 714 Ego
1276 673 1362 704 addo
1375 672 1475 705 multo
1499 675 1743 706 concinniorem
1762 675 2075 715 interpretationem.

1094 714 1193 747 Dico:
1224 716 1342 747 Omnia
1364 721 1437 747 sunt
1459 719 1692 757 Imprrcztorz‘s:
1725 716 1872 759 seilicet„
1912 724 1944 749 ut
1974 718 2075 760 legis,

1094 759 1226 800 quando
1250 758 1305 790 lex
1328 760 1473 791 attribuit
1496 759 1621 802 aliquid
1645 759 1763 798 alicui,
1797 767 1874 793 tunc
1903 768 1952 793 est
1977 761 2077 800 illius,

1095 808 1127 832 et
1159 803 1292 843 quando
1323 813 1377 834 res
1408 803 1497 834 venit
1530 804 1562 835 in
1600 804 1850 842 dubitationem,
1886 815 2004 837 rursus
2043 804 2078 836 lit

1093 843 1192 886 legis,
1218 852 1248 876 et
1273 843 1327 876 lex
1351 853 1402 877 cst
1424 847 1531 877 iudex.
1590 846 1663 879 Hoc
1701 848 1853 889 congruit
1886 858 1959 879 rum
1990 848 2077 879 dicto

1094 888 1126 918 in
1145 888 1308 920 Levitico:
1344 888 1409 919 Ista
1443 899 1517 921 mea
1542 896 1630 929 sunt,
1674 891 1748 922 ilos
1773 891 1849 921 {iott
1873 891 1982 928 redet,
2017 892 2079 922 dns

1093 931 1136 961 ist
1158 930 1242 964 Lex;
1268 937 1298 963 et
1322 933 1410 973 quod
1434 932 1502 963 Lex
1528 933 1615 971 dicit,
1647 934 1731 965 idem
1754 933 1848 965 Deus
1879 935 2077 974 pronuntiat.

1093 973 1164 1004 Lex
1189 984 1255 1004 non
1290 974 1373 1006 tollit
1404 976 1532 1016 privata
1564 977 1721 1012 dominia3
1757 978 1821 1009 imo
1845 978 1970 1015 sancit,
2006 988 2078 1009 cum

1093 1017 1185 1048 dicit:
1222 1017 1442 1058 Nonjurtmn
1474 1018 1599 1058 facies:
1639 1028 1669 1051 et
1701 1020 1776 1062 quia
1807 1021 1915 1052 sancit
1951 1021 2079 1062 privata

1093 1060 1246 1098 dominia,
1272 1060 1453 1102 Imperator
1472 1073 1537 1094 non
1562 1063 1663 1094 habet
1685 1069 1898 1104 potestatem,
1922 1069 1956 1095 ut
1980 1065 2078 1095 vobis

1093 1104 1210 1144 eripiat
1234 1102 1343 1145 feuda,
1368 1111 1493 1143 vestes,
1526 1113 1581 1137 aut
1616 1105 1681 1138 alia
1705 1107 1809 1143 bona;
1847 1112 1897 1144 et,
1932 1108 1960 1138 si
1986 1107 2079 1145 facit,

1093 1152 1171 1178 sunt
1195 1147 1325 1185 iudicia,
1350 1158 1435 1189 quae
1459 1156 1582 1190 cogunt
1613 1159 1686 1181 eum
1710 1149 1863 1185 reddere3
1898 1156 1930 1182 et
1961 1151 1990 1181 si
2013 1160 2079 1181 non

1092 1189 1210 1228 reddit,
1234 1196 1286 1220 est
1300 1189 1487 1232 Tyrannus.
1524 1191 1631 1224 Mater
1651 1198 1706 1224 tua
1733 1198 1784 1223 est
1803 1203 1887 1224 uxor
1902 1193 2006 1234 patris
2019 1193 2078 1232 tui,

1092 1231 1165 1264 Rex
1188 1243 1255 1263 non
1279 1233 1375 1264 habet
1400 1240 1598 1275 potestatem
1621 1236 1778 1277 eripiendi
1802 1236 1888 1277 patri
1916 1242 1972 1268 tuo
1997 1246 2077 1268 uxo-

1091 1285 1172 1306 rem.
1219 1276 1276 1306 Sic
1299 1287 1365 1308 non
1384 1277 1483 1308 habet
1506 1279 1557 1310 ius
1582 1279 1740 1321 eripiendi
1766 1289 1830 1310 res.
1881 1278 1976 1312 Deus
1999 1277 2078 1310 facit

1093 1319 1285 1349 discrimina
1309 1319 1538 1353 dominiorum.

1154 1384 1157 1385 γ
1181 1361 1323 1397 Quando
1356 1373 1414 1394 rex
1437 1363 1555 1396 Achab
1579 1364 1735 1403 volebat,
1772 1372 1806 1397 ut
1828 1366 1963 1397 Naboth
2002 1376 2077 1397 ven-

1092 1404 1185 1436 deret
1209 1405 1239 1436 ei
1257 1405 1398 1444 vineam,
1424 1406 1480 1438 ille
1503 1407 1608 1439 noluit
1632 1409 1792 1446 vendere3
1816 1415 1932 1450 postea
1947 1408 2079 1440 lesebel

1092 1448 1216 1479 invenit
1240 1447 1411 1487 technam,
1452 1451 1513 1482 das
1542 1452 1602 1482 (lor
1629 1456 1705 1493 quta*
1731 1452 1832 1483 Μιιηη
1857 1452 1971 1483 clrumb
1994 1452 2077 1483 tum.

1092 1490 1186 1522 Deus
1210 1492 1337 1532 punivit
1362 1492 1555 1531 Achabum3
1580 1496 1656 1536 quia
1680 1495 1847 1536 principes
1868 1506 1932 1527 non
1953 1495 2078 1527 habent

1093 1535 1143 1565 ius
1179 1535 1326 1576 rapiendi
1361 1535 1563 1576 privatorum
1600 1539 1695 1569 bona-
1760 1538 1876 1569 ll'emzx
1906 1539 2079 1580 yesclu'clzt,

1092 1587 1128 1608 so
1152 1578 1211 1608 ists
1234 1578 1323 1609 flesto
1347 1588 1452 1620 cryer.
1489 1580 1557 1612 Sed
1581 1592 1654 1613 cum
1679 1581 1802 1613 factum
1827 1589 1890 1617 est,
1915 1592 1950 1613 so
1971 1582 2080 1623 Isompt

1092 1620 1175 1651 demi
1199 1620 1258 1651 der
1281 1631 1420 1660 versus,
1450 1623 1505 1664 qui
1529 1630 1638 1655 exstat
1662 1625 1693 1656 in
1717 1624 1887 1663 Verrinis,
1917 1625 1956 1655 ‘0
1979 1624 2078 1658 πολλοὶ

1092 1666 1216 1703 κλέψας,
1239 1667 1289 1693 καὶ
1312 1664 1395 1704 ὀλίγα
1419 1665 1504 1704 δοὺς,
1531 1668 1707 1706 ἐκφεύξεται.
1753 1667 1842 1706 Δοῦς,
1873 1668 2002 1700 scillcet
2030 1669 2078 1700 iu·

1093 1707 1232 1737 dicibus.
1285 1708 1475 1747 έκφεύξεται,
1505 1709 1632 1741 scilicet
1662 1709 1837 1741 absolutus
1861 1722 1880 1742 a
1904 1711 2076 1743 iudicibus.

1092 1748 1150 1779 Est
1189 1759 1306 1780 sersus
1336 1751 1583 1791 reprehendens
1619 1760 1683 1784 tam
1707 1754 1850 1790 iudices,
1892 1764 1989 1795 quam
2026 1765 2076 1786 ra-

1093 1798 1214 1832 ptores
1274 1792 1398 1823 Verres
1429 1794 1526 1832 dixit,
1551 1806 1588 1826 se
1611 1797 1764 1837 rapuisse
1793 1803 1935 1834 tantum,
1952 1803 1988 1828 ut
2016 1798 2078 1828 sibi

1093 1841 1124 1864 et
1148 1835 1312 1865 iudicibus
1336 1836 1418 1866 satis
1447 1838 1490 1868 sit
1558 1838 1636 1869 ideo
1671 1839 1788 1870 Cicero
1821 1839 1908 1871 hunc
1945 1850 2076 1872 versum

1092 1875 1214 1918 allegat
1238 1883 1353 1909 contra
1378 1888 1461 1910 eum.
1508 1879 1710 1920 Alexander,
1737 1884 1829 1914 cuius
1853 1889 1959 1914 mater
1971 1883 2074 1914 Mam-

1093 1930 1165 1951 mea
1187 1918 1259 1958 fuit,
1283 1920 1476 1962 Imperator,
1502 1934 1604 1966 saepe
1632 1926 1786 1966 repetivit
1810 1925 1899 1958 hunc
1931 1936 2077 1964 versum,

1093 1963 1225 2004 quando
1245 1963 1369 1995 audivit
1393 1966 1517 1998 iudices
1542 1978 1620 1999 esse
1644 1975 1833 2010 corruptos.

1178 2005 1251 2048 Ego
1279 2007 1329 2038 sic
1357 2011 1588 2042 accommodo:
1629 2010 1693 2047 Qui
1728 2011 1865 2044 multum
1899 2013 2005 2053 rapuit
2035 2023 2075 2045 ex

1093 2050 1318 2089 monasteriis,
1348 2057 1380 2082 et
1402 2062 1509 2093 pauca
1532 2054 1588 2085 dat
1618 2056 1819 2096 pauperibus
1849 2055 2075 2094 scholasticis.

1092 2098 1122 2123 et
1146 2093 1348 2133 pastoribuS,
1372 2095 1504 2128 evadet:
1534 2096 1606 2139 Ego
1631 2097 1805 2130 absolvam
1829 2110 1919 2138 eum,
1949 2100 2011 2130 clas
2029 2100 2075 2130 κίε»

1092 2145 1125 2166 es
1147 2135 1194 2165 m't
1214 2145 1280 2176 yar
1303 2136 1496 2177 auffressen,
1521 2146 1554 2170 et
1577 2142 1709 2172 omnino
1734 2140 1903 2184 negligant
1926 2140 2072 2174 scholas.

1092 2178 1233 2219 Sapiens
1267 2186 1298 2211 et
1332 2180 1473 2214 honesta
1507 2184 1684 2226 antiquitas
1726 2184 1827 2216 voluit
1862 2192 2074 2227 prospectum

1092 2220 1267 2254 Ecclesiae
1291 2224 1333 2254 ad
1358 2228 1621 2258 conservandum
1647 2228 1871 2266 ministerium,
1894 2229 1937 2260 ad
1961 2229 2075 2261 docto-

1092 2274 1147 2296 res
1171 2270 1203 2296 et
1227 2265 1393 2298 discentes
1416 2267 1567 2301 alendos.
1615 2269 1688 2303 Hoc
1712 2271 1874 2303 Dominus
1900 2272 2075 2309 ordinavit,

1091 2314 1126 2338 ut
1161 2308 1216 2349 qui
1254 2310 1413 2342 ministrat
1448 2312 1651 2355 Evangelio,
1687 2315 1777 2346 vivat
1810 2315 1850 2346 de
1880 2313 2073 2356 Evangelio.

1091 2352 1136 2383 Es
1158 2354 1202 2383 ist
1221 2354 1300 2384 eben
1317 2355 1395 2387 lzart
1410 2358 1552 2395 yeredet.
1599 2355 1724 2389 Paulus
1753 2364 1862 2389 tamen
1894 2359 1937 2389 ita
1969 2356 2073 2389 voluit

1090 2392 1191 2436 loqui.
1253 2395 1362 2438 Cyrus
1403 2400 1548 2432 attribuit
1589 2400 1716 2432 reditus
1756 2401 1799 2432 ad
1832 2401 2074 2432 restitutionem

1556 2443 1603 2474 lta
1636 2443 1809 2485 Principes
1845 2444 1966 2476 debent
1997 2454 2073 2474 con-

1090 2479 1200 2512 sulere
1223 2482 1406 2523 Ecclesiae,
1430 2486 1556 2517 etiamsi
1587 2485 1677 2518 nulla
1701 2493 1813 2518 essent
1845 2488 1932 2519 bona
1957 2485 2073 2520 Eccle-

1089 2524 1234 2556 siastica.
1281 2528 1401 2559 Verum
1424 2527 1508 2560 haec
1531 2530 1627 2561 etiam
1651 2530 1693 2561 ad
1716 2540 1755 2561 se
1777 2531 1927 2571 rapiunt,
1963 2536 1996 2562 et
2019 2531 2072 2561 vix

1089 2568 1242 2610 exiguum
1278 2569 1467 2613 relinquunt
1499 2571 1682 2610 Ecclesiis‚
1719 2579 1755 2604 ut
1789 2580 1840 2605 est
1874 2574 1906 2605 in
1938 2571 2072 2605 fabulis.

1089 2610 1246 2643 Rusticus
1270 2613 1405 2646 volebat
1427 2615 1594 2656 proficisci
1625 2616 1668 2647 ad
1700 2623 1892 2655 mercatum,
1930 2622 1962 2648 et
1998 2627 2072 2648 cum

1088 2654 1168 2686 nihil
1186 2654 1337 2695 haberet,
1362 2659 1451 2700 quod
1464 2659 1636 2696 venderet,
1659 2657 1846 2701 imploravit
1857 2658 2071 2694 Mercurium,

1729 2721 1758 2744 21
