2374 2985
96 202 158 234 129

93 296 172 327 leche
196 294 422 333 versammlnny.
459 294 643 336 Synagoga
667 298 697 324 et
723 292 881 334 Synodus
906 292 1069 333 significat

94 339 358 382 qualemcunque
372 335 614 369 collectionem.
650 334 803 367 Ecclesia
818 336 917 367 debet
931 335 1070 375 agnosci

93 389 129 415 ut
159 389 273 414 mater
328 381 372 412 lbi
403 387 631 412 convocantur
661 380 828 410 homines:
859 389 925 410 non
951 389 1072 409 conve-

93 426 185 458 niunt
218 426 278 462 ibi,
313 425 365 465 qui
401 434 465 454 non
495 429 569 455 suut
600 423 722 454 vocati.
779 421 827 453 Illi
859 428 985 458 autem,
1017 422 1071 462 qui

94 474 170 500 sunt
204 468 329 503 vocati,
364 466 485 498 habent
522 473 632 498 certos
664 466 806 507 gradus:
842 472 894 503 nt,
929 465 1070 496 Athenis

94 518 166 543 erat
194 517 304 542 certus
336 511 430 541 ordo.
492 509 630 545 Quoties
662 509 934 540 convocabantur
966 508 1071 545 cives,

93 553 229 596 quilibet
252 554 437 595 occupabat
463 564 521 594 pro
540 553 697 594 dignitate
715 558 747 583 ct
766 553 960 583 auctoritate
977 561 1071 582 suum

92 597 213 630 locum.
276 597 419 628 Senatus
458 607 520 628 suo
552 595 628 627 loco
664 596 814 627 sedebat:
850 596 941 626 cives
976 595 1072 626 etiam

93 651 154 673 suo
179 640 268 673 loco.

264 805 373 856 Quid
403 812 464 845 est
496 805 672 846 Ecclesia
704 802 901 849 visibilis?

180 904 332 936 Ecclesia
355 904 510 944 visibilis,
541 911 592 936 est
621 910 739 936 coetus
763 904 902 936 visibilis
928 907 1070 937 omnium

92 946 358 988 vamplectentium¹
394 946 630 990 Evangelium,
666 949 698 979 in
733 959 798 990 quo
836 955 933 980 coetu
967 948 1070 980 Filius

81 989 156 1022 ⁴Dei
188 997 239 1021 est
273 989 391 1022 efficax
427 1002 486 1033 per
518 1002 636 1023 vocem
664 991 857 1034 Evangelii,
891 998 924 1023 et
947 992 1070 1024 multos

90 1040 265 1075 regenerat
288 1035 329 1065 ad
353 1035 452 1066 vitam
475 1040 656 1073 aeternam,
674 1042 705 1066 et
728 1035 758 1067 in
785 1046 850 1077 quo
875 1041 972 1067 coetu
995 1041 1071 1067 sunt

90 1076 180 1108 multi
204 1088 270 1108 non
294 1078 411 1108 sancti.
446 1077 538 1109 Haec
562 1077 713 1109 Ecclesia
736 1089 801 1109 non
826 1086 877 1109 est
901 1079 1069 1114 imperium

91 1120 307 1158 mundanum,
346 1128 380 1151 ut
417 1121 528 1152 dicunt
551 1120 648 1159 vali,
688 1123 742 1163 qui
778 1120 902 1153 faciunt
936 1121 1071 1152 Petrum

91 1161 236 1204 Regem,
260 1169 388 1194 armant
412 1174 485 1194 eum
508 1170 674 1205 potestate
698 1164 834 1200 infinita,
860 1164 938 1194 dant
961 1164 989 1194 ci
1013 1174 1070 1205 po-

91 1211 244 1237 testatem
267 1207 413 1237 mutandi
437 1217 553 1238 vocem
579 1206 739 1243 divinam,
767 1206 964 1237 traditiones
993 1217 1070 1238 con-

91 1249 200 1287 dendi,
225 1249 444 1280 constituendi
473 1258 581 1279 novos
610 1248 770 1280 articulos
795 1248 882 1287 fidei,
907 1255 939 1280 et
962 1260 1070 1281 novos

91 1291 219 1329 cultus,
250 1291 389 1332 cogendi
420 1292 534 1322 orbem
560 1297 720 1323 terrarum
749 1293 781 1322 in
807 1302 900 1323 suam
925 1298 1071 1333 potesta—

90 1340 175 1369 tem3
197 1334 257 1364 sed
280 1332 434 1365 Ecclesia
457 1344 524 1364 non
548 1340 599 1365 est
621 1334 697 1366 talis
719 1333 845 1376 politia,
869 1336 929 1366 sed
954 1342 1071 1367 coetus

90 1376 258 1407 hominum
295 1375 562 1417 amplectentium
601 1376 844 1420 Evangelium,
884 1379 1073 1421 ubicunque

89 1423 177 1450 suun

176 1460 316 1502 Semper
338 1468 415 1494 sunt
439 1461 536 1494 electi
560 1463 592 1494 in
617 1469 714 1495 coetu
739 1470 945 1496 vocatorum.
992 1465 1071 1497 Ideo

88 1504 278 1537 nominatur
311 1504 465 1537 Ecclesia
498 1507 540 1538 ab
575 1509 719 1545 ἐκκαλεό),
759 1517 872 1537 evoco:
906 1508 984 1550 quia
1019 1514 1071 1540 est

90 1548 308 1590 congregatio
343 1559 473 1587 eorum,
507 1550 561 1591 qui
596 1550 711 1581 ordine
741 1551 852 1582 vocati
882 1557 973 1583 sunt:
1004 1562 1071 1583 non

90 1596 141 1622 est
165 1593 382 1633 congregatio
406 1593 607 1633 promiscua,
633 1591 852 1632 confusanea‚
870 1596 931 1626 sed
955 1596 1071 1626 ordine

89 1639 294 1665 vocatorum.
339 1633 479 1666 Debetis
502 1646 624 1674 amare,
649 1642 682 1668 et
705 1637 794 1668 omni
817 1638 925 1670 studio
949 1648 1071 1670 ornare

89 1674 289 1707 Ecclesiam:
313 1678 442 1709 debetis
467 1680 561 1710 matri
583 1679 745 1711 honorem
769 1686 800 1711 et
824 1680 929 1712 multa
948 1680 1069 1713 officia.

91 1717 261 1760 Cogitate,
286 1721 399 1760 quanti
421 1722 487 1752 sint
508 1720 642 1753 labores
665 1723 779 1754 matris
802 1723 835 1754 in
858 1725 1068 1757 educatione.

92 1759 160 1792 Cur
183 1761 281 1803 igitur
304 1772 418 1794 sumus
442 1764 526 1795 adeo
549 1764 688 1806 ingrati,
715 1771 753 1797 ut
780 1777 846 1797 non
872 1767 1068 1808 cogitemm,

93 1805 260 1844 quomodo
294 1811 450 1846 parentes
485 1807 649 1838 tractandi
682 1808 768 1840 sint?
823 1809 881 1840 Sic
913 1810 1071 1842 Ecclesia

91 1847 234 1878 sustinet
256 1849 418 1880 maximos
441 1847 576 1881 labores
600 1851 631 1881 in
657 1851 835 1889 docendis,
859 1859 891 1883 et
913 1854 1069 1894 regendis

91 1889 199 1920 vobis.
244 1889 295 1921 Illi
324 1892 379 1932 qui
409 1891 550 1924 fideliter
579 1893 715 1930 docent,
743 1895 829 1925 bene
859 1896 1072 1936 experiuntur

90 1930 286 2006 hf⁰‚⁰‘¹¹¹⁵·
351 1933 463 1970 Quare
499 1936 628 1967 debetis
666 1937 813 1968 vicissim
853 1948 975 1969 ornare
1009 1938 1072 1970 Ec-

92 1985 110 2006 c
124 1985 239 2007 esiam.

92 2146 200 2200 Qujd
232 2156 310 2190 est:
337 2155 438 2195 Super
460 2157 540 2186 hanc
558 2156 686 2186 Petram
709 2158 882 2198 aedificabo
896 2159 1069 2190 Ecclesiam

523 2236 617 2255 meam
623 2226 639 2257 ἓ

176 2309 212 2340 Id
239 2316 308 2350 est,
339 2320 441 2352 super
468 2311 683 2343 ministerium
707 2312 805 2345 huius
831 2313 1066 2347 confessionis.

91 2352 232 2383 Quando
263 2359 297 2384 tu
327 2364 408 2385 vere
441 2353 651 2395 amplecteris
686 2355 772 2388 lianc
808 2356 1066 2398 confessionem,

91 2399 169 2425 tunc
193 2406 229 2425 es
254 2406 290 2427 re
313 2406 392 2428 vera
409 2398 587 2429 membrum
600 2398 775 2431 Ecclesiae
794 2399 866 2432 Dei.
903 2401 975 2433 Huc
993 2413 1066 2442 per-

92 2437 171 2468 tinet
201 2436 294 2469 illud:
330 2440 367 2468 Si
389 2441 458 2479 quis
480 2440 589 2479 ‹Iz‘liyit
611 2452 673 2477 me,
700 2453 865 2473 sermonem.
889 2455 980 2474 melam
1003 2455 1065 2474 ser-

90 2480 192 2509 vabit:
215 2484 243 2510 et
261 2486 357 2521 pater
378 2493 460 2512 *meus
482 2483 594 2523 diliyet
616 2495 692 2523 eum,
716 2492 777 2518 etc.
801 2488 833 2518 id
857 2494 918 2524 est,
932 2489 1065 2529 quando

91 2523 303 2556 ministerium
326 2526 382 2557 tibi
406 2526 484 2557 dicit
507 2528 548 2559 tle
570 2527 651 2559 Filio
674 2528 756 2568 Dei,
781 2531 870 2572 quod
894 2530 948 2562 ille
973 2531 1066 2562 lesus

90 2572 187 2598 natus
217 2577 258 2598 ex
288 2569 415 2610 virgine
443 2568 547 2602 Maria
576 2571 754 2604 crucifixus
778 2580 811 2605 et
834 2574 1066 2612 resuscitatus,

90 2609 133 2640 sit
154 2611 219 2641 ista
240 2621 404 2651 persona,
429 2612 583 2646 videlicet
611 2614 714 2655 λόγος,
745 2623 776 2648 et
806 2618 915 2660 imago
940 2618 1066 2649 aeterni

90 2651 211 2687 Patris,
231 2665 315 2696 quae
339 2657 519 2696 assumpsit
539 2661 691 2689 n'aturam
714 2656 901 2699 humanam,
921 2667 955 2692 ut
974 2661 1067 2692 fieret

243 2714 339 2733 HELAN
347 2716 388 2734 l'H.
404 2716 484 2735 OPER.
500 2717 554 2735 VOl.
578 2719 642 2736 XXV.

780 197 1000 230 POSTILLA
1019 196 1419 229 MELANTHONIANA.

2051 197 2113 229 130

1126 291 1255 322 vit-timi
1283 302 1342 332 pro
1369 292 1485 329 nobis,
1518 297 1548 322 et
1579 292 1666 332 quod
1698 293 1736 321 sit
1764 292 1861 321 nobis
1887 292 1916 321 d·
1933 297 2050 324 uatus.
2076 299 2111 323 ut

1126 335 1301 366 credamus
1327 336 1423 366 nobis
1449 335 1567 366 remitti
1600 341 1738 375 peccata
1763 341 1898 376 propter
1922 336 2018 366 istum
2043 335 2111 365 Do-

1125 379 1247 409 minum
1282 384 1314 409 et
1343 386 1378 408 ut
1409 379 1623 409 restituantur
1654 379 1750 408 nobis
1776 388 1833 418 per
1858 379 1963 418 ipsum
1989 379 2112 409 iustitia

1126 426 1157 451 et.
1180 421 1245 451 vita
1268 427 1414 452 aeterna.
1450 421 1523 452 Hoc
1547 422 1645 462 igitur
1669 422 1801 462 quando
1825 422 2002 458 credimus,
2028 421 2111 451 scia·

1125 474 1198 495 mus
1242 464 1311 495 fieri
1346 475 1409 495 nos
1446 466 1591 496 membra
1626 463 1821 496 Ecclesiae:
1864 464 1981 495 remitti
2015 464 2110 494 nohis

1124 515 1276 547 peccata,
1299 507 1407 539 Deum
1431 506 1602 539 efficacem
1629 518 1706 538 esse
1730 508 1762 538 in
1786 508 1897 544 nobis:
1923 507 2054 538 Patrem
2079 514 2109 538 et

1125 549 1241 581 Filium
1266 552 1392 592 spirare
1411 551 1443 582 in
1466 561 1529 582 nos
1553 551 1709 592 Spiritum
1733 557 1895 581 sanctum.

1213 610 1334 642 Postea
1358 612 1448 643 addit
1472 612 1513 642 dc
1537 610 1735 642 Minis-terto:
1771 611 1841 649 Eyo
1861 611 1944 640 dabo
1969 610 2026 639 tim·
2049 609 2110 639 ela-

1126 663 1176 682 ces
1210 654 1378 686 caelarunt:
1415 655 1551 689 Quorum
1583 655 1763 683 remiserz'h's
1789 661 1923 693 peccatu
1954 654 1985 682 in
2015 657 2110 682 terra.

1126 701 1213 726 erzmt
1237 699 1363 727 remissa
1386 699 1417 727 ἰη
1441 698 1546 727 coelis.
1600 697 1711 732 Quare
1734 699 1881 728 nominat.
1911 697 2027 727 claves,
2054 708 2111 737 po-

1127 745 1281 771 testatem
1304 740 1601 773 Ecclesiasticam‘ss
1637 740 1720 775 Quia
1745 746 1797 771 est
1821 747 1971 781 potestus
1995 739 2110 770 similis

1127 784 1342 815 oeconomiae
1368 784 1421 815 vel
1446 785 1651 816 domesticae
1674 784 1960 815 administrationi.
2015 782 2110 813 Pote-

1126 832 1197 857 stas
1221 826 1353 868 politica
1378 829 1565 859 nominatur
1582 826 1728 867 gladius:
1752 827 1829 868 quia
1846 827 1947 858 habet
1966 832 2110 866 potcsta-

1126 875 1188 900 tcm
1216 871 1350 912 regendi
1374 872 1406 902 vi
1431 869 1614 912 corporali:
1649 869 1773 901 Claves
1796 871 1987 912 significant
2013 880 2109 900 oeco-

1126 914 1289 945 nomicam
1314 920 1522 955 potestatem.
1569 913 1603 944 In
1629 914 1767 944 aedibus
1790 914 1854 944 tuis
1879 918 1983 944 mater
2002 918 2109 954 gestat

1125 955 1252 988 claves.
1298 957 1365 988 lam
1389 957 1527 999 repetite
1550 957 1757 988 definitiones
1781 958 1920 988 usitatas

1272 1130 1382 1180 Quid
1415 1138 1476 1170 est
1508 1131 1690 1170 minister
1723 1129 1962 1184 Evangelii?

1213 1230 1272 1261 Est
1304 1241 1449 1271 persona
1479 1230 1631 1260 ordinata
1654 1240 1674 1260 a
1698 1229 1788 1267 Deo,
1818 1229 1946 1260 habens
1976 1230 2109 1260 mauda-

1126 1280 1193 1305 tum
1235 1274 1377 1305 docendi
1416 1272 1657 1314 Evangeliuin,
1699 1273 1950 1304 administrandi
1993 1274 2111 1304 Sacra-

1125 1323 1254 1354 menta,
1278 1317 1463 1348 remittendi
1488 1322 1650 1356 peccata,
1676 1316 1984 1347 excommunicandi
2007 1318 2111 1347 verbo

1127 1365 1363 1397 contumaces,
1389 1370 1454 1390 non
1477 1360 1634 1400 puniendi
1658 1358 1780 1401 gladio.
1838 1360 1905 1391 Sed
1930 1359 2109 1390 Pontifices

1126 1404 1257 1444 rapiunt
1286 1403 1348 1434 sibi
1378 1403 1545 1445 geminum
1573 1402 1736 1444 gladium:
1771 1403 1956 1444 depravant
1986 1403 2110 1433 dictum

1125 1447 1158 1477 in
1182 1445 1321 1478 historia
1344 1447 1512 1488 passionis
1537 1445 1674 1478 Christi:
1699 1445 1790 1479 Ecce,
1815 1446 1879 1475 duo
1902 1446 2007 1485 (stadii
2028 1446 2088 1475 lale.

1164 1621 1273 1672 Quid
1306 1629 1368 1662 est
1399 1627 1578 1677 potestas
1611 1622 1793 1677 politica,
1827 1636 1899 1662 seu
1932 1621 2065 1675 Magi-

1531 1699 1705 1741 stratus?

1209 1789 1270 1821 Est
1293 1800 1440 1831 persona
1463 1791 1616 1822 ordinata
1634 1800 1654 1821 a
1670 1789 1746 1820 Deo
1770 1789 1897 1821 habens
1921 1790 2111 1822 mandatum

1125 1833 1333 1865 custodiendi
1359 1832 1567 1874 disciplinam
1590 1838 1622 1864 et
1646 1843 1780 1873 pacem,
1816 1833 1957 1873 puniens
1982 1834 2013 1864 vi
2038 1844 2111 1864 cor-

1125 1874 1241 1916 porali.
1288 1875 1359 1906 Nisi
1378 1875 1472 1907 Deus
1496 1877 1546 1907 sic
1570 1877 1773 1913 ordinasset,
1797 1876 1917 1907 nemini
1940 1875 2110 1908 hominum

1125 1918 1241 1950 liceret
1270 1919 1332 1949 sibi
1362 1929 1494 1950 sumere
1529 1917 1685 1961 gladium.
1745 1918 1883 1950 Debetis
1919 1920 2110 1951 discernere

1126 1961 1184 1992 illa
1213 1962 1277 1992 duo
1303 1962 1479 2004 regimina,
1513 1972 1579 1993 non
1604 1961 1844 1994 transformare
1867 1962 2054 1994 Ecclesiam
2078 1964 2110 1994 in

1127 2015 1265 2046 regnum
1288 2006 1507 2043 mundanum,
1532 2015 1598 2037 non
1623 2005 1736 2037 faeere
1759 2004 1983 2037 confusiones.
2016 2006 2110 2042 Quae

1126 2048 1192 2079 sint
1209 2047 1412 2079 differentiae
1430 2048 1644 2090 lmperiorum
1658 2055 1690 2080 et
1701 2048 1887 2086 Minister-ii,
1905 2049 1989 2080 alias
2007 2059 2110 2090 saepe

1127 2091 1258 2122 auditis.
1315 2091 1381 2122 lam
1408 2092 1525 2123 discite
1549 2091 1636 2124 hanc
1660 2091 1852 2127 lactionem,
1878 2098 1910 2123 et
1934 2094 2108 2134 proponite

1124 2135 1222 2166 vobis
1245 2144 1319 2166 eam
1342 2135 1386 2166 ad
1409 2133 1684 2167 consolationem.

1151 2309 1449 2364 Applicatio
1483 2311 1744 2350 concionis
1779 2309 1974 2351 Christi
2006 2312 2065 2352 ad

1528 2411 1688 2436 usum.

1206 2486 1351 2519 Primum
1373 2498 1436 2519 vos
1461 2487 1737 2519 commonefaciat
1754 2486 1837 2518 haec
1863 2488 1995 2524 concio,
2015 2489 2105 2530 quod

1119 2531 1151 2561 in
1181 2529 1336 2562 Ecclesia
1366 2532 1560 2563 necessaria
1594 2532 1636 2562 sit
1671 2531 1794 2572 agnitio
1829 2529 1885 2561 filii
1920 2530 1994 2562 Dei.
2040 2531 2103 2562 Ubi

1119 2584 1186 2605 non
1217 2580 1269 2605 est
1297 2575 1413 2605 notitia
1441 2573 1497 2605 filii
1528 2574 1610 2606 Dei.
1647 2575 1689 2605 ihi
1715 2584 1780 2604 non
1804 2579 1915 2614 potest
1940 2584 2018 2606 esse
2041 2574 2103 2606 Ec-

1120 2615 1242 2649 clesia:
1278 2618 1354 2660 quia
1387 2628 1454 2648 non
1488 2624 1600 2658 potest
1634 2616 1724 2648 aliud
1753 2615 2002 2648 fundamentum
2025 2619 2102 2658 poni

1119 2667 1252 2701 praeter
1274 2661 1323 2699 id,
1357 2661 1447 2703 quod
1474 2661 1619 2702 positum
1648 2666 1716 2698 est,
1751 2659 1916 2692 Christus.
1973 2659 2102 2692 Deinde

1740 2721 1755 2744 9
