2343 2970
130 150 195 184 359

129 246 198 279 vult
234 259 272 279 se
307 248 443 289 agnosci
469 247 643 278 Dominum
678 246 816 276 istarum
852 255 968 274 rerum.

130 293 185 322 (lat
209 292 265 322 tihi
291 293 409 322 honam
435 290 676 321 valetudinem:

129 336 196 376 quit
224 341 348 365 textus:
373 334 409 364 In
435 335 506 374 ipso
528 333 670 369 ‘rio-inlus,
694 340 851 361 moremur
875 335 905 360 cl
925 339 1041 359 mimus.

781 148 892 181 PHIL.
917 148 1020 180 MEL.
1046 146 1235 179 SCRIPTA
1257 144 1521 178 EXEGETicA.

1016 241 1110 272 Deus

702 288 755 318 dat
780 288 837 318 tibi
864 288 983 323 vitam,
1008 292 1042 316 ut
1065 285 1112 316 in·
1136 267 1140 313 ΙΙ
1164 290 1197 315 18
1220 285 1368 316 exaudiri
1392 292 1526 325 propter
1553 284 1668 315 Filium
1688 284 1760 316 Dei.

2085 148 2148 180 360

1165 251 1242 272 nae:
1268 240 1333 272 vel.
1358 241 1446 282 quod
1471 241 1554 272 idem
1580 248 1642 275 est.
1656 252 1722 283 qua
1746 242 1809 272 tide
1833 248 1959 273 statuas
1982 252 2010 271 ((-
2036 244 2148 285 recipi,

1252 327 1335 359 Sunt
1359 327 1461 358 multa
1486 328 1571 358 dicta
1597 329 1626 358 in
1647 327 1840 368 ScripturiS,
1860 339 1944 369 quae
1968 327 2149 370 loquuntur

216 378 371 418 Cogitate
395 377 501 408 fuisse
526 375 647 406 foetum
673 376 702 403 in
724 381 829 409 utero,
845 373 917 414 quis
943 380 1021 403 tunc
1045 382 1112 403 ser-
1137 381 1140 399 1
1165 372 1207 401 de
1229 371 1330 402 rebus
1355 370 1604 411 corporalibus:
1634 371 1689 401 ubi
1718 377 1826 403 tamen
1851 370 2076 412 principaliter
2100 383 2148 405 re-

127 421 444 453 1311111111111311122
478 425 531 449 aut
567 417 641 458 quis
677 417 765 447 dedit
798 417 856 447 tibi
880 416 1004 447 vitam?
1039 402 1140 456 quisi

1165 414 1370 455 spiciendum
1395 420 1446 445 est
1465 415 1506 445 ad
1526 415 1781 455 promissionem
1804 415 1846 445 de
1871 416 1966 445 bonis
1992 417 2148 451 aeternis,

129 465 307 495 custodivit
333 463 501 504 graxidam
526 467 662 491 matrem
699 460 784 503 inter
817 466 908 490 tanta
938 458 1112 499 pericula?
1138 479 1141 503 Ι
1165 463 1201 488 111
1218 457 1342 488 Genes.
1370 457 1419 488 15.
1445 457 1520 488 dicit
1546 456 1638 488 Deus
1662 458 1703 488 ad
1727 458 1912 490 Abraham:
1937 459 1992 489 Mc
2015 459 2077 489 erit
2100 469 2147 490 se-

129 509 203 549 quis
227 506 305 537 aluit
330 515 362 536 tc
385 507 417 536 in
442 503 517 536 alvo
542 504 712 534 materno?
743 503 816 544 quis
840 502 995 533 formavit
1017 508 1112 532 artus
1137 505 1140 556 j
1165 510 1235 532 men
1260 505 1354 531 tuum.
1403 500 1447 530 lbi
1479 500 1611 531 subiicit
1639 499 1769 531 Moses:
1805 501 1953 532 Credidit
1982 501 2149 533 Abraham

128 558 213 588 tuOS,
237 551 384 580 membra
408 556 462 578 tua
494 549 524 578 in
561 546 637 577 alvo
674 545 730 576 illa
765 544 905 576 mirabili
937 552 1008 575 arte

128 595 238 625 stica?
273 593 389 622 Omnia
424 592 488 621 ista
512 597 586 621 sunt
614 586 774 620 mirabilia
799 599 901 629 opera
925 587 999 619 Dei.
1057 588 1112 618 Sic

126 636 220 667 Deus
246 646 344 675 saepe
369 634 452 665 alias
476 632 576 664 multa
589 631 665 663 facit
681 634 712 662 in
725 639 844 662 natura
858 638 951 662 extra
971 640 1112 662 caussas

127 680 302 710 secundas..
350 678 460 718 Saepe
484 674 644 707 miraculo
668 685 705 705 se
729 681 841 705 servat
865 674 1035 712 homines,
1057 674 1112 705 ubi

126 721 290 753 Diabolus
314 732 379 752 11111)
404 730 570 750 momento
595 719 759 759 perderet.

126 765 298 796 merabilia
320 762 502 801 miracula,
539 772 624 804 quae
657 772 720 792 nos
746 762 925 792 nescimus.
972 760 1110 795 Quoties

1044 544 1112 585 pla·
1138 560 1140 562 v
1164 543 1248 581 Deo,
1271 548 1301 574 et
1323 544 1510 583 inquantum
1533 548 1580 573 est
1607 548 1638 575 ei
1659 545 1703 574 αιΙ
1725 544 1892 575 iustitiam.

805 716 895 748 Talia
922 725 998 748 sunt
1021 718 1112 748 innu-
1137 714 1140 744 Ι
1165 715 1332 747 Abrahae.

1136 748 1140 788 Ῑ
1166 766 1257 790 recte
1281 758 1462 801 allegasset
1488 760 1608 790 dictum
1640 769 1681 790 ex
1705 758 1813 790 Mose.

1938 543 1963 574 Γ
2044 556 2051 562 ,
2070 556 2077 563 .
2125 545 2147 568 ·,

1166 586 1643 623 881131Υ11115,-1111811138111115,
1669 587 1791 617 58118115
1816 587 1848 618 in
1872 587 1936 618 hoc
1960 545 2147 628 ἰῗὲξξᾮέἐ.

1165 628 1248 661 1111111
1273 630 1392 661 dictum
1417 641 1482 661 non
1515 629 1661 671 loquitur
1691 630 1732 661 de
1757 630 1821 660 fide
1849 630 2062 662 iustilicante‘.
2088 631 2148 662 sed

1137 664 1141 711 I
1165 673 1206 704 de
1230 673 1295 704 fide
1319 674 1487 710 credente,
1501 673 1589 746 ‹ptod
1603 672 1695 704 Deus
1720 671 1799 703 velit
1822 673 1902 704 dare
1923 674 2147 713 posteritatem

1391 716 1437 750 lta
1468 727 1507 747 ca
1525 717 1731 748 umniabatur
1762 715 1917 753 Paulum,
1952 718 2045 757 quasi
2082 727 2148 748 non

1859 759 1916 790 Sic
1940 760 1972 790 111
1996 758 2148 800 Epistola

126 809 307 848 eripiuntur
330 807 481 838 homines
505 817 545 837 ex
570 806 665 846 aquis
680 826 688 842 ,
722 805 775 845 qui
812 803 902 835 nullo
933 804 1032 834 modo
1056 813 1111 844 po·
1135 791 1140 842 f
1164 802 1206 833 ad
1220 801 1404 839 Hebraeos,
1423 808 1598 833 narrantur
1622 800 1775 842 exempla
1798 801 2010 842 proeliorum,
2030 803 2071 833 de
2084 802 2147 834 Ge-

126 852 263 883 tuissent
289 851 416 881 servari
428 851 443 880 '3
489 848 625 884 Quoties
651 858 691 878 ex
716 848 815 889 igne?

220 895 269 924 Ac
307 895 437 924 Gerson
473 899 563 923 recte
599 892 691 922 dixit:
738 891 845 921 sslulto
878 891 990 930 plures
1024 893 1109 927 sunt,

122 939 255 980 qratia?
275 937 482 977 primtr‘rae,
517 945 612 976 quam
640 935 820 974 positivam
844 934 875 964 id
901 939 951 963 est.
975 931 1032 964 illa
1055 934 1110 964 be·

124 982 243 1012 nelicia
267 986 342 1011 sunt
366 979 463 1010 valde
486 978 588 1009 multa
613 984 643 1009 et
667 987 799 1018 magna,
824 978 854 1007 in
880 977 1001 1018 quibus
1015 975 1108 1007 Deus

123 1034 186 1055 nos
211 1031 336 1054 servat.
360 1034 401 1053 ne
425 1022 607 1053 incidamus
630 1022 662 1051 in
682 1021 809 1051 atrocia
832 1019 935 1050 mala:
965 1026 999 1050 ut
1031 1030 1110 1050 con-

123 1073 235 1098 servat
258 1074 398 1097 mentem
423 1072 524 1102 tuam,
548 1075 588 1095 118
612 1063 739 1094 habeas
770 1062 901 1094 furores
926 1062 1108 1104 Anabapti-
1134 1097 1136 1100 y

774 1105 879 1141 Quam
910 1104 1012 1136 multa
1031 1112 1108 1136 sunt
1132 1115 1137 1154 1

122 1111 237 1148 stix-os,
261 1116 316 1140 aut
339 1109 466 1140 incidas
490 1109 520 1138 in
546 1108 716 1138 haereses.

121 1152 268 1195 pericula
292 1153 322 1183 in
358 1152 479 1183 vestris
510 1150 688 1182 conviviis!
736 1149 875 1184 Quidam
911 1148 1108 1180 interficiun-

121 1203 184 1234 tur,
208 1204 240 1227 ut
265 1195 338 1227 aliis
364 1196 427 1225 sint
452 1192 615 1234 exemplo·
662 1193 794 1224 Recens
818 1193 850 1222 in
873 1190 930 1223 illa
955 1193 1107 1223 coniura-

121 1240 209 1271 tione
227 1237 510 1275 latrunculorum,
536 1238 588 1278 qui
615 1237 701 1276 capti
725 1241 801 1266 sunt
816 1258 825 1272 ,
860 1234 1006 1277 impliciti
1031 1241 1108 1266 511111

1135 843 1139 886 ξ
1164 846 1281 881 (180118,
1294 845 1414 883 Barac,
1426 852 1458 876 et
1475 844 1561 881 aliis,
1576 845 1629 886 qui
1644 854 1703 885 per
1716 845 1813 875 fidem
1826 845 2020 876 devicerunt
2031 855 2147 888 regna.

1272 887 1473 929 Respondeo
1503 886 1751 919 universaliter:
1781 894 1832 918 est
1861 898 1927 919 una
1959 895 1990 919 et
2031 889 2146 920 eadem

1162 930 1246 962 fides
1266 937 1468 969 sanctorum,
1482 941 1567 972 quae
1590 932 1671 972 petit
1694 931 1798 971 primo
1812 929 2052 963 Remissionem
2073 941 2148 972 pec-

1161 981 1333 1012 catorum,
1368 981 1486 1015 postea
1520 974 1615 1005 etiam
1647 973 1711 1004 alia
1745 983 1962 1015 quaecunque
1997 983 2145 1006 externa.

1161 1018 1260 1048 Fides
1284 1017 1391 1048 differt
1413 1017 1596 1049 secundum
1619 1024 1757 1047 externa
1781 1017 1923 1052 obiecta,
1947 1027 2013 1047 non
2038 1017 2146 1048 differt

1161 1061 1344 1092 secundum
1366 1059 1549 1101 principale
1572 1060 1751 1095 obiectum3
1774 1060 1849 1100 quia
1863 1060 1949 1090 idem
1968 1067 2019 1091 est
2037 1059 2146 1099 Deus,

1159 1104 1244 1134 idem
1270 1102 1453 1140 Mediator,
1481 1108 1618 1143 propter
1648 1112 1743 1142 quem
1774 1103 1956 1142 accipimus
1979 1104 2145 1134 remissio·

1160 1156 1234 1178 nem
1271 1152 1483 1187 peccatorum
1525 1151 1555 1175 et
1597 1145 1697 1175 vitam
1731 1151 1909 1175 aeternam.
1973 1144 2033 1177 llla
2068 1153 2145 1178 sunt

1159 1187 1352 1231 principalia
1383 1189 1525 1220 obiecta.
1570 1186 1611 1218 Et
1636 1187 1760 1227 primus
1784 1192 1881 1218 actus
1909 1187 1985 1218 fidei
2015 1196 2065 1219 est
2089 1199 2145 1220 ac·

1161 1232 1272 1273 cipere
1306 1232 1535 1263 remissionem
1565 1236 1799 1271 peccatorum,
1823 1236 1941 1271 postea
1977 1231 2147 1262 secundus

120 1281 211 1314 multi
248 1283 397 1313 homines
432 1282 570 1311 invenes
585 1303 592 1313 ,
627 1290 685 1320 per
704 1278 893 1310 Diabolum.
940 1277 1106 1310 Diabolus
1128 1284 1135 1320 J
1159 1276 1254 1317 quasi
1278 1281 1374 1306 actus
1398 1282 1467 1312 est,
1489 1280 1670 1315 expectare
1693 1274 1782 1303 bona
1806 1271 2006 1313 corporalia.
2054 1273 2147 1305 Haeo

120 1326 248 1367 impluit
282 1335 364 1362 eos,
401 1331 432 1355 et
467 1323 513 1354 illi
548 1328 624 1354 sunt
653 1323 803 1353 obsecuti
827 1320 985 1352 Diabolo.
1030 1321 1106 1352 Non

119 1376 195 1400 sunt
219 1370 292 1399 sine
316 1367 428 1409 culpa:
453 1374 561 1398 tamen
585 1367 613 1396 si
636 1365 778 1396 fuissent
802 1365 834 1395 in
854 1363 964 1406 aliquo
990 1365 1107 1395 timore

118 1411 195 1450 Dei,
219 1413 435 1443 invocassent
469 1409 597 1446 Deum3
632 1408 727 1441 Deus
762 1408 1000 1440 custodivisset
1035 1417 1106 1446 eos,

118 1465 161 1486 118
184 1456 377 1486 incidissent
396 1455 429 1485 in
452 1452 508 1485 illa
532 1452 673 1485 scelera.
719 1450 814 1483 Deus
844 1461 913 1482 non
942 1449 1014 1482 vult
1042 1460 1105 1482 nos

118 1500 232 1530 vivere
255 1499 288 1529 in
312 1498 504 1530 securitate.

204 1541 361 1573 Secunda
384 1550 524 1578 caussa,
553 1550 615 1572 cur
643 1539 886 1581 promissiones
917 1535 1105 1578 corporalis

115 1586 184 1617 sint
205 1585 357 1622 traditae,
369 1590 434 1623 est,
451 1590 487 1617 ut
509 1592 727 1615 exerceamus
750 1581 848 1613 fidem
871 1581 1029 1623 petitione
1053 1590 1105 1612 re-

115 1637 188 1660 rum
212 1627 445 1670 corporalium.
492 1625 573 1658 Vult
592 1627 675 1658 enim
694 1625 799 1663 Deus,
822 1632 857 1656 ut
880 1625 976 1656 etiam
1001 1625 1104 1655 bono-

114 1680 187 1703 rum
211 1670 342 1702 illorum
367 1668 588 1711 corporalium
607 1670 765 1711 petitione
784 1668 868 1699 fides
882 1673 998 1699 nostra
1010 1677 1104 1698 exer-

115 1721 243 1753 ceatur,
267 1715 354 1746 sicut
375 1715 449 1754 ipse
471 1723 534 1745 nos
553 1713 679 1744 docuit:
703 1711 821 1743 lut-oca
842 1721 890 1742 me
912 1712 946 1742 in
969 1711 1022 1742 die
1045 1711 1105 1741 tri-

115 1757 297 1789 bulationis.
342 1757 421 1789 Item
449 1757 482 1787 in
511 1757 662 1788 oratione
680 1754 870 1787 Dominica:
902 1754 1026 1785 Panem
1047 1763 1104 1785 πο-

114 1805 217 1832 strum
247 1802 469 1843 quotidianum
496 1801 541 1831 da
567 1799 660 1831 nobis
687 1799 792 1830 hodie.
842 1798 917 1829 Non
943 1797 1103 1828 debemus

114 1845 299 1885 depravare
322 1845 428 1876 verba
450 1843 585 1874 Christi.
624 1842 710 1873 Sunt
733 1843 832 1874 etiam
851 1839 937 1872 aliae
955 1841 1103 1872 innume-

112 1887 238 1919 rabiles
268 1888 444 1929 petitiones
478 1887 513 1918 in
542 1885 714 1926 Scriptura
750 1885 792 1916 de
826 1882 948 1916 auxilio
978 1893 998 1914 a
1027 1883 1102 1915 Deo

111 1931 323 1971 impetrando
345 1932 378 1962 in
401 1931 543 1961 miseriis
568 1927 812 1970 corporalibus.
849 1927 942 1963 Quas
961 1937 1035 1959 cum
1054 1925 1100 1958 le-

113 1975 235 2016 gimus,
259 1975 443 2016 cogitemus
476 1983 535 2003 eas
564 1972 664 2004 nobis
690 1972 851 2013 proponi,
881 1977 916 2002 ut
946 1979 1101 2002 exercea—

112 2026 186 2048 mus
210 2017 306 2048 fidem
330 2018 362 2048 in
385 2017 541 2058 petitione
565 2016 730 2047 bonorum
750 2012 983 2056 corporalium.

200 2059 254 2091 De
284 2061 379 2092 tertia
408 2069 532 2091 caussa
559 2065 658 2090 antea
682 2068 813 2100 quoque
835 2058 963 2094 monui3
985 2055 1097 2088 videli-

112 2110 165 2135 cet
188 2104 278 2145 quod
302 2112 418 2135 omnes
441 2101 525 2134 aliae
547 2102 789 2143 promissiones
808 2099 1002 2142 corporales
1023 2106 1101 2132 sunt

111 2145 452 2178 commonefactiones
477 2146 517 2177 de
540 2145 761 2187 promissione
785 2144 928 2187 gratiae3
952 2143 1030 2185 quia
1052 2144 1100 2175 ni-

110 2189 157 2222 hil
179 2196 232 2222 est
254 2190 436 2226 invocatio,
458 2189 521 2219 nisi
540 2187 753 2230 praelucente
777 2188 853 2226 fide,
873 2198 959 2229 quae
979 2187 1101 2228 accipit

108 2234 339 2266 remissionem
362 2238 575 2275 peccatorum
599 2242 658 2273 per
680 2229 806 2262 Filium.
863 2231 956 2269 Item,
988 2229 1100 2262 nullae

109 2277 351 2320 promissiones
371 2282 448 2308 sunt
459 2281 564 2314 ratae,
578 2275 641 2306 nisi
654 2285 715 2316 per
728 2273 843 2306 Filium
856 2272 930 2305 Dei.
955 2273 1099 2309 Quando

109 2321 211 2353 dicis:
241 2322 362 2353 Panem
385 2323 531 2351 nostrum
554 2318 793 2360 quotidianum:
816 2327 926 2349 nonne
949 2317 1007 2348 tibi
1031 2323 1098 2348 sta-

109 2365 166 2397 tim
188 2366 278 2396 venit
300 2365 333 2395 in
356 2362 524 2395 mentem?
568 2361 635 2399 Ah,
657 2367 692 2393 tu
716 2371 752 2393 es
776 2361 931 2403 indignus
955 2361 1020 2392 isto
1044 2362 1096 2392 be-

109 2407 228 2441 neficio
251 2407 326 2439 Dei.
370 2406 443 2439 Tua
467 2405 672 2438 conscientia
703 2404 902 2436 condemnat
929 2409 970 2435 te.
1028 2403 1096 2435 Sed

108 2460 186 2484 mov<
203 2451 354 2492 sequitur
372 2450 567 2492 responsio:
594 2449 734 2480 Remitte
744 2447 835 2479 nobis
848 2447 956 2478 debita
969 2451 1095 2479 nostra.

108 2493 202 2527 Haeo
225 2500 277 2525 est
294 2493 422 2536 regula,
448 2503 545 2534 quam
569 2501 672 2534 saepe
695 2491 823 2523 auditis,
870 2490 906 2521 ln
929 2491 1017 2521 omni
1040 2501 1097 2532 pe-

109 2538 223 2570 titione
245 2547 356 2569 rerum
379 2536 619 2578 corporalium,
651 2534 749 2566 debet
772 2532 970 2576 praelucere
1000 2533 1095 2569 fides,

109 2580 280 2622 accipiens
315 2580 543 2612 remissionem
576 2585 813 2621 peccatorum,
847 2577 1095 2617 imputationem

110 2624 267 2662 iustitiae,
293 2623 504 2655 donationem
518 2622 661 2665 Spiritus
682 2621 800 2659 sancti,
819 2626 851 2651 81
874 2620 964 2651 vitae
986 2626 1093 2652 aeter-

1159 1319 1292 1350 obiecta
1326 1324 1463 1349 externa
1497 1323 1574 1348 sunt
1605 1317 1749 1348 diversa.
1813 1314 1932 1347 Mulier
1966 1314 2022 1347 illa
2045 1316 2146 1359 Syro-

1157 1361 1359 1403 phoenissa,
1388 1361 1482 1393 cuius
1506 1360 1606 1391 filiam
1629 1359 1840 1390 excruciabat
1866 1358 2048 1398 Diabolus,
2071 1369 2146 1401 pre·

1159 1411 1253 1436 catur
1275 1414 1336 1446 pro
1356 1414 1419 1436 suo
1437 1402 1598 1445 periculo.
1644 1402 1702 1434 Sic
1723 1400 1841 1434 mulier
1863 1402 2071 1443 parturiens,
2095 1402 2146 1434 sic

1157 1447 1252 1479 miles
1272 1454 1366 1479 stans
1389 1448 1421 1478 in
1446 1447 1532 1487 acie3
1566 1447 1616 1478 518
1643 1455 1707 1477 1105
1733 1445 1767 1476 111
1796 1451 1912 1476 nostro
1935 1443 2048 1477 officio
2071 1455 2146 1488 pre·

1158 1501 1273 1523 camur
1290 1502 1352 1533 pro
1375 1491 1500 1523 nostris
1523 1487 1690 1531 periculis.
1737 1488 1829 1520 Haec
1852 1488 1985 1520 obiecta
2008 1495 2146 1521 externa

1157 1533 1329 1573 differunt,
1359 1535 1420 1566 sed
1447 1543 1566 1565 revera
1589 1539 1641 1564 est
1664 1532 1779 1564 eadem
1815 1531 1915 1570 fides,
1949 1539 1982 1563 et
2013 1533 2146 1564 obiecta

1155 1577 1352 1620 principalia
1373 1583 1451 1610 sunt
1474 1577 1601 1608 eadem.

1245 1621 1340 1653 Haec
1373 1619 1492 1663 regula
1526 1620 1569 1650 sit
1606 1618 1706 1650 infixa
1739 1618 1919 1650 mentibus:
1955 1628 2054 1659 quam
2078 1628 2144 1660 quo

1157 1665 1278 1696 diutius
1297 1664 1486 1707 cogitabitis
1509 1664 1542 1694 in
1565 1661 1727 1703 exemplis
1740 1661 1948 1702 Scripturae:
1972 1671 2013 1693 eo
2036 1661 2145 1704 magis

1156 1706 1360 1750 intelligetis.
1397 1707 1628 1738 Exercuerunt
1649 1705 1739 1736 initio
1762 1703 1819 1735 illa
1841 1712 2039 1746 argumenta
2061 1703 2145 1736 mul-

1156 1756 1211 1782 tos
1235 1757 1313 1783 ante
1336 1760 1442 1782 annos
1465 1749 1520 1787 30,
1544 1750 1603 1781 sed
1628 1758 1665 1780 re
1684 1749 1770 1779 bene
1794 1749 1952 1790 cogitata,
1964 1745 2073 1779 facilis
2093 1753 2145 1779 est

1156 1795 1345 1836 responsio.
1391 1793 1514 1825 Audivi
1537 1793 1588 1825 sic
1612 1790 1822 1824 cavillantem
1845 1791 2060 1833 Aegranum,
2085 1790 2142 1833 qui

1156 1838 1289 1869 dicebat
1333 1836 1409 1868 illas
1451 1847 1529 1868 esse
1565 1834 1773 1877 corruptelas
1808 1833 1912 1865 Pauli.
1958 1835 2052 1865 Vitus
2096 1835 2143 1865 di-

1156 1882 1266 1919 cebat,
1289 1880 1632 1913 accommodationem
1661 1877 1776 1910 valere
1803 1888 1864 1918 per
1885 1875 2141 1909 similitudinem.

1154 1924 1228 1966 Ego
1252 1924 1333 1955 dixi:
1357 1934 1423 1955 non
1449 1924 1570 1955 citatur
1592 1929 1759 1963 tamquam
1782 1919 1906 1958 simile,
1937 1920 1997 1951 sed
2022 1920 2063 1952 de
2086 1919 2143 1952 illa

1154 1968 1228 2009 ipsa
1251 1967 1316 1999 fide
1339 1966 1539 1998 iustificante
1562 1965 1708 2007 loquitur
1731 1964 1827 1995 etiam
1852 1962 1986 2001 Moses,
2012 1963 2054 1994 de
2076 1974 2142 2005 qua

1154 2010 1280 2043 Paulus
1304 2009 1460 2053 loquitur,
1475 2020 1540 2052 qua
1554 2008 1772 2040 iustificantur
1796 2016 1912 2038 omnes
1935 2007 2043 2038 sancti
2065 2007 2142 2039 inde

1154 2064 1261 2096 usque
1294 2055 1336 2086 ab
1371 2054 1472 2085 initio.
1528 2052 1665 2083 Etiamsi
1698 2049 1755 2082 illa
1787 2051 1859 2092 ipsa
1893 2049 1977 2081 fides
2008 2050 2142 2082 diversa

1154 2099 1286 2130 obiecta
1309 2104 1446 2128 externa
1465 2102 1630 2132 versatur,
1643 2100 1751 2125 tamen
1775 2091 1956 2135 principale
1975 2093 2141 2125 obiectum

1154 2148 1204 2173 est
1229 2140 1322 2172 Deus
1353 2140 1565 2182 promittens,
1595 2145 1628 2169 et
1653 2137 1834 2174 Mediator,
1869 2142 2005 2179 propter
2041 2146 2139 2178 quem

1154 2185 1331 2225 recipimur
1360 2190 1392 2215 et
1423 2183 1625 2214 exaudimur.
1672 2181 1733 2212 Est
1756 2180 1888 2222 magica
1917 2179 2024 2217 fides,
2050 2177 2139 2211 velle

1154 2234 1335 2269 expectare
1358 2237 1378 2258 a
1401 2225 1475 2258 Deo
1500 2226 1587 2257 bona
1618 2222 1822 2266 corporalia.
1853 2223 1926 2254 sine
1959 2222 2024 2253 fide
2051 2222 2138 2254 acci-

1152 2272 1263 2313 piente
1286 2270 1514 2302 remissionem
1537 2275 1764 2310 peccatorum,
1789 2277 1850 2298 seu
1869 2267 1942 2297 sine
1965 2265 2050 2305 fide,
2072 2275 2137 2308 qua

1152 2325 1231 2356 op01
1241 2320 1284 2346 tet
1307 2320 1339 2345 te
1361 2311 1495 2355 placere
1518 2311 1604 2344 Deo.

1239 2357 1366 2394 Quarta
1389 2365 1529 2388 caussa:
1561 2353 1641 2386 11138
1669 2353 1908 2396 promissiones
1941 2351 2137 2393 corporales

1151 2407 1230 2433 sunt
1255 2400 1452 2437 testimonia,
1470 2399 1558 2441 quod
1573 2397 1667 2430 Deus
1691 2396 1769 2428 velit
1792 2406 1932 2428 servare
1946 2395 2136 2427 Ecclesiam

1150 2446 1182 2477 in
1206 2446 1271 2477 hac
1293 2445 1369 2476 vita.
1422 2442 1500 2474 ldeo
1525 2440 1648 2473 Paulus
1673 2441 1771 2472 dicit:
1805 2439 1920 2471 Pietas
1941 2439 2037 2470 habet
2056 2448 2135 2480 pro-

1149 2489 1314 2521 missiones
1323 2486 1509 2529 praesentis
1521 2490 1551 2516 et
1563 2484 1700 2524 litturae
1716 2485 1814 2515 vitae.
1860 2482 1952 2515 11888
1975 2483 2017 2514 de
2040 2492 2134 2513 caus·

1148 2533 1197 2563 sis
1221 2531 1414 2564 traditarum
1443 2529 1699 2571 promissionum
1733 2533 1884 2568 repetere
1912 2524 2022 2557 volui:
2056 2525 2134 2566 quia

1149 2576 1215 2607 dixi
1234 2572 1394 2606 miracula
1417 2582 1494 2604 esse
1524 2571 1711 2604 testimonia
1739 2569 1971 2612 promissionis
1994 2569 2134 2611 gratiae,

1148 2625 1180 2650 et
1212 2617 1469 2661 promissionum
1503 2613 1736 2657 corporalium.
1783 2612 1937 2651 Gratiae,
1966 2617 2002 2644 ut
2036 2611 2131 2642 mira·
