2343 2970
220 175 283 206 655

220 271 413 302 missionem
431 275 463 301 et
476 268 594 311 legem.
628 269 703 300 Vox
716 268 801 311 legis
824 279 890 300 non
913 269 1128 301 annuntiabat
1147 278 1197 300 re·
1223 289 1226 294 ·

219 315 411 345 missionem
435 319 647 354 peccatorum
671 313 857 354 gratuitam,
880 312 939 343 sed
948 313 1100 343 remissio
1123 322 1198 354 pec-

221 363 369 388 catorum
393 361 463 388 erat
485 355 615 387 inclusa
637 356 669 385 in
692 355 924 395 promissione,
948 361 979 386 et
1003 365 1074 386 eam
1086 365 1198 387 sacer-

220 400 316 431 dotes
341 400 507 431 debebant
529 407 700 434 enarrare3
724 398 889 429 debebant
906 397 1061 439 populum
1078 399 1199 429 docere

219 441 450 484 Evangelium,
473 447 509 473 ut
533 441 715 482 prophetae
738 441 921 473 docuerunt
944 452 1009 472 una
1025 440 1198 483 cumlege.

220 485 275 523 Ut,
299 495 373 516 cum
387 483 541 516 psalmus
566 484 685 525 inquit:
708 483 807 513 Beati
829 494 941 518 omnes,
966 485 1019 524 qui
1042 484 1199 523 confidunt

219 530 251 557 in
274 538 320 558 eo.
353 527 394 558 Et
418 528 571 559 Abacuc:
590 527 768 564 Iuslusfde
782 537 838 556 sua
852 529 939 557 vivet.
965 527 1043 558 ltem
1063 527 1198 558 Esaias:

220 571 282 606 Qui
305 570 406 600 credit
427 571 460 599 ἱη
483 579 558 604 emn,
582 580 642 599 non
665 570 882 608 confundetur.

305 614 397 645 Haec
421 613 607 645 testimonia
629 613 865 655 prophetarum
888 620 965 644 sunt
988 614 1103 644 eadem
1123 623 1198 645 cum

218 667 302 688 voce
325 655 564 698 Apostolorum
589 662 620 687 et
644 655 782 687 Christi:
814 655 863 686 llli
894 657 1093 688 enarrabant
1122 666 1198 697 pro-

217 701 423 731 missionem:
460 699 531 729 Das
563 699 661 729 solten
697 700 750 728 die
779 699 948 729 Phariseer
977 699 1054 729 auch
1083 699 1198 738 yetlzan

217 742 324 772 haben.
370 742 438 775 Sed
467 749 499 773 et
528 748 605 774 ante
627 749 775 783 tempora
800 742 1056 774 Pharisaeorum
1080 742 1198 774 Sacer-

218 786 314 818 dotes
337 786 477 818 Levitici
500 784 592 818 obliti
614 786 858 827 promissionis,
881 793 938 817 aut
962 784 1079 817 saltem
1093 784 1197 828 negli-

860 175 968 206 PHlL.
994 175 1097 206 MEL.
1121 174 1308 208 SCRIPTA
1330 174 1594 209 EXEGETICA.

2167 179 2233 211 656

1253 268 1497 308 calamitatun13
1521 271 1606 303 sicut
1628 271 1749 303 dictum
1773 278 1826 304 est
1847 273 1880 303 in
1893 271 1950 303 illa
1963 273 2143 304 sententia:
2167 273 2232 303 Pet·

1249 317 1413 352 peccatum
1435 324 1518 345 mors
1540 315 1670 344 intravit
1691 316 1724 344 in
1743 316 1897 346 mnndum.
1944 315 2016 348 Hoc
2039 316 2138 358 igitur
2161 315 2232 348 vult

1251 356 1374 387 docere
1390 355 1555 396 Christus,
1585 358 1674 399 quod
1692 357 1911 396 calamitates,
1930 364 1963 389 et
1977 359 2146 400 morsipsa
2159 365 2231 391 orta

1252 400 1294 430 sit
1316 409 1336 430 a
1366 406 1516 440 peceato.
1562 399 1665 432 Simul
1695 401 1792 432 etiam
1823 401 1892 433 vult
1925 402 2116 443 significare
2144 401 2231 434 Mes-

1250 442 1333 472 siam
1367 453 1433 473 non
1458 441 1564 474 solum
1590 442 1708 475 tollere
1731 445 1883 486 corporis
1917 444 2136 484 calamitates,
2170 445 2232 477 sed

1250 491 1389 516 mortem
1423 492 1601 517 aeternam.
1655 486 1728 519 Hoc
1761 488 1859 519 modo
1889 488 1986 519 etiam
2017 488 2231 528 reprehendit

1250 526 1464 567 Pharisaeos,
1488 531 1542 570 qui
1567 529 1789 571 expectabant
1813 530 1981 569 messiam,
2001 532 2056 572 qni
2079 531 2160 572 ipsis
2183 531 2231 562 di-

1251 614 1379 646 mittere
1415 621 1575 656 peccata:
1620 614 1723 647 multo
1764 616 1872 647 minus
1916 616 1981 647 hoc
2022 618 2229 659 cogitabant,

1250 655 1409 689 Messiam
1443 657 1562 689 tollere
1586 665 1723 690 mortem
1758 665 1946 697 aeternam,
1977 660 2170 700 cogitabant
2192 668 2231 691 se

1250 699 1357 730 iustos
1380 710 1457 731 esse
1481 711 1541 732 sua
1564 701 1695 732 iustitia.
1743 701 1813 731 Das
1835 702 1909 731 sind
1932 703 2122 740 mendacia,
2145 712 2230 744 quae

1249 740 1382 783 refutat,
1405 749 1437 774 et
1456 744 1554 775 docet
1578 754 1614 775 se
1638 743 1756 776 tollere
1779 751 1917 786 peccata
1936 751 1967 776 et
1996 755 2122 787 poenas
2152 755 2229 787 pec·
2248 782 2251 783 ⁷

1251 791 1410 816 catorum.

1223 584 1228 711 ί
1249 571 1427 602 stribuerct
1450 573 1658 613 provincias,
1689 582 1756 604 non
1785 573 1975 614 cogitabant
1998 573 2156 605 Messiam
2182 584 2230 605 re-

217 835 335 870 gentes
370 839 484 861 verum
518 827 719 860 intellectum
749 830 999 870 promissionis:
1032 829 1227 871 urgebant·

216 872 341 914 Legem
364 878 396 904 et
414 872 600 910 Sacrificia,
625 872 750 903 omissa
768 873 989 913 promissione
1001 873 1041 903 de
1055 872 1198 914 gratuita
1222 863 1228 901 l

217 916 413 947 remissione
435 921 665 957 peccatorum:
689 916 764 946 ideo
778 915 990 947 mittebantur
1002 914 1197 957 prophetae,

216 965 253 991 ut
275 958 479 1000 explicarent
512 958 764 1000 promissiones.
811 958 878 989 Sed
907 959 938 989 in
970 968 1058 989 novo
1082 957 1196 989 Testa-

216 1008 328 1033 mento
351 1011 510 1042 expresse
533 1007 584 1032 est
606 1001 786 1032 institutum
813 1001 1027 1033 Ministerium
1047 1001 1197 1043 Evange-

215 1044 262 1083 lii,
287 1052 319 1076 et
349 1051 399 1075 est
431 1043 602 1087 singulare
633 1045 819 1076 mandatum
844 1046 885 1075 «le
908 1045 1102 1076 remissione
1124 1054 1196 1086 pec·
1221 1042 1227 1107 ι

216 1095 377 1119 catorum.

303 1130 361 1162 Illa
384 1131 590 1173 imaginatio:
616 1130 717 1160 Homo
740 1141 801 1159 uon
820 1134 927 1169 polest
950 1132 1105 1159 remittere
1124 1140 1197 1169 pec-

217 1178 299 1210 cato,
324 1180 460 1205 eatenus
480 1184 560 1205 vera
579 1180 647 1212 est,
676 1173 765 1215 quod
789 1172 886 1205 horno
919 1184 979 1204 sua
1003 1175 1197 1205 auctoritate

217 1228 283 1249 non
317 1223 428 1258 potest
457 1218 622 1249 remittere
651 1223 796 1258 peccata.
848 1217 963 1257 Recipi
988 1228 1007 1248 a
1037 1217 1112 1248 Deo
1147 1221 1198 1248 est

216 1259 387 1302 singulare
411 1270 495 1302 opus
517 1259 594 1298 Dei,
619 1266 650 1291 et
673 1260 738 1291 hoc
762 1267 813 1290 est
843 1260 1022 1291 revelatum
1046 1260 1198 1301 Evange-

216 1302 277 1335 lio:
304 1304 414 1342 Filius,
439 1305 494 1343 qui
515 1307 560 1333 esc
584 1305 615 1332 2‘71
639 1305 708 1333 sinu
731 1303 851 1339 Patris,
875 1305 942 1342 ipsa
965 1305 1125 1334 enm-ravit
1147 1314 1198 1331 ηο-

218 1347 275 1375 bis.
322 1347 462 1382 Quando
486 1347 630 1388 baptizat
655 1347 814 1384 minister,
838 1347 954 1387 recipit
978 1346 1069 1378 Deus
1094 1347 1199 1387 bapti-

218 1396 327 1421 zatum
352 1389 525 1420 hominem.
562 1389 634 1421 Hoc
657 1390 752 1421 etiam
778 1395 828 1419 est
852 1390 1017 1421 remittere
1040 1394 1198 1430 peccata:

217 1433 287 1472 EJJo
312 1433 434 1472 baptizo
458 1437 488 1462 te
511 1434 543 1462 iu
568 1434 728 1472 a-qm'tsom’
747 1437 777 1462 et
794 1434 991 1463 inuocatione
1003 1432 1126 1470 Patris,
1149 1432 1198 1461 Fi-

218 1476 266 1513 lii,
285 1480 314 1505 et
338 1477 477 1515 Spiritus
500 1478 611 1505 sancta
659 1476 797 1517 Baptizo
823 1483 871 1513 te,
901 1482 935 1507 ut
963 1478 1010 1507 sis
1039 1481 1198 1517 aceeptus

216 1520 271 1550 isti
295 1519 381 1558 Deo,
400 1520 454 1560 qui
479 1529 557 1550 vere
582 1526 633 1551 est
657 1519 760 1556 Deus,
783 1526 939 1550 aeternus
960 1519 1069 1556 Pater,
1094 1519 1199 1560 quite

218 1563 354 1594 redemit
367 1572 427 1604 per
439 1561 567 1600 Filium,
582 1571 610 1593 ei
622 1562 958 1603 sanctificatSpiritus
972 1569 1100 1599 sancto,
1114 1562 1198 1592 etvi-

219 1606 331 1637 cissim
356 1612 388 1637 ut
401 1612 435 1636 tu
448 1606 587 1637 invoces
600 1605 691 1636 illum
704 1605 825 1642 Deum,
839 1606 892 1646 qui
907 1612 957 1636 est
969 1612 1124 1636 aeternus
1138 1604 1199 1634 Pa-

218 1654 278 1687 ter,
293 1649 347 1690 qui
360 1655 392 1680 te
406 1649 542 1679 redemit
554 1659 614 1690 per
624 1647 789 1687 Filimn,et
797 1648 981 1679 sanctificat
992 1649 1197 1688 Spiritus-‘111-

218 1697 280 1723 cto.
296 1691 389 1723 lllam
398 1690 650 1732 explicationem
659 1690 890 1723 correlativam
899 1692 1198 1722 bencmcmentote.

218 1735 275 1767 Sic
299 1741 330 1766 et
354 1735 384 1765 in
409 1733 482 1765 aliis
506 1736 656 1775 partibus
680 1735 849 1765 ministerii
863 1735 1073 1765 annuntiatur
1085 1735 1198 1765 remis-

218 1779 267 1810 sio
293 1785 518 1819 peccatorum,
555 1788 640 1819 quae
673 1778 826 1808 remissio
849 1787 1061 1819 peccatorum
1085 1776 1141 1808 suit
1167 1778 1198 1807 in

217 1822 492 1863 promissionibus
517 1822 609 1862 prius
633 1821 728 1852 etiam
749 1822 932 1861 proposita,
962 1822 1020 1852 sed
1041 1819 1200 1859 involuta,

217 1875 283 1895 non
320 1865 368 1895 sic
403 1863 571 1904 explicata
606 1871 636 1895 et
672 1862 816 1902 evoluta,
850 1866 937 1895 sicut
971 1870 1087 1905 postea
1112 1874 1200 1894 novo

217 1907 374 1938 mandato
409 1916 458 1938 est
494 1907 638 1938 evoluta.
684 1907 814 1936 Dan-on
837 1911 909 1947 sayt
943 1917 1003 1937 ηιιη
1034 1906 1201 1944 ChristuS,

217 1950 305 1981 hanc
329 1956 526 1991 potestatem
552 1961 629 1981 esso
657 1949 843 1981 hominibus
874 1952 983 1982 datam
1014 1950 1200 1981 remittendi

219 1999 370 2035 peccata,
395 1994 548 2024 donatam
571 2004 590 2025 a
613 1993 700 2032 Deo,
724 1999 859 2035 propter
882 1993 1007 2025 Filium.
1054 1993 1145 2025 Dicit
1168 1994 1200 2024 in

217 2046 307 2067 novo
341 2035 552 2068 Testamento
586 2037 800 2068 ministerium
832 2036 1004 2079 Evangelii
1039 2046 1201 2078 expresse

217 2080 402 2111 institutum
437 2089 526 2118 esse,
560 2079 593 2111 in
628 2091 693 2121 quo
729 2081 771 2110 sit
801 2081 1026 2111 annuntianda
1050 2081 1199 2111 remissio

217 2128 440 2164 peccatorum.
485 2121 545 2152 Est
571 2128 679 2154 autem
703 2124 846 2155 omnium
861 2123 1099 2155 beneficiorum
1113 2134 1200 2155 sum-

217 2176 323 2204 mum,
347 2163 465 2196 tollere
487 2171 680 2205 peccatum,
703 2167 783 2198 iram
811 2166 885 2200 Dei,
921 2173 953 2198 et
976 2173 1132 2204 mortem,
1168 2172 1200 2197 et

218 2209 346 2247 testari,
370 2208 459 2250 quod
482 2207 576 2240 Deus
611 2208 688 2240 velit
723 2220 786 2241 nos
821 2208 968 2252 pollutos
998 2209 1200 2241 horribiliter

218 2258 250 2283 et
275 2252 519 2283 contaminatos
545 2252 691 2293 recipere
715 2260 852 2294 propter
874 2252 1008 2293 Filium,
1033 2253 1198 2291 exaudire,

218 2301 251 2326 et
275 2304 422 2327 servare.
469 2294 526 2326 Sic
548 2295 648 2337 igitur
671 2301 702 2325 et
724 2296 797 2336 ipse
819 2297 873 2327 hic
903 2297 1072 2328 annuntiat
1104 2306 1198 2337 para-

218 2337 324 2379 lytico
352 2337 580 2369 remissionem
604 2344 828 2379 pcccatorum.
875 2339 939 2370 lam
964 2340 1114 2380 sequitur
1136 2346 1199 2371 ter-

219 2382 284 2412 tius
319 2380 427 2412 locus.
474 2380 508 2412 In
545 2382 715 2412 curatione
750 2381 803 2412 hic
837 2383 1002 2423 praecedit
1032 2382 1197 2414 Remissio

218 2430 444 2465 peccatorum.

477 2511 612 2563 Quare
644 2513 699 2554 sic
731 2513 942 2568 procedit?

307 2593 351 2626 Ut
375 2596 493 2628 doceat
519 2606 634 2627 omnes:
660 2594 864 2627 calamitates
888 2606 966 2626 esse
990 2606 1030 2627 ex
1049 2603 1199 2638 peccato,

221 2644 253 2668 et
276 2639 364 2679 quod
388 2645 561 2680 peceatum
585 2640 626 2670 sit
655 2639 758 2680 prima
787 2645 819 2671 et
852 2637 1041 2680 principalis
1076 2650 1198 2672 caussa

1222 1223 1228 1491 ἱ
1336 1214 1547 1256 Respondeo.

1309 865 1432 906 Estne
1466 867 1743 908 universaliter
1780 875 1996 923 peccatum
2028 882 2168 908 caussa

1220 942 1228 1015 l
1653 927 1819 968 mortis?

1337 999 1407 1030 Est.

1379 1059 1523 1090 christus
1546 1064 1591 1091 est
1609 1065 1756 1096 mortuus,
1780 1065 1809 1090 et
1824 1062 1887 1099 fuit
1911 1063 1977 1092 sine
1997 1066 2148 1100 peccato.-

1378 1102 1465 1143 Eryo
1488 1114 1550 1134 non
1573 1108 1618 1133 est
1638 1104 1854 1134 universaliter
1865 1114 1936 1134 vera
1954 1105 2133 1140 sententiae,
2145 1105 2230 1145 quod

1426 1157 1509 1177 mors
1531 1148 1574 1177 sit
1593 1149 1722 1187 peccati
1739 1157 1856 1188 poena.

1454 1000 1594 1032 Contra:

1593 1215 1747 1247 Christus
1775 1222 1924 1247 mortuus
1956 1222 2007 1247 est
2036 1226 2097 1257 pro
2121 1217 2230 1254 nobis,

1250 1262 1283 1288 et
1306 1258 1392 1296 ideo,
1417 1259 1492 1300 quia
1515 1260 1588 1300 ipse
1607 1266 1758 1291 mortuus
1783 1266 1846 1297 est,
1862 1269 1935 1291 cum
1953 1265 2044 1290 esset
2057 1259 2230 1298 innocens,

1250 1299 1403 1332 liberavit
1436 1312 1509 1332 nos.
1555 1302 1635 1333 Eius
1664 1313 1755 1334 mors
1783 1302 1843 1334 suit
1867 1302 2008 1343 pretium
2031 1302 2146 1333 mortis
2169 1313 2230 1344 pro

1250 1345 1362 1375 nobis:
1397 1344 1468 1374 Das
1495 1347 1537 1375 ist
1570 1346 1621 1376 εἰη
1649 1348 1739 1384 ciyen
1762 1346 1851 1385 Diuy
1880 1346 1922 1377 de
1946 1344 2088 1377 Christo.
2134 1345 2230 1378 Hunc

1250 1387 1325 1418 ideo
1361 1389 1505 1429 oportuit
1541 1390 1748 1421 innocentem
1784 1399 1874 1427 esse,
1908 1395 1943 1419 ut
1977 1394 2067 1420 esset
2090 1390 2230 1430 pretium

1250 1440 1310 1470 pro
1333 1429 1417 1461 aliis.
1463 1431 1651 1463 interfectio
1675 1430 1760 1463 Abel
1783 1441 1850 1463 non
1885 1430 1946 1462 fuit
1970 1441 2078 1472 poena
2101 1431 2230 1473 peccati

1250 1472 1411 1504 actualis:
1441 1475 1472 1504 id
1507 1480 1575 1508 est,
1599 1485 1665 1505 non
1690 1474 1815 1506 {ecerat
1837 1474 1917 1506 alia
1940 1473 2071 1514 delicta,
2095 1481 2232 1516 propter

1251 1526 1336 1557 quae
1360 1517 1408 1547 sic
1431 1522 1521 1548 esset
1544 1518 1746 1560 puniendus,
1778 1524 1886 1548 tamen
1910 1527 1929 1548 a
1952 1518 2059 1558 prima
2082 1516 2157 1549 labe
2180 1523 2230 1548 est

1251 1565 1325 1590 orta
1349 1559 1519 1591 calamitas
1543 1561 1676 1602 generis
1707 1560 1855 1592 humani:
1886 1566 2021 1601 propter
2045 1565 2231 1601 peccatum,

1251 1603 1339 1643 quod
1363 1603 1534 1634 nobiscum
1558 1604 1715 1641 nascitur,
1739 1612 1845 1645 genus
1867 1603 2047 1635 humanum
2077 1609 2128 1634 est
2149 1611 2233 1634 mer-

1224 1648 1227 1685 {
1250 1655 1323 1676 sum
1348 1646 1379 1676 in
1404 1652 1553 1677 mortem.
1599 1647 1647 1677 lta
1676 1646 1908 1677 universaliter
1931 1645 2136 1678 calamitates
2158 1651 2234 1677 sunt

1224 1690 1229 1756 Ι“
1251 1699 1271 1720 a
1294 1695 1446 1729 peccato,
1470 1691 1554 1721 sicut
1576 1690 1697 1721 (lictum
1721 1695 1786 1720 est:
1812 1689 1875 1719 Per
1893 1693 2059 1729 paccatum
2081 1699 2162 1719 mors
2185 1690 2233 1718 in-

1224 1757 1227 1759 .
1251 1733 1358 1762 travit.
1396 1732 1521 1764 Postea
1544 1739 1621 1765 sunt
1645 1731 1843 1773 singularia,
1867 1739 1903 1764 ut
1925 1733 2015 1774 quod
2039 1732 2096 1764 lob
2121 1732 2233 1773 dispu-

1224 1779 1297 1813 {tat
1328 1785 1365 1806 se
1400 1776 1519 1806 iniuste
1546 1777 1670 1816 puniri:
1705 1777 1824 1813 idest,
1858 1786 1924 1808 non
1954 1782 2089 1817 propter
2122 1775 2234 1817 aliqua

1225 1827 1228 1850 ι
1253 1817 1397 1849 actualia
1431 1826 1587 1860 peccata,
1623 1830 1707 1860 quae
1738 1820 1917 1851 meruerint
1944 1818 2139 1860 simpliciter
2167 1818 2234 1849 hoc

1225 1856 1229 1901 ξ
1252 1861 1466 1902 supplicium:
1490 1864 1575 1894 sicut
1597 1861 1679 1894 alias
1695 1863 1828 1900 auditis,
1850 1861 1932 1894 alias
1945 1861 2144 1894 afflictiones
2158 1871 2235 1893 esse

1226 1904 1229 1950 ξ
1251 1910 1397 1945 nizot-alm,
1432 1905 1516 1937 alias
1544 1905 1734 1945 δοκιμασίας,
1759 1904 1841 1936 :ilias
1863 1905 2021 1947 μαρτύρια,
2045 1915 2143 1936 unum
2157 1914 2235 1936 esse

1225 1957 1229 1998 Ι
1253 1948 1366 1990 λίτρον.

1225 2000 1228 2017 ι
1338 1991 1409 2021 Dus
1431 1991 1486 2021 lmt
1508 2002 1541 2020 cr
1563 1993 1613 2020 hie
1633 1993 1803 2031 anyezeijst,
1827 1992 1915 2033 quod
1939 1991 2144 2024 calamitates
2168 1992 2232 2023 sint

1225 2025 1348 2082 {ortae
1381 2046 1400 2065 a
1433 2042 1596 2076 peccato,
1631 2046 1703 2066 cum
1739 2035 1878 2076 primum
1914 2036 2049 2066 remittit
2082 2041 2230 2076 peccata.

1225 2076 1397 2128 {Maxima
1430 2088 1508 2118 pars
1544 2077 1741 2109 calamitatis
1777 2079 1808 2109 in
1845 2088 1969 2120 genere
2002 2077 2146 2110 humano
2180 2083 2233 2109 est

1253 2130 1361 2162 poena
1384 2121 1481 2152 etiam
1504 2120 1680 2152 actualium
1700 2121 1909 2159 delictorum,
1933 2122 2023 2152 iuxta
2034 2120 2129 2152 illud:
2150 2120 2231 2151 Pro-

1251 2168 1323 2204 pter
1341 2168 1475 2205 peccatu
1500 2166 1634 2203 corripis
1652 2164 1736 2203 filios
1758 2165 1898 2194 hominis.
1945 2164 2038 2196 ltem:
2062 2164 2145 2193 Iram
2166 2164 2231 2193 Do-

1253 2209 1328 2237 mini
1358 2207 1514 2247 port‹1lm;
1547 2209 1620 2247 quin
1651 2210 1784 2247 pet-ravi
1817 2209 1855 2238 ei.
1905 2207 1971 2237 Das
1992 2209 2034 2237 ist
2057 2207 2167 2247 yeredt
2190 2207 2232 2238 de

1253 2250 1440 2283 actualibus
1463 2252 1620 2291 peccatis,
1645 2261 1731 2293 quae
1753 2250 1856 2282 multa
1879 2257 1910 2282 et
1933 2260 2054 2292 magn..
2067 2256 2232 2292 vagantur

1253 2304 1313 2336 per
1341 2304 1446 2336 genus
1469 2293 1656 2324 humanum.
1703 2293 1836 2327 Videte,
1865 2304 1961 2335 quam
1996 2294 2153 2325 miserum
2176 2293 2231 2330 sit,

1254 2338 1340 2379 quod
1365 2338 1397 2368 in
1421 2336 1573 2368 Ecclesia
1604 2338 1646 2368 sit
1670 2343 1734 2368 tam
1763 2336 1902 2368 multum
1926 2346 2093 2374 errorum,
2116 2342 2149 2367 et
2170 2334 2230 2367 sal-

1253 2390 1362 2411 sarum
1387 2381 1595 2422 opinionum,
1626 2381 1722 2411 etiam
1745 2381 1777 2411 in
1803 2380 1908 2411 bonis.
1953 2379 2090 2421 Loquor
2113 2379 2154 2410 de
2176 2379 2231 2409 bo·

1253 2425 1304 2454 nis
1328 2430 1359 2455 et
1387 2424 1525 2460 sanetis,
1554 2433 1621 2454 nor.
1656 2424 1697 2454 de
1721 2423 2014 2464 contemptoribus.
2059 2421 2110 2453 llli
2133 2421 2231 2452 etiam

1254 2467 1364 2498 sancti
1396 2465 1520 2497 hahent
1553 2465 1640 2497 mala
1674 2467 1836 2503 incendia,
1873 2466 2087 2506 cupiditates,
2122 2474 2230 2506 vagos

1253 2516 1363 2542 neotus
1397 2508 1544 2551 aliquos,
1579 2510 1633 2550 qui
1668 2515 1745 2541 sunt
1778 2509 1999 2550 praecipitas,
2034 2514 2065 2539 et
2094 2517 2161 2538 non
2185 2505 2231 2537 sa-

1254 2551 1318 2584 cile
1351 2558 1491 2594 possunt
1525 2553 1667 2593 reprimi,
1706 2554 1762 2582 wie
1788 2551 1910 2583 Paulus
1939 2554 2028 2590 sayt:
2057 2550 2157 2590 Rapit
2185 2558 2231 2578 me

1253 2597 1408 2635 captivum
1432 2599 1613 2635 peecatum:
1651 2595 1696 2624 Es
1728 2595 1857 2625 uberem
1888 2596 1994 2624 einen.-
2031 2593 2230 2635 praecipites

1253 2645 1362 2671 motus
1385 2648 1452 2670 non
1475 2639 1519 2669 ita
1543 2645 1685 2680 possunt
1708 2639 1848 2679 reprimi.
1894 2637 2000 2668 Nemo
2014 2643 2066 2668 est
2079 2643 2144 2668 tam
2155 2646 2231 2667 cau-
