2343 2970
171 151 236 183 875

813 146 924 179 PHIL.
947 145 1049 178 MEL.
1073 144 1259 178 SCRIPTA
1283 143 1548 178 EXEGETICA.

2122 144 2186 177 876

173 246 309 277 sitiones
332 245 446 284 «hanff.
492 244 532 276 Et
554 243 662 286 Lyra,
697 249 728 274 et
762 241 826 280 alii,
860 241 915 282 qui
946 245 1022 272 sunt
1046 240 1153 272 secuti
1177 239 1181 265 Ι
1201 240 1302 278 fuisse
1333 238 1371 268 ab
1404 239 1514 268 initio.-
1549 237 1735 270 consolatio
1765 247 1844 270 vcro
1875 238 1928 271 hic
1952 238 2063 281 aliquo
2086 240 2186 271 modo

172 289 399 330 expositiones
436 288 649 324 ludaeorum,
683 285 809 315 machon
839 284 961 313 seltzam
990 283 1085 324 «unq,
1120 289 1153 314 et

175 338 390 374 corrumpunt
413 337 547 363 textum.

497 424 590 471 Was
621 425 721 471 heia
751 426 842 468 ala?

259 503 426 535 Cherubin
451 500 529 533 vult·
544 502 670 539 dicere,
699 501 731 532 iat
755 506 817 538 est,
849 499 973 531 idolum
997 499 1097 530 stabit
1120 499 1152 529 in

172 547 249 579 loco
273 546 347 577 Dei.
394 546 464 575 Das
487 546 529 574 ist
551 546 600 573 ein
623 554 749 583 yrosser
772 546 896 573 iammer
919 544 950 574 in
976 543 1040 574 isto
1065 541 1152 580 loco,

1177 483 1181 572 Ῑ

1207 283 1410 314 continetur:
1442 281 1542 312 Erunt
1566 282 1629 311 cluo
1653 283 1685 311 in
1708 292 1804 321 ayro:
1838 283 1868 313 id
1893 289 1956 320 est,
1990 285 2051 314 erit
2075 282 2186 324 aliqua

1207 325 1371 358 Ectlesia.
1419 325 1516 358 Nunc
1539 327 1676 368 primum
1701 327 1742 357 dc
1765 323 1819 357 illa
1839 324 1966 368 phrasi:
1992 325 2067 357 Cum
2089 327 2187 358 stabit

1206 371 1238 398 iu
1262 369 1333 400 loro
1364 373 1474 399 sanato
1505 370 1707 401 abom'natio.
1753 369 1897 401 Deducit
1928 380 1990 401 nos
2020 370 2185 403 Dcuninus

1206 413 1248 443 ad
1275 411 1424 443 Danielis
1449 413 1717 454 praedictionem.
1764 414 1975 445 Abominatio
2007 413 2185 446 desolatio·

1206 456 1258 486 nis
1271 462 1321 486 est
1335 454 1455 487 idolum
1470 462 1618 493 vastans,
1631 454 1757 486 iiusicns
1771 455 2030 493 desolationem
2055 457 2186 490 Graece

1206 499 1394 529 nominatur
1426 498 1576 539 βδελυγμα
1609 501 1791 539 ἐρημωσεως.
1842 499 2052 535 Abominatio,
2087 506 2138 532 est
2165 511 2187 533 a

1206 542 1338 573 nomine
1357 553 1468 573 omen:
1494 542 1766 573 Abominarislclt
1789 546 1952 581 ettlselzen‚
1976 543 2114 578 selmum,
2128 545 2187 574 wie

171 591 228 622 ubi
251 595 302 621 0⁵1
326 589 426 620 sedes
451 588 530 626 Dei,
559 589 646 629 quod
674 589 716 619 ibi
745 593 797 619 est
820 585 953 617 idolum.
1000 585 1151 626 Regnum
1177 575 1181 618 l
1204 595 1260 613 vor
1283 586 1377 615 einen
1400 585 1490 614 bosen
1510 584 1652 614 Zeia-lien.
1686 585 1837 617 Latinum
1856 585 2055 618 vocabulum
2078 588 2186 619 minus

170 632 384 675 pontificium,
412 632 500 673 quod
525 632 668 662 debebat
692 641 768 662 csse
792 630 892 661 sedes
916 629 998 666 Dei,
1029 635 1080 659 est
1104 638 1152 658 re-

172 687 271 719 gnum
296 674 372 714 tale,
396 675 484 716 quod
517 680 568 706 est
596 675 668 705 stne
697 674 849 705 doctrina
881 683 958 704 vera
988 672 1028 703 de
1050 670 1150 702 Filio:

170 721 235 752 imo
259 719 346 760 quod
366 719 575 749 abominatur
598 718 684 749 lianc
703 717 900 754 doctrinam,
924 716 1012 757 quod
1036 723 1150 746 sumus

170 763 247 795 iusti
273 768 409 803 propter
431 760 549 792 Filium
574 760 648 799 Det,
683 766 715 791 et
749 771 808 801 per
837 770 877 790 ac
912 765 1047 800 propter
1076 768 1150 789 euin

171 805 429 837 viviliceiuurac
442 804 698 835 sanctificentur.
729 803 803 834 Non
821 803 975 833 dicimus:
1000 812 1064 833 non
1082 800 1151 831 fieri

170 848 420 880 renovationem
443 849 475 878 in
500 847 644 878 bomine:
667 847 731 878 imo
755 847 894 877 maxime
918 846 1069 882 dicimus,
1087 844 1151 874 lide

170 893 277 932 accipi
294 891 525 923 remissionem
543 896 768 931 peccatorum,
782 888 897 920 filium
914 887 977 919 Dei
1001 889 1032 919 in
1054 887 1151 919 nobis

170 934 322 966 habitare
338 934 453 975 spiritu
470 945 543 965 suo.
567 933 639 965 Hoc
654 939 777 965 certum
792 938 854 969 est,
867 932 953 974 quod
971 932 1068 962 hoino
1084 941 1152 961 cre-

171 979 255 1009 dens
273 979 316 1008 sit
336 976 534 1008 domicilium
564 976 645 1015 Dei,
669 977 729 1008 sed
761 982 893 1016 oportet
924 981 1037 1006 tenere
1066 973 1153 1004 lianc

171 1020 446 1057 consolationem,
459 1021 546 1062 quod
561 1019 696 1062 placeas
713 1026 849 1061 propter
866 1017 981 1049 Filium
996 1017 1058 1049 Dei
1078 1017 1152 1048 tide.

171 1063 230 1097 llla
253 1071 323 1095 tota
347 1064 500 1096 doctrina
520 1062 746 1098 conculcatur,
761 1061 1000 1103 deindepalam
1014 1060 1153 1092 idolola-

171 1108 236 1138 tria
258 1108 289 1138 in
314 1118 354 1139 eo
382 1117 486 1149 regno
516 1113 703 1145 exercetur,
725 1107 757 1138 in
775 1106 983 1138 invocatione
1007 1111 1152 1135 mortuo-

171 1161 243 1181 rum
268 1157 479 1188 sanctorum,
508 1149 683 1187 idolorum,
717 1157 749 1181 et
772 1147 1003 1191 profanatione
1027 1157 1153 1179 coenae

172 1192 307 1225 Domini
331 1204 417 1236 quae
439 1195 480 1224 ab
505 1194 578 1234 ipso
603 1192 686 1224 Filio
706 1192 768 1224 Dei
793 1193 941 1224 instituta
965 1197 1029 1230 est,
1052 1198 1087 1222 ut
1099 1201 1154 1231 ap-

171 1235 306 1278 plicitur
329 1237 425 1268 nobis
449 1237 667 1274 sumentibus,
691 1242 723 1268 et
747 1236 789 1267 sit
809 1236 1041 1272 testimonium,
1064 1233 1153 1276 quod

173 1279 275 1312 Filius
300 1279 362 1311 Dei
386 1281 428 1311 sit
452 1280 483 1311 in
507 1281 617 1319 nobis,
640 1286 672 1310 et
696 1280 881 1311 sanctificet
905 1289 979 1310 nos.
1011 1277 1058 1308 Illi
1082 1276 1153 1308 alli-

173 1330 252 1365 gant
277 1323 526 1355 Sacramentum
550 1324 592 1354 ad
616 1333 768 1364 pompas,
793 1323 916 1354 circum
936 1322 1153 1363 gestationeS‚

172 1366 341 1408 applicant
365 1367 514 1405 mortuis,
528 1367 640 1398 dicunt
663 1376 741 1397 esse
755 1366 967 1403 sacrificium,
986 1366 1074 1407 quod
1089 1374 1154 1395 ine-

172 1416 286 1441 reatur
310 1410 537 1441 remissionem
562 1415 774 1450 peccatorum
798 1408 944 1446 facienti,
968 1415 998 1439 et
1012 1407 1077 1439 illis
1093 1418 1152 1448 pro

173 1454 293 1495 quibus
318 1452 364 1484 fit.
411 1453 482 1482 Das
503 1455 544 1482 ist
570 1455 603 1482 ἰα
626 1454 675 1482 ein
698 1463 788 1492 yross
811 1451 1029 1493 blasphemia.
1055 1450 1153 1481 Prae-

173 1502 266 1527 terea
289 1497 410 1533 videto,
434 1502 591 1537 quantum
616 1497 659 1527 sit
681 1495 861 1533 libidinum,
885 1494 1061 1535 probibitio
1075 1504 1153 1524 con-

173 1539 264 1581 iugii,
288 1540 510 1570 scortationes
539 1538 718 1577 adulteria,
747 1539 899 1570 incendia
928 1538 1152 1579 cupiditatum.

175 1582 339 1618 Quantum
364 1581 485 1614 bellum
509 1584 571 1614 iam
596 1583 749 1613 excitavit
768 1581 922 1613 Pontifex
946 1583 1029 1612 inter
1052 1582 1153 1620 Impe-

173 1632 316 1658 ratorem
340 1632 489 1657 nostruin
514 1632 546 1656 et
567 1625 691 1666 Regem
715 1624 858 1663 Galliae,
889 1625 981 1655 cuius
1005 1625 1076 1665 ipse
1100 1634 1154 1654 so-

173 1668 226 1701 lus
251 1675 369 1700 auctor
392 1676 452 1700 est.
498 1669 566 1698 Der
589 1670 631 1700 ist
655 1670 703 1698 εἰη
733 1667 854 1699 idolum
875 1674 1032 1705 vastans,
1061 1672 1156 1698 stans

175 1714 207 1744 in
231 1711 307 1743 loco
332 1718 459 1747 sancto,
484 1718 517 1743 et
540 1712 609 1744 vult
634 1723 710 1743 esse
734 1717 833 1752 caput
856 1709 1041 1742 Ecclesiae.

261 1755 352 1787 Haec
376 1756 505 1787 debetis
530 1756 756 1793 considerare,
782 1761 815 1786 et
844 1765 941 1786 orare
965 1753 1091 1791 Deum,
1122 1758 1157 1784 ut

175 1805 271 1841 regat
293 1805 419 1830 mentes
445 1805 598 1837 vestras,
627 1809 667 1830 ac
691 1798 852 1832 illustret,
882 1804 913 1828 ut
940 1797 1100 1828 maneatis
1125 1796 1156 1826 in

176 1852 256 1873 vera
285 1843 467 1880 sententia,
503 1853 543 1874 ac
567 1849 699 1873 crescat
723 1843 754 1873 in
778 1842 874 1873 vobis
898 1841 1077 1878 invocatio,
1099 1841 1157 1869 wie

173 1885 224 1915 lu'e
246 1886 362 1918 steliet:
385 1885 493 1916 Orate.

210 1996 271 2029 EX
295 1996 557 2028 RHAPSODIA
581 1996 689 2027 ANNI
714 1994 912 2027 PROXtME
936 1992 1124 2027 PRAECE-

338 2039 500 2072 DENTts
523 2039 712 2071 MORTEM
737 2039 776 2071 D.
804 2038 1002 2070 l'lllLlPl’l.

258 2121 368 2171 Quid
400 2120 600 2176 signifieat>
631 2120 879 2161 abominatio
911 2119 1070 2160 desola-

592 2180 739 2222 tionis?

265 2272 394 2304 Discite
417 2282 524 2314 genus
548 2272 726 2309 sermonis,
750 2272 945 2312 praesertim
968 2280 1042 2302 cum
1056 2270 1159 2302 dere-

178 2317 241 2348 bus
266 2316 416 2347 maximis
440 2316 580 2347 dicatur.
625 2314 718 2346 Ilaec
748 2321 816 2346 tota
847 2315 963 2346 concio
994 2320 1045 2345 est
1068 2323 1160 2355 prae-

178 2360 279 2391 dictio
303 2358 537 2396 calamitatum,
569 2364 601 2390 et
624 2358 874 2389 distractionum
897 2358 1055 2399 postremi
1080 2365 1160 2388 tem-

178 2403 285 2441 poris,
310 2408 341 2433 et
364 2403 395 2434 in
420 2402 552 2440 Iudaea,
576 2407 608 2432 et
625 2408 743 2443 postea
766 2401 797 2431 in
813 2399 877 2431 liac
889 2408 1026 2431 senecta
1040 2400 1159 2432 mundi.

178 2445 263 2478 Huic
287 2445 438 2476 concioni
466 2445 619 2476 addenda
647 2451 700 2476 est
720 2441 916 2481 consolatio,
947 2453 1032 2484 quae
1055 2449 1106 2474 est
1129 2444 1162 2474 in

179 2488 360 2531 Symbolo:
385 2488 488 2519 Credo
511 2498 577 2518 ease
600 2492 739 2517 sanctam
762 2486 945 2516 Ecclesiam.
977 2486 1064 2518 lstae
1076 2487 1162 2518 duae

179 2533 339 2564 materiae
373 2531 428 2563 hic
469 2537 664 2564 tractantur.
722 2530 757 2561 In
787 2529 1016 2571 praedictione
1045 2535 1098 2561 est
1121 2529 1161 2560 de

183 2574 429 2606 calamitatibus
456 2575 619 2617 postremi
648 2573 818 2616 temporis.
870 2572 1042 2614 Cogitate,
1064 2582 1161 2613 quam

180 2619 287 2651 tristis
310 2629 375 2651 vox
398 2619 454 2657 sit,
477 2618 568 2661 quod
590 2618 712 2660 inquit,
745 2615 848 2647 Talem
871 2616 1078 2646 calamitatem
1099 2625 1161 2646 non

1176 620 1180 693 Ι

1185 2578 1191 2644 l

1178 1531 1181 1540 Ι
1205 1546 1289 1567 wenn
1319 1545 1351 1564 es
1384 1533 1477 1563 scito]
1513 1535 1561 1561 cin
1591 1533 1686 1563 ali-ccli
1715 1537 1768 1565 ise.

1205 628 1311 658 reddit
1335 629 1399 659 vim
1423 628 1574 659 Hebraea
1599 629 1709 665 vecte,
1733 639 1830 670 quam
1855 628 2030 660 Graecum.
2076 629 2186 662 Voca-

1207 670 1317 702 bulum
1341 670 1526 702 Hebraeum
1545 672 1710 712 signiticat
1724 682 1894 709 nauscam,
1907 671 2084 708 fastidium,
2097 683 2185 704 com·

1204 714 1382 745 motionem
1406 715 1557 756 corporis
1580 712 1791 746 abhorrentis
1813 714 1934 756 aliquid
1960 722 2095 756 propter
2116 714 2185 747 foe-

1205 757 1353 787 ditatem:
1389 763 1435 795 ut,
1468 758 1497 788 si
1530 764 1772 798 proponeretur
1806 756 1905 789 alicui
1934 759 1966 789 in
1990 760 2100 799 patina
2122 768 2184 800 pro

1206 801 1281 831 cibo
1317 806 1437 832 tetrum
1471 806 1616 839 stercuS,
1648 801 1785 832 haberet
1818 811 1990 840 nauseam,
2018 803 2184 834 abomina-

1204 850 1307 875 retur.

1444 940 1563 982 Unde
1597 941 1741 982 dieitur
1773 942 1948 983 nausea?

1292 1015 1353 1046 Est
1377 1025 1418 1046 ex
1441 1015 1571 1046 Graeco
1604 1017 1734 1054 ναυιιίἱν,
1764 1027 1783 1047 a
1807 1017 1936 1048 sentina
1965 1017 1996 1049 in
2026 1018 2186 1049 navibus:

1205 1059 1273 1088 Der
1295 1058 1401 1093 ‹Ii-ech,
1436 1058 1493 1088 cler
1515 1058 1581 1087 siclt
1612 1059 1721 1088 samlet
1754 1063 1846 1089 unlen
1874 1060 1907 1090 in
1937 1061 2096 1098 navibus,
2130 1061 2186 1090 der

1204 1102 1285 1132 liciat
1308 1103 1449 1134 sentina.
1498 1101 1645 1133 Verbum
1669 1103 1787 1133 ναυτιᾶν
1815 1102 1981 1144 significat
2004 1104 2187 1135 abliorrere

1205 1147 1247 1177 ab
1266 1144 1323 1176 illa
1346 1147 1488 1183 sentina,
1510 1146 1567 1174 wir
1588 1145 1757 1176 Sclcwabcn
1779 1145 1875 1175 haben
1899 1147 1949 1174 ein
1969 1145 2186 1179 vocabulum:

1205 1199 1352 1226 vomere,
1376 1189 1435 1217 das
1457 1198 1573 1217 uennen
1598 1191 1653 1218 wir
1675 1189 1796 1223 lautam,
1819 1195 1870 1220 est
1896 1189 2094 1227 Hebraeum,
2122 1188 2188 1219 uml

1205 1232 1340 1261 scliemet
1364 1231 1413 1260 als
1434 1242 1512 1261 were
1535 1231 1596 1261 clas
1619 1231 1806 1264 Hebraeum
1818 1232 1967 1266 sehet-elz.
1989 1244 2056 1263 vom
2069 1233 2188 1272 holzen,

1205 1286 1290 1307 wenn
1313 1277 1409 1306 ciuem
1432 1274 1541 1306 eclrclt.
1587 1275 1755 1307 Lutlierus
1781 1276 1862 1306 bene
1888 1276 1984 1307 vertit
2007 1278 2050 1307 ab
2066 1277 2188 1308 omina-

1205 1321 1263 1357 tio‚
1286 1321 1335 1348 εἱιι
1356 1318 1472 1357 yreiiel.
1520 1317 1731 1349 Vocabulum
1756 1319 1933 1357 Graecum,
1957 1326 2009 1351 est
2024 1319 2187 1360 βδέλυγμα,

1205 1374 1225 1394 a
1248 1362 1340 1403 βδέω,
1365 1362 1398 1393 id
1421 1367 1483 1399 est,
1507 1363 1605 1401 pedo,
1625 1368 1675 1392 est
1688 1362 1963 1402 Ouomatopoc'ia,
1986 1361 2189 1394 vocabulum

1178 1420 1181 1422 ·
1205 1412 1257 1437 est
1279 1416 1298 1437 a
1322 1415 1407 1436 sono
1431 1403 1565 1435 sactum.
1601 1403 1756 1446 Crepitus
1780 1406 1887 1436 ventis
1912 1406 2087 1446 agrestior,
2105 1405 2187 1434 lieis-

1204 1453 1249 1478 set
1272 1448 1379 1490 κέρδη,
1427 1447 1642 1478 proverbium
1667 1454 1734 1486 est,
1770 1447 1846 1478 ἴδιυν
1875 1450 1971 1490 ἑαυτῷ
1994 1447 2096 1488 ρ’δῇμα
2119 1447 2189 1487 γλί-

1204 1505 1267 1523 mov
1289 1494 1399 1530 μηλουε
1425 1500 1539 1521 omnes
1565 1501 1679 1521 sumus
1699 1493 1849 1531 φίλαυτοι.
1881 1491 2006 1522 Nostra
2021 1492 2187 1527 miramur,

1814 1534 1943 1565 Doctor
1967 1535 2189 1576 Hieronymus

1207 1578 1338 1609 solebat
1373 1577 1482 1608 dicere
1517 1577 1558 1608 (le
1583 1575 1709 1608 fucosis
1730 1578 1973 1618 praetextibus,
1999 1579 2132 1619 quando
2156 1578 2190 1609 in

1207 1622 1319 1663 aliqua
1353 1621 1489 1651 materia
1522 1619 1649 1652 sorensi
1683 1620 1906 1652 atterebantur
1939 1621 2058 1653 fucosa
2091 1631 2190 1664 argu-

1207 1672 1330 1702 menta,
1353 1674 1385 1694 es
1408 1665 1449 1693 ist
1473 1664 1521 1691 ein
1541 1664 1672 1692 selcimer
1691 1664 1802 1693 tlt-eelz.-
1825 1663 2017 1696 unicuilibet
2040 1675 2103 1696 sua
2121 1663 2193 1706 pul·

1209 1708 1290 1739 chra
1313 1712 1400 1739 sunt.
1452 1706 1517 1736 Van
1541 1707 1609 1736 dem
1637 1706 1737 1746 βδέω,
1767 1709 1807 1737 isc
1835 1708 1894 1737 «las
1923 1712 2001 1739 wart
2025 1707 2190 1749 βδελυγμα,

1209 1753 1242 1783 id
1264 1757 1328 1788 est,
1351 1751 1427 1779 dass
1450 1761 1485 1779 so
1509 1751 1637 1789 wisletly
1661 1751 1719 1785 ist,
1743 1751 1790 1779 als
1814 1752 1862 1780 εἰη
1884 1753 2029 1792 crepitus
2053 1752 2189 1782 ventris.

1296 1795 1497 1826 Mementote
1510 1793 1697 1825 llcbracam
1713 1793 1863 1835 phrasin:
1888 1794 2024 1826 Scelera
2036 1795 2190 1833 maxima,

1208 1849 1295 1881 quae
1318 1838 1415 1868 etiam
1440 1838 1623 1868 communis
1652 1843 1770 1868 natura
1793 1848 1859 1868 non
1890 1844 2080 1868 monstrosa
2103 1836 2190 1869 refu·

1209 1884 1268 1925 git,
1292 1882 1502 1912 nominantur
1525 1881 1556 1911 in
1581 1880 1734 1911 Hebraea
1753 1879 1867 1921 lingua
1890 1880 2091 1911 Schekutzsm.
2123 1880 2190 1910 Van

1209 1927 1273 1955 vici·
1296 1925 1412 1963 ‹Iinymz
1435 1923 1532 1952 stehet
1555 1933 1588 1952 es
1609 1923 1826 1963 yemeiniyllclt
1848 1923 2003 1954 sehet-elz.-
2030 1923 2054 1955 l.
2069 1924 2109 1954 dc
2123 1923 2189 1954 ido-

1209 1968 1268 2005 lis;
1296 1968 1328 1998 2.
1353 1968 1393 1998 de
1423 1967 1516 1998 tetris
1552 1965 1759 2001 libidinibus,
1790 1976 1810 1997 a
1838 1967 1958 2008 quibus
1981 1972 2099 1997 natura
2122 1976 2191 1998 non

1210 2018 1401 2043 monstrosa
1422 2009 1546 2049 refugit
1575 2015 1607 2041 et
1640 2010 1810 2046 abhorret,
1845 2020 1930 2051 quae
1964 2014 2042 2040 sunt
2065 2015 2192 2040 tantum

1210 2053 1393 2090 diabolica3
1427 2053 1458 2084 3.
1481 2053 1595 2082 steseets
1619 2052 1698 2083 ancli
1721 2053 1763 2083 de
1785 2053 1969 2084 mendacio.
2015 2052 2194 2083 Abomina-

1210 2099 1255 2130 tio
1290 2103 1343 2129 est
1373 2097 1578 2128 mendacium
1613 2094 1710 2126 labiis
1740 2095 1915 2136 Principis,
1950 2105 2036 2126 werin
2059 2095 2193 2124 Fz'irsten

1210 2141 1274 2172 mul
1298 2140 1401 2170 Herm
1423 2139 1527 2178 le'cyeit,
1555 2139 1612 2167 ists·
1634 2139 1701 2169 eine
1729 2148 1838 2177 gyrasse
1862 2138 2038 2178 untuyend,
2065 2139 2116 2168 ein
2137 2147 2193 2168 un-

1208 2186 1298 2224 fletiy
1320 2184 1408 2223 ditty.
1456 2182 1643 2222 Usurpatur
1661 2183 1758 2213 etiam
1783 2182 1824 2213 de
1847 2182 2015 2223 snperbia.

1297 2226 1371 2257 Νιιιι
1389 2230 1461 2266 sayt
1484 2235 1517 2254 er
1535 2225 1643 2261 «larua,
1669 2224 1791 2255 idolum
1814 2224 2046 2262 desolationis,
2072 2224 2105 2255 id
2129 2228 2194 2262 est,

1212 2270 1340 2302 faciens
1364 2270 1564 2306 vastitatem,
1588 2266 1641 2299 vel
1663 2268 1807 2299 afferens
1830 2269 2032 2305 vastitatem,
2065 2267 2126 2296 das
2149 2266 2195 2296 da

1212 2313 1329 2348 mat-lit,
1372 2313 1448 2342 dass
1486 2322 1518 2342 es
1557 2310 1693 2342 leci-uach
1727 2311 1804 2340 alles
1837 2314 1915 2342 wast
1948 2311 2013 2341 und
2045 2309 2105 2339 ode
2139 2310 2191 2339 ist.

1211 2357 1326 2396 Nempt
1355 2357 1404 2385 ein
1431 2354 1510 2394 yrob
1539 2354 1687 2393 cxempel.
1733 2353 1820 2385 Olim
1848 2354 1930 2384 Asia
1958 2352 2019 2384 fuit
2042 2351 2194 2394 pulcher·

1213 2401 1312 2437 rima,
1347 2399 1478 2441 quando
1511 2397 1625 2428 habuit
1659 2398 1840 2428 doctrinam
1865 2394 2039 2428 Ecclesiae
2073 2402 2105 2426 et
2128 2404 2194 2426 me·

1214 2443 1347 2474 diocres
1381 2440 1514 2484 politias
1547 2439 1657 2471 adhuc
1687 2446 1835 2481 tempore
1864 2439 2019 2470 lobannis
2043 2438 2194 2479 Evange-

1213 2485 1327 2518 listac:
1347 2486 1379 2516 id
1404 2490 1467 2522 est,
1490 2491 1640 2523 tempore
1662 2482 1794 2514 Traiani
1817 2481 1871 2514 vel
1893 2482 1998 2513 Marci
2021 2481 2193 2519 Antonini,

1214 2529 1370 2561 lobannis
1395 2527 1509 2559 habuit
1537 2526 1712 2558 florentem
1742 2524 1937 2557 Ecclesiam.
1984 2524 2081 2556 Nunc
2111 2525 2196 2556 Asia

1214 2578 1265 2603 est
1288 2570 1456 2603 stabulum
1478 2568 1642 2601 latronum
1664 2569 1894 2606 Turcicorum,
1917 2577 2025 2610 neque
2047 2572 2125 2598 sunt
2147 2566 2194 2598 ibi

1215 2613 1399 2653 Ecclesiae,
1421 2619 1458 2646 ut
1486 2611 1564 2644 olim
1592 2617 1686 2645 eraut
1709 2610 1845 2646 multae,
1875 2621 1984 2652 neque
2015 2615 2093 2642 sunt
2113 2607 2196 2651 poli-
