2343 2970
218 167 281 200 307

217 270 300 295 tate:
341 263 407 292 ἶνίν
443 262 521 292 teche
554 262 613 291 ihm
648 263 706 290 dus
728 261 841 299 Ιι’]εΙΙιιιη
863 261 930 298 liat,
961 261 1047 300 quod
1080 260 1198 290 titlerit

219 315 364 339 ruentem
390 307 539 346 patriam,
573 313 603 336 et
628 304 713 335 illum
740 304 904 335 civitatem
940 302 1194 344 pulcherrimam

218 349 332 388 deleri,
357 350 417 380 nisi
442 349 529 391 quod
553 349 681 380 sciebat
704 358 779 378 esse
803 347 955 378 iudicium
979 346 1058 383 Dei;
1088 352 1120 376 et
1143 356 1196 377 sa-

217 395 281 425 tius
305 404 382 425 esse
411 393 548 429 destrui²
582 402 680 433 quam
715 390 780 420 coli
815 390 857 420 ibi
887 388 984 420 idola.
1030 389 1116 424 Quid
1146 395 1196 421 est

217 437 284 468 vita
308 438 379 467 sine
402 436 518 467 studiis
543 442 571 465 et
597 432 791 474 disciplina?
836 431 956 463 Melius
986 439 1076 464 esset
1095 431 1197 464 homi-

216 481 261 518 ni,
287 491 352 510 non
377 490 453 509 esse
477 484 598 509 natum.
633 477 751 507 Melius
775 482 826 506 est
850 474 951 506 deleri
964 475 1198 517 Respublicas‚

217 534 313 566 quam
339 533 415 554 esse
435 522 561 552 Lerna»
576 519 752 555 malor1nu3
776 526 810 550 ut
832 519 864 550 in
889 518 999 550 multis
1021 518 1119 557 locis,
1144 520 1197 550 nbi

216 578 282 599 non
308 567 465 597 retinetur
478 563 703 605 Evangelium.
730 563 788 592 sed
814 560 999 593 idololatria
1019 573 1078 603 pro
1092 561 1196 593 ibi-ina

217 616 249 642 et
273 610 386 650 specie
411 607 518 639 cultus
543 614 707 643 servatur,
742 606 785 634 da
819 607 877 634 ists
907 605 1020 637 *bct-ser.
1057 616 1088 634 es
1118 606 1197 643 falle

217 654 293 683 alles
327 655 358 681 in
381 652 511 689 ltunls'cn.
561 650 598 681 ht
636 650 718 680 haec
753 655 802 679 est
836 647 1027 689 principalis
1063 660 1195 687 caussa,

219 708 276 728 cur
309 695 418 727 deleta
448 694 506 724 suit
531 692 778 734 Hierosolymffl
814 693 888 733 quia
925 699 1195 732 contempserunt

217 738 452 781 Evangelium‚
476 744 506 768 et
529 736 721 777 persequuti
754 741 829 766 sunt
864 742 1010 767 sanctos,
1058 736 1197 777 Semper

215 789 291 824 post
325 782 590 824 persecutionem
625 777 800 810 Ecclesiae
839 786 1023 814 sequuntur
1056 789 1196 820 poenae,

219 828 272 856 wie
295 837 327 855 es
349 836 405 854 uns
439 824 516 853 ancli
539 824 634 863 ychen
669 822 760 851 wirdt
796 821 828 851 in
852 821 1042 852 Germania.
1087 822 1196 854 Turca

217 870 337 905 veniet,
350 874 381 899 ct
394 867 482 899 tollet
495 867 672 908 principes,
686 866 738 906 qui
752 871 992 907 persequuntur
1002 864 1195 897 Ecclesiam.

216 914 284 943 Alie
308 914 360 942 dic
383 922 414 941 es
438 911 615 949 ccrlcuyucn
639 911 702 939 und
725 909 889 947 schenden,
919 910 972 951 qui
996 908 1105 940 multis
1131 920 1196 940 mo—

217 957 266 987 dis
290 956 486 992 deformant,
511 955 563 995 qui
588 953 721 985 laedunt
736 954 971 985 conscientiam
995 958 1197 990 sanctorum,

217 1007 249 1032 et
275 1002 434 1030 bonorum
458 997 637 1035 hominum,
667 1005 697 1028 et
722 998 917 1028 coiitristaut
942 997 1098 1037 Spiritum
1123 1006 1197 1026 san·

218 1050 303 1074 ctum
329 1044 359 1072 iu
383 1040 504 1073 multis.

303 1085 421 1116 Altera
445 1094 564 1116 caussa
591 1090 653 1121 est,
683 1090 717 1115 ut
741 1084 972 1114 diiudicaretur
1007 1088 1198 1113 controver-

218 1130 267 1161 sia
292 1126 529 1170 Apostolorum
565 1135 595 1158 ct
632 1128 850 1170 Synagogae3
885 1127 959 1168 quia
993 1132 1070 1157 sunt
1104 1136 1199 1166 urgu-

217 1178 326 1203 menta
360 1169 602 1202 indissolubilia
636 1171 744 1208 nobis,
781 1181 879 1199 wcnns
915 1170 992 1200 Goth
1025 1168 1111 1200 nicht
1133 1167 1200 1199 sol-

217 1217 312 1247 viert.
360 1214 436 1243 Goth
470 1224 533 1242 mus
568 1215 657 1243 dreia
679 1215 823 1253 yreislivt,
857 1215 920 1243 mul
948 1213 1091 1243 salvii-en.
1149 1211 1199 1243 lu-

217 1259 289 1290 daei
312 1259 361 1289 sic
381 1258 708 1298 argumentabantur:

260 1317 454 1357 Impossibile
473 1321 518 1347 est
542 1317 661 1347 aboleri
689 1317 800 1347 vultum
820 1328 839 1346 a
864 1317 932 1347 Deo
956 1319 1145 1347 institutum:

260 1362 376 1391 Noster
399 1361 498 1389 cultus
527 1365 572 1389 cst
596 1361 745 1389 dii-initiis
767 1362 945 1392 institurus.-

260 1401 348 1443 Eryo
372 1404 561 1443 impossibile
584 1406 643 1434 crit
666 1404 765 1433 deleri
787 1404 866 1433 lianc
882 1403 1037 1443 politiam.

304 1473 399 1504 Item:
422 1473 494 1504 Nos
518 1472 642 1504 suimus
661 1478 759 1504 antea
783 1473 815 1503 in
840 1471 936 1504 exilio
959 1472 1002 1502 70
1024 1482 1141 1507 annos,
1167 1478 1199 1503 et

217 1523 324 1548 tamen
360 1526 475 1548 sumus
521 1516 672 1547 restituti.
736 1515 808 1547 Fuit
842 1526 897 1546 res
931 1525 1064 1556 magna,
1111 1515 1199 1557 quod

217 1560 309 1591 Deus
332 1565 410 1600 post
437 1566 487 1590 tot
520 1570 626 1590 annos
650 1559 900 1600 Rempublicam
935 1558 1117 1599 collapsam
1151 1569 1198 1589 re-

218 1604 337 1635 stituit:
362 1604 407 1633 ita
430 1613 511 1645 ergo
534 1612 623 1635 nune
646 1603 744 1634 etiam
768 1603 956 1634 servabitur
978 1601 1102 1643 politia.
1138 1601 1200 1631 Dis

218 1650 377 1686 aryument‘
400 1646 494 1676 stand
513 1647 576 1684 fest
600 1647 656 1686 begs
678 1646 776 1675 ilmen.

303 1689 504 1730 Respondeo
539 1690 582 1721 ad
606 1690 782 1721 Maiorem:
828 1688 1034 1728 Impossibile,
1071 1687 1198 1719 scilicet

216 1733 377 1773 tantisper
410 1733 517 1764 donec
552 1733 649 1764 dehet
682 1742 828 1770 manere,
863 1732 969 1763 donec
1005 1730 1075 1763 vult
1104 1730 1198 1762 Deus

219 1786 289 1807 eam
326 1775 574 1817 Rempublicam
608 1776 738 1806 durare.
795 1774 920 1807 Minor:
955 1775 1044 1804 Haec
1073 1778 1143 1804 sunt
1179 1785 1196 1803 a

220 1819 287 1848 Deo
312 1821 500 1852 constituta,-
524 1817 651 1850 scilicet
675 1819 716 1850 ad
740 1825 880 1859 tempus.
927 1817 986 1849 Est
1020 1818 1105 1849 enim
1140 1816 1197 1848 illa

215 1861 329 1903 politia
353 1862 488 1893 fundati
508 1869 539 1893 et
563 1863 720 1900 instituta,
743 1867 778 1892 ut
801 1867 893 1893 esset
917 1868 1028 1893 certus
1050 1861 1147 1892 locus
1168 1866 1199 1892 et

217 1904 376 1946 populus·
412 1907 467 1936 ubi
500 1907 675 1936 cderentur
709 1905 964 1946 promissiones,
999 1911 1030 1936 et
1065 1905 1097 1936 in
1133 1914 1198 1946 quo

215 1954 411 1980 nasceretur
445 1948 599 1979 Messias.
654 1948 829 1989 Tantisper
863 1949 974 1979 debuit
1003 1948 1122 1980 durare
1140 1960 1198 1991 po-

220 1990 297 2030 litia,
323 1993 429 2022 donec
455 1993 636 2032 promissus
656 1991 800 2022 Messias
821 1991 1042 2023 exhiberetur.

384 2089 719 2142 intelligebantne
752 2091 829 2129 hoc
862 2090 1031 2132 Iudaei?

304 2171 394 2202 Non:
420 2173 494 2213 qnia
518 2171 685 2202 habebant
709 2173 970 2212 persuasionem,
1004 2185 1077 2205 cum
1113 2172 1198 2204 Mes-

219 2216 286 2245 sias
335 2216 475 2252 sencrit,
505 2216 637 2255 augebit
662 2214 747 2246 hanc
768 2215 1016 2256 Rempublicznn
1051 2218 1197 2258 imponet

218 2258 305 2289 lmnc
331 2257 450 2289 cultum
487 2259 637 2289 omnibus
671 2260 841 2299 gentibus,
876 2265 907 2290 et
942 2259 1105 2292 desendet.
1152 2260 1198 2291 lbi

219 2303 384 2332 errabant.
431 2301 586 2342 Apostoli
610 2310 726 2333 contra
749 2305 1080 2343 argumentnbantur:

265 2370 333 2399 Lex
352 2374 379 2399 et
404 2370 583 2409 Prophetae
607 2381 698 2410 nsque
722 2371 765 2400 ad
789 2371 951 2401 loannem.-

263 2414 349 2452 Eryo
384 2415 478 2443 vestri
512 2414 612 2443 vultus
645 2414 799 2454 desinent,
833 2419 934 2444 vestra
971 2416 1088 2454 politia
1122 2416 1204 2445 711¹}le

305 2459 372 2485 erit.

307 2524 363 2555 illa
388 2527 617 2556 controversia
641 2537 705 2557 non
737 2527 841 2566 potuit
875 2527 1043 2558 diiudicari
1079 2529 1120 2558 ab
1145 2527 1202 2559 ho-

220 2568 368 2599 minibus,
417 2568 480 2609 ipsi
506 2568 706 2600 clamabant:
730 2570 800 2601 Nos
825 2579 938 2600 sumus
962 2570 1105 2612 populus
1129 2571 1203 2609 Dei,

221 2621 332 2641 semen
359 2611 526 2643 Abrahae.
572 2613 664 2644 Sicut
688 2624 775 2644 nunc
799 2613 926 2644 dicunt:

867 166 978 197 PHlL.
1003 165 1104 197 MEI..
1130 164 1318 197 SCRIPTA
1341 165 1605 200 EXEGETICA.

2167 169 2231 202 308

1292 258 1360 288 Nos
1390 271 1491 289 sumus
1524 260 1676 300 Ecclesia,
1711 262 1872 294 ordinaria
1903 266 2056 301 potestas,
2090 263 2231 293 habemus

1332 306 1457 342 patres:

1294 345 1381 385 Eryo
1407 357 1458 375 vos
1481 348 1556 376 escis
1579 347 1734 386 seditiosi,
1768 352 1797 377 et
1816 348 2005 387 impossibile
2034 352 2078 378 est
2103 353 2232 379 vestram

1337 389 1510 419 doctrinam
1534 401 1663 421 manere.

1338 466 1428 498 Haec
1453 469 1682 499 controversia
1704 479 1770 499 non
1794 474 1903 510 potest
1927 469 2095 500 diiudicari
2120 469 2231 501 huma-

1251 508 1302 540 nis
1328 509 1487 541 consiliis.
1535 510 1689 542 Ecclesia
1717 522 1783 543 non
1814 512 1912 542 habet
1936 512 2089 543 iudicium
2112 513 2143 543 in
2168 519 2231 543 ter-

1250 553 1307 583 ris.
1343 553 1409 584 sed
1422 552 1515 585 Deus
1540 561 1592 585 est
1614 555 1723 592 iudex,
1748 555 1815 584 also
1835 554 1939 594 kompt
1961 555 2012 584 lu‘e
2029 555 2105 585 Gau
2123 555 2232 593 selbst3

1249 599 1345 625 stoset
1380 596 1535 637 templum
1576 604 1609 628 et
1639 597 1793 639 populum
1827 599 1858 626 in
1888 600 1973 627 einen
2007 598 2138 637 ltmtffim,
2172 599 2232 628 das

1249 649 1319 667 man
1342 639 1426 668 uit-lit
1452 642 1532 675 weis,
1557 651 1601 669 wo
1626 652 1657 669 es
1679 641 1849 680 yeslauu'cn
1873 641 1938 672 liat.

1336 681 1412 714 Dixi
1437 684 1478 714 de
1491 684 1620 714 duabus
1643 686 1773 716 caussis
1799 683 1939 722 deletae,
1962 683 2232 726 llierosolymae:

1250 724 1404 757 videlicet
1440 733 1473 757 ut
1503 728 1696 768 punirentur
1731 734 1869 768 peccata
1902 728 1997 759 istius
2040 727 2165 768 populi,
2199 733 2233 759 et

1249 770 1423 810 praecipue
1444 777 1651 811 contemptus
1666 770 1850 812 Evangelii,
1873 777 1904 801 et
1928 769 2135 811 blasphemia
2156 771 2233 803 hor-

1248 811 1353 842 ribilis
1373 818 1489 843 contra
1512 813 1629 844 Filium
1652 813 1726 845 Dei.
1772 814 1851 844 item
1874 821 1909 846 ut
1931 813 2025 845 fieret
2046 814 2232 846 diiudicatio

1250 856 1463 886 certaminum
1499 857 1539 887 de
1574 857 1725 888 doctrina
1756 857 2003 897 Apostolorum
2051 858 2232 890 Videamus

1250 899 1347 929 etiam
1370 897 1453 929 alias
1477 899 1591 940 plures
1616 910 1768 932 caussas.

1335 966 1466 999 Deletio
1499 969 1597 1010 igitur
1620 968 1884 1012 Hierosolymae,
1918 976 2112 1010 perpetuum
2140 975 2172 1001 et
2195 968 2232 1000 il-

1251 1009 1355 1042 lustre
1386 1012 1605 1043 testimonium
1639 1018 1702 1049 est,
1737 1013 1824 1054 quod
1852 1012 1995 1043 Messias
2030 1013 2155 1044 missus
2179 1013 2231 1044 sit.

1250 1052 1375 1085 Multae
1409 1054 1601 1096 prophetiae
1635 1061 1721 1092 sunt,
1757 1066 1844 1097 quae
1878 1054 2041 1087 affirmant
2075 1055 2233 1097 politiam,

1251 1098 1440 1138 oportuisse
1463 1108 1596 1129 manere
1619 1108 1723 1139 usque
1747 1099 1789 1130 ad
1812 1105 1942 1139 tempus
1964 1098 2120 1136 Mes-siae,
2143 1104 2178 1130 ut
2200 1098 2233 1129 in

1251 1140 1427 1182 Haggaeo:
1451 1141 1596 1173 lilessium
1619 1143 1872 1172 concionaturum
1895 1143 1928 1170 in
1950 1142 2085 1172 secundo
2109 1141 2233 1180 templo.

1250 1184 1286 1215 ln
1309 1183 1465 1216 Daniele:
1489 1185 1634 1214 Messium
1657 1187 1911 1215 concionaturzmz
1935 1184 2177 1225 Hierosolymae,
2201 1188 2232 1216 et

1250 1227 1366 1258 deinde
1384 1228 1632 1268 Hierosolymam
1662 1227 1833 1258 delendum.
1890 1227 1958 1260 Ista
1986 1227 2230 1269 Hierosolyma,

1251 1281 1336 1312 quae
1359 1271 1458 1302 hodie
1482 1278 1546 1310 est,
1580 1282 1645 1302 non
1671 1278 1721 1302 est
1750 1282 1789 1303 eo
1812 1271 1900 1309 loco,
1935 1272 1989 1303 ubi
2023 1272 2114 1312 prior
2149 1270 2231 1307 suit3

1251 1314 1312 1345 sed
1345 1313 1513 1357 paululum
1543 1316 1585 1346 ab
1610 1325 1649 1346 eo
1686 1313 1761 1346 loco
1796 1315 1943 1346 recessit.
2000 1315 2092 1346 Sicut
2126 1313 2232 1345 Roma

1250 1356 1349 1389 hodie
1372 1369 1438 1389 non
1462 1365 1524 1395 est,
1547 1358 1602 1389 ubi
1622 1356 1698 1388 olim
1721 1357 1790 1389 suit.
1837 1356 1928 1392 Quae
1964 1368 2042 1399 pars
2073 1357 2150 1389 olim
2173 1355 2233 1388 fuit

1252 1403 1462 1433 ornatissima
1485 1409 1517 1432 et
1551 1399 1810 1442 opulentissima,
1846 1411 1884 1431 ea
1918 1402 1982 1432 iam
2006 1407 2058 1432 est
2076 1399 2230 1431 solitudo.

1252 1444 1340 1475 Idem
1365 1445 1406 1476 de
1426 1443 1536 1476 multis
1561 1444 1698 1476 urbibus
1721 1444 1853 1483 accidit,
1887 1450 1931 1482 ut,
1966 1453 2162 1485 quamquam
2184 1442 2232 1474 in-

1251 1493 1420 1519 stauratae
1443 1489 1519 1526 sint,
1543 1494 1652 1518 tamen
1676 1498 1742 1520 non
1766 1488 1832 1518 sint
1851 1487 1991 1528 amplius
2015 1488 2046 1517 in
2071 1497 2110 1518 eo
2133 1486 2232 1517 resti-

1252 1532 1319 1572 gi0‚
1344 1533 1375 1561 in
1395 1541 1460 1572 quo
1485 1529 1573 1562 olim:
1598 1537 1632 1561 ut
1655 1531 1789 1562 Basilea
1814 1538 1846 1562 ct
1869 1530 2052 1562 Ratisbona
2075 1528 2233 1571 paulatim

1250 1575 1453 1605 instauratae
1476 1581 1553 1604 sunt
1577 1583 1617 1604 ex
1641 1575 1756 1612 ruinis,
1784 1575 1841 1605 ubi
1869 1574 1978 1605 adhuc
2000 1573 2124 1614 aliquid
2145 1572 2234 1604 aedi·

1252 1617 1315 1648 ficii
1340 1616 1412 1654 fuit,
1444 1623 1476 1648 et
1504 1624 1612 1648 tamen
1637 1623 1848 1649 recesserunt
1876 1626 1997 1658 magna
2031 1627 2072 1647 ex
2095 1621 2190 1656 parte
2212 1624 2233 1646 a

1250 1661 1390 1702 pristino
1414 1659 1502 1692 loco.
1526 1659 1677 1691 Massilia
1692 1671 1756 1690 non
1777 1660 1871 1691 estin
1885 1669 1924 1690 eo
1948 1658 2037 1696 loco,
2060 1658 2233 1699 ubiprius,

1250 1714 1336 1745 quae
1361 1710 1411 1734 est
1436 1714 1502 1734 una
1536 1704 1577 1734 de
1599 1701 1837 1734 laudatissimis
1862 1703 2009 1733 urbibus.

1338 1746 1593 1789 Hierosolymue
1624 1745 1744 1777 deletio
1779 1752 1831 1777 est
1859 1752 2087 1786 argumentum
2117 1742 2233 1776 irrefu-

1250 1789 1353 1822 tabile
1376 1791 1540 1821 adventus
1566 1790 1720 1821 Messiae.
1766 1789 1878 1820 ludaei
1908 1798 1975 1819 non
2003 1792 2145 1829 possunt
2167 1784 2233 1818 sol-

1249 1845 1338 1871 vere,
1373 1840 1407 1865 ut
1441 1843 1543 1875 saepe
1584 1843 1658 1865 cum
1692 1833 1739 1865 eis
1774 1833 1815 1864 ‹le
1846 1832 1913 1863 hoc
1940 1833 2013 1874 ipso
2036 1835 2232 1874 argumento

1250 1878 1426 1918 disputavi.

1337 1921 1514 1952 Praeterea
1549 1920 1633 1951 haec
1666 1920 1740 1960 ipsa
1774 1919 1954 1950 destructio
1985 1922 2129 1948 testatur
2157 1926 2232 1957 pro-

1250 1964 1426 1995 missiones
1450 1962 1683 2005 intelligendas
1708 1972 1784 1994 esse
1809 1962 1957 1992 debonis
1971 1961 2128 1992 aeternis.
2153 1959 2232 1991 Pro-

1250 2008 1364 2038 missio
1388 2007 1579 2048 principalis
1603 2007 1644 2037 de
1667 2006 1792 2037 Messia
1816 2005 1962 2036 continet
1979 2003 2233 2045 promissionem

1252 2052 1413 2082 bonorum
1437 2056 1661 2086 aeternorum,
1685 2059 1750 2079 non
1774 2048 1870 2080 huius
1900 2049 1998 2078 vitae.
2022 2046 2113 2078 Haec
2137 2055 2232 2077 caus-

1250 2105 1288 2125 sa
1312 2094 1411 2135 digna
1434 2099 1486 2123 est
1510 2093 1793 2123 consideratione:
1829 2098 1861 2123 et
1885 2091 1935 2122 sic
1957 2091 2102 2131 disputat
2135 2089 2233 2120 etiam

1250 2137 1450 2178 Stephaan
1474 2146 1547 2167 cum
1570 2141 1831 2177 argumentatur:
1855 2134 2048 2166 Abrahamo
2071 2138 2122 2163 est
2144 2130 2234 2163 iacta

1249 2180 1437 2222 promissio,
1461 2185 1493 2210 et
1514 2189 1580 2210 non
1604 2179 1727 2220 potitus
1751 2185 1799 2209 cst
1820 2184 1926 2214 terra,
1954 2182 1986 2208 et
2007 2184 2115 2208 tamen
2128 2180 2181 2205 est
2202 2174 2233 2206 ei

1249 2223 1397 2255 exhibita
1449 2223 1636 2264 promissio.
1703 2222 1759 2253 Sic
1805 2232 1936 2262 quoque
1981 2220 2043 2251 etsi
2083 2219 2149 2250 hoc
2181 2228 2233 2249 re-

1251 2278 1351 2309 gnum
1382 2264 1633 2306 Hierosolymae
1669 2266 1874 2303 destruetur,
1910 2271 2019 2295 tamen
2053 2261 2232 2303 promissio

1251 2309 1472 2342 exhibebitur:
1496 2309 1671 2349 etquidem
1695 2309 1759 2339 iam
1783 2308 1859 2340 data
1883 2313 1945 2345 est,
1969 2313 2001 2338 et
2014 2306 2074 2338 erit
2086 2311 2233 2343 aeterna,

1253 2354 1313 2385 sed
1336 2353 1392 2390 ita,
1415 2360 1451 2383 ut
1474 2361 1539 2382 non
1563 2352 1719 2382 attribuat
1743 2353 1840 2382 nobis
1869 2358 1993 2383 certam
2017 2347 2172 2390 politiam.
2196 2347 2233 2378 ln

1253 2397 1334 2429 Asia
1358 2395 1489 2427 fuerunt.
1514 2395 1635 2436 optima
1655 2394 1799 2436 collegia
1811 2395 1965 2426 adiuncta
1978 2391 2154 2429 Ecclesiis,
2177 2391 2233 2422 ubi

1254 2450 1342 2473 nunc
1364 2445 1415 2471 est
1438 2437 1594 2475 solitudo,
1618 2444 1650 2469 et
1673 2440 1819 2469 servitus
1838 2435 2004 2469 horribilis
2026 2436 2089 2467 sub
2101 2433 2231 2465 Tui-cis.

1254 2485 1325 2516 Nec
1348 2492 1410 2513 nos
1434 2482 1594 2513 habemus
1614 2481 1676 2512 iam
1701 2487 1822 2512 certam
1846 2487 1878 2512 et
1902 2478 2084 2512 durabilem
2108 2477 2233 2509 sedem.

1341 2525 1492 2556 Addatur
1515 2530 1625 2555 autem
1648 2525 1788 2555 caeteris
1812 2524 1941 2555 caussis
1956 2523 2050 2554 etiam
2063 2520 2131 2559 illa,
2144 2519 2233 2562 quod

1256 2569 1472 2602 Ceremoniae
1495 2577 1561 2599 non
1585 2569 1650 2598 sint
1672 2568 1793 2599 iustitia
1816 2565 1997 2608 Evangelii.

1341 2612 1434 2650 Item,
1458 2611 1546 2653 quod
1569 2621 1635 2642 non
1668 2612 1712 2642 sit
1745 2620 1898 2651 necesse,
1932 2614 2050 2652 gentes
2083 2607 2232 2649 recipere
