2374 2985
109 148 168 179 101

106 243 250 279 Aurora,
274 252 293 272 a
316 251 381 282 qua
404 239 613 281 diligebatur,
631 238 768 279 petiisse
791 238 832 268 ab
847 248 885 268 ea
899 234 1086 268 immortali·
1109 238 1112 274 1

107 291 220 316 tatem.
255 284 321 314 Sed
346 282 479 317 oblitus,
503 283 591 323 quod
615 292 680 312 non
701 286 823 311 tantum
847 279 1087 316 immortalitas,

108 339 223 360 verum
248 328 342 358 etiam
366 326 518 366 ἅγηρασία
553 325 697 365 optanda
721 322 856 359 suisset,
885 324 1016 353 tandem
1041 321 1087 352 fa-
1111 344 1113 357 .

110 378 182 403 ctus
218 380 321 401 senex
356 376 387 400 et
422 368 558 406 debilis,
592 368 681 409 petiit
705 377 725 398 a
747 376 785 397 se
809 365 879 397 tolli
902 365 966 396 hoc
990 376 1086 397 onus.
1111 367 1113 405 ξ

109 415 157 445 lta
193 422 376 444 conversus
409 417 460 443 est
489 412 520 442 in
555 411 714 448 cicadam,
747 419 832 450 quae
866 415 917 440 est
952 415 1114 446 sonora}

110 457 199 488 ilaec
222 454 334 487 fabula
357 455 522 497 significat
546 457 700 495 poemata
724 462 915 489 senescere,
935 457 1087 482 ettamen
1111 467 1113 497 3

109 498 304 530 immortalia
326 509 414 536 esse,
438 504 467 529 et
491 498 577 538 apud
601 496 827 538 posteritatem
853 495 1087 526 cresceremu-
1112 501 1113 514 ¹

110 543 322 573 mirationem.
1111 520 1114 586 l

193 584 266 626 Ego
286 590 364 625 puto
389 583 522 625 ἀκρίδων
544 581 739 614 nominehic
752 580 1088 623 signiticariccmcros,
1112 591 1114 622 ¹]

109 638 193 669 quos
216 632 424 659 nominamus
447 627 548 663 lsi-ebs,
573 624 660 656 sacto
684 623 848 655 vocabulo
873 622 926 655 vel
948 634 968 654 a
991 623 1089 665 ἀκρίς,
1112 627 1114 662 ξ

109 671 162 701 wi
181 681 201 702 a
223 671 368 712 κάραβος.
414 667 615 700 Aristoteles
644 667 701 699 lib.
725 667 756 698 9.
802 666 854 697 De
878 672 996 698 natura
1019 667 1088 697 ani-
1112 666 1115 699 ζ

110 713 240 746 malium
264 714 392 751 scribit,
414 713 502 754 quod
526 712 655 743 locusta
678 717 801 752 pugnet
831 721 905 741 cum
928 710 1088 751 serpenti-

112 759 184 795 11115,
207 763 239 788 et
263 757 395 788 occidat
418 766 488 793 eos,
511 754 741 796 praehendens
766 763 878 784 eorum
902 752 991 784 colla
1013 755 1085 783 πολ-

109 803 154 830 λοὶ
177 802 226 830 καὶ
244 799 295 838 τήν
307 799 418 841 ἄκρίδα
430 799 595 839 ἑωράκασιν
607 796 677 827 ὅταν
688 797 818 836 μαχῐῇῑηι
838 800 899 832 Τοῖς
912 796 1001 836 ὄφεσι,
1013 799 1085 835 λαμ-

109 844 259 883 βάνεσθαι
280 844 329 872 τοῦ
350 838 494 883 τραχήλου
516 842 574 872 τῶν
596 839 703 880 ὄφεων.
750 839 855 871 Etiam
879 838 1006 871 Plinius
1031 840 1086 871 iri-

112 886 179 917 buit
201 886 266 916 1100
288 884 441 917 locustis:
464 884 650 923 Serpentem,
675 884 791 924 inquit,
813 887 925 912 nec-ant
946 882 1087 922 se‘uffltlae

105 928 251 966 silue-ibus
275 930 340 957 cius
361 927 564 967 apprehensis
586 927 754 956 mordicus.

192 970 354 1002 Existimo
377 976 469 1002 recte
493 970 558 1001 hoc
582 970 643 1002 dici
668 979 770 1011 posse
794 969 835 1000 de
859 969 1008 1007 cancris,
1032 969 1086 1010 qui

106 1014 261 1045 dimicant
286 1025 359 1044 cum
382 1015 603 1055 serpentibus.
628 1013 688 1044 Est
711 1014 796 1044 enim
810 1011 963 1044 naturale
976 1012 1086 1043 odium

106 1067 301 1089 cancrorum
339 1063 372 1087 et
413 1062 622 1096 serpentum3
664 1062 696 1087 et
744 1056 857 1087 cancri
902 1055 1086 1096 apprehen-

106 1100 187 1131 dunt
209 1106 382 1140 serpentes
406 1099 523 1137 chelis,
549 1106 578 1130 et
605 1109 664 1130 cos
688 1099 897 1130 interficiunt.
932 1098 1011 1130 Inde
1034 1109 1086 1130 00-

106 1143 198 1174 035ἰο
223 1143 298 1173 data
322 1148 374 1173 est
395 1140 543 1173 fabulae:
568 1142 700 1173 Cancer
722 1147 754 1173 et
766 1151 906 1182 serpens
918 1140 1085 1173 faciebant

105 1196 170 1216 una
192 1186 264 1216 iter.
316 1185 460 1216 Videbat
483 1191 592 1216 autem
624 1195 746 1216 cancer
773 1190 960 1226 serpentem
989 1186 1084 1215 inter-

105 1229 181 1259 dum
200 1229 368 1269 progredi,
392 1228 553 1259 interdum
567 1238 670 1269 gyros
691 1227 857 1259 mirabiles
870 1226 993 1259 facere.
1017 1228 1085 1259 Mo-

104 1271 235 1314 nuitigit
248 1282 286 1302 ur
299 1281 384 1308 eum,
398 1275 433 1302 ut
446 1276 557 1302 rectus
570 1271 748 1302 incederet.
762 1271 859 1306 Quod
874 1281 948 1303 cum
960 1281 1026 1302 non
1039 1269 1084 1301 fa-

105 1320 209 1351 ceret,
243 1324 367 1345 cancer
389 1313 512 1345 collum
535 1315 605 1345 eius
629 1312 859 1354 apprehendit.
904 1313 963 1344 llle
986 1314 1086 1344 inter-

103 1355 223 1395 fectus,
252 1357 316 1388 iam
338 1363 450 1388 rectus
474 1357 614 1388 iacebat.
659 1355 790 1395 Talem,
824 1357 928 1398 inquit
951 1366 1084 1395 cancer,

103 1400 277 1440 oportebat
300 1405 332 1431 te
355 1400 464 1431 vivum
488 1400 626 1441 ingredi.
651 1399 712 1431 Est
734 1400 844 1441 imago
869 1400 1083 1432 certaminum

102 1442 186 1474 inter
209 1442 358 1474 homines
381 1449 494 1475 rectos
518 1453 558 1474 ac
581 1442 761 1485 simpliceS,
785 1450 819 1475 et
840 1443 1023 1485 sophistas.

188 1485 310 1517 Narrat
343 1486 441 1517 etiam
464 1486 642 1518 Suetonius
666 1487 699 1517 in
722 1487 789 1518 vita
811 1486 948 1525 Tiberii,
982 1487 1084 1528 quod,

103 1538 177 1560 cum
200 1527 350 1560 locustae
372 1529 436 1570 ipsi
458 1528 580 1561 allatae
603 1535 736 1567 essent,
764 1530 982 1572 exagitaverit
1004 1540 1084 1571 pue-

102 1581 179 1609 ros,
213 1572 267 1613 qui
291 1582 364 1603 cum
387 1573 461 1613 ipso
485 1578 597 1610 erant,
627 1571 732 1604 chelis
755 1573 890 1604 insertis
914 1573 946 1604 in
969 1583 1084 1605 eorum

103 1624 179 1645 ora:
203 1615 291 1656 quod
313 1614 462 1646 similiter
484 1614 632 1658 intelligo
657 1617 699 1647 de
711 1617 856 1648 cancris.
890 1616 974 1652 Quia
985 1616 1084 1658 igitur

101 1667 206 1698 prope
230 1657 402 1689 Iordanem
426 1657 589 1690 lohannes
624 1665 779 1691 versatus
809 1664 877 1697 est,
910 1660 968 1691 ubi
991 1658 1083 1690 multi

104 1701 217 1731 cancri
250 1710 288 1731 se
311 1701 510 1739 offerebant,
533 1703 652 1743 quibus
675 1713 742 1733 non
765 1701 887 1734 licebat
909 1702 1002 1734 vesci
1025 1713 1083 1743 po-

104 1740 184 1784 pulo
203 1741 307 1784 legis3
340 1744 537 1783 piscatores
570 1745 624 1786 qui
648 1744 770 1786 alioqui
793 1756 860 1776 non
883 1745 1084 1785 vendebant,

107 1795 251 1817 cancros
286 1786 315 1816 ei
349 1786 522 1817 dederunt:
556 1797 694 1827 quorum
719 1798 776 1818 esu
802 1794 979 1829 propterea
1002 1798 1083 1819 usus

107 1833 172 1859 est:
196 1834 281 1866 tum,
312 1829 387 1870 quia
411 1835 482 1860 erat
505 1830 598 1860 cibus
622 1830 665 1860 ibi
689 1831 824 1868 obvius,
854 1837 886 1862 et
909 1832 962 1872 qui
986 1829 1084 1862 facile

105 1871 214 1911 parari
240 1876 381 1911 poterat:
417 1878 483 1902 tum
506 1878 542 1903 ut
567 1873 755 1904 ostenderet
780 1873 927 1911 Iudaeis,
956 1884 995 1905 se
1016 1885 1083 1905 uon

104 1912 217 1945 facere
240 1914 415 1945 discrimen
446 1915 530 1946 inter
553 1916 660 1947 cibos.
705 1915 873 1947 Fortassis
904 1922 936 1947 et
958 1917 1022 1948 hoc
1046 1917 1085 1947 si-

107 1956 297 1998 gnificatum
321 1963 388 1995 est,
420 1956 556 1989 Iohanni
581 1959 750 1990 dissidium
775 1969 851 1990 esse
875 1969 948 1990 cum
972 1959 1086 1990 Phari-

107 2000 212 2038 saeis,
246 2006 277 2031 et
300 1999 416 2031 horum
439 1999 545 2040 colla,
580 2002 611 2032 id
636 2009 704 2036 est,
740 2003 922 2034 doctrinam
945 2003 988 2033 ab
1012 2004 1085 2044 ipso

109 2041 319 2085 strangulari,
344 2044 462 2075 taxatis
486 2054 600 2076 eorum
625 2045 804 2077 erroribus.
1107 2011 1114 2225 ⁴

321 2285 429 2335 Quid
461 2292 523 2326 est
552 2287 633 2327 mel
664 2287 871 2328 silvestre?

192 2383 291 2420 Quod
314 2385 420 2416 nostri
442 2385 591 2418 homines
615 2395 740 2420 vocant
753 2387 829 2427 mel,
853 2388 958 2428 hom'y,
981 2389 1012 2419 id
1027 2389 1084 2420 du-

107 2427 183 2468 plex
195 2434 256 2459 est.
280 2428 414 2470 (Ωραῖον,
433 2431 674 2470 tempestivum,
698 2433 786 2474 quod
810 2443 890 2474 apes
905 2431 1083 2464 conficiunt

107 2472 139 2501 in
161 2470 319 2503 alveolis:
343 2478 374 2503 et
397 2473 548 2512 ἐρεικαῖον,
570 2475 659 2515 quod
682 2486 763 2517 apes
787 2482 947 2517 spargunt
970 2476 1001 2506 in
1026 2476 1084 2507 eri-

107 2515 166 2545 ciS.
211 2514 341 2554 Ericam
364 2524 535 2554 vocamus,
554 2516 683 2558 heyden,
707 2519 789 2548 lclein
805 2519 953 2559 yepasclc,
977 2529 1083 2559 genus

105 2555 238 2588 humilis
263 2558 405 2600 virgulti.
450 2557 548 2591 Aliud
572 2567 622 2592 est
634 2561 776 2604 Myrica,
799 2573 884 2603 quae
906 2567 956 2593 est
967 2561 1083 2593 Tama-

105 2600 166 2639 rix,
190 2602 290 2633 arbor
313 2601 500 2641 mediocriS,
518 2614 584 2636 non
606 2604 734 2643 frutex,
748 2606 876 2635 *claraus
894 2616 963 2636 man
981 2605 1083 2636 muclct

790 141 1008 174 POSTILLA
1037 139 1434 172 MELANTHONIANA.

2060 143 2119 175 102

1139 235 1191 264 (1ἱο
1221 234 1345 272 (nv-her,
1381 235 1432 263 (1Ῐο
1466 245 1534 263 man
1568 234 1646 263 heis!
1676 234 1870 263 'l'aumris-vlm
1905 236 2022 266 molter.
2071 237 2119 267 Ex

1138 278 1264 318 Myrica
1301 278 1520 308 coniiciuntur
1553 276 1671 317 pocula
1706 278 1920 310 'saniariuina
1977 281 2044 311 Sed
2079 281 2120 312 de

1139 321 1203 351 hoc
1228 319 1325 352 melle
1348 321 1485 358 erit-ino,
1512 320 1564 351 1110
1588 332 1652 351 11011
1677 321 1804 352 dicitur.
1851 321 1975 353 Verum
2000 324 2031 353 in
2054 322 2119 354 illis

1138 363 1220 394 locis
1234 365 1362 405 b‘yriae,
1387 365 1477 396 circa
1490 363 1663 401 Libanum,
1687 365 1855 404 peculiare
1878 365 2032 405 quiddam
2057 373 2120 404 est,

1139 408 1226 448 quod
1252 408 1421 438 nominant
1445 406 1614 447 δροσόμελι,
1635 407 1665 437 id
1685 414 1747 445 esi,
1771 419 1872 439 rorem
1895 409 2010 447 mellis,-
2034 410 2121 441 sicut

1140 448 1328 481 Palaestina
1351 451 1447 481 etiam
1465 449 1549 481 alias
1573 449 1692 481 multas
1717 462 1771 481 res
1797 451 1910 482 habuit
1934 451 2032 483 valde
2044 463 2120 484 ›ua-

1140 503 1210 531 ves,
1246 500 1278 525 et
1310 493 1408 525 utiles
1431 494 1529 524 vitae.
1574 492 1698 524 Dessuii
1720 495 1805 524 ¹sicut.
1828 504 1895 531 ros,
1915 495 1946 525 in
1970 496 2119 527 arbores.

1138 536 1261 567 Postea
1285 535 1491 579 coagulatuS,
1515 546 1575 568 seu
1597 537 1734 568 duratus
1748 536 1980 578 aliquantulum
1994 539 2024 569 in
2044 549 2121 581 gru·

1139 590 1222 618 mos,
1246 581 1406 620 excipitur
1425 578 1568 621 pellibus
1593 586 1623 611 et
1643 579 1822 622 colligitur.
1868 580 1927 611 Est
1952 591 2006 612 res
2021 580 2120 613 valde

1139 624 1237 657 bona,
1262 625 1367 654 instar
1390 623 1638 665 generosissimi
1662 625 1807 659 saccari;
1832 629 1864 654 et
1888 636 1927 655 ex
1952 623 2119 655 illisionis

1139 665 1268 697 vehitur
1291 666 1368 705 alio,
1392 667 1477 697 sicut
1500 667 1608 697 adhuc
1632 665 1730 697 hodie
1754 667 1883 697 vehitur
1897 667 2067 706 venetias,
2088 674 2120 699 et

1139 719 1179 740 ex
1203 709 1353 742 Veneriis
1387 710 1419 740 in
1453 708 1517 740 alia
1551 709 1636 740 loca.
1681 709 1716 740 ln
1752 709 1946 751 Myropoliis
1981 717 2120 742 vocatur

1138 755 1262 784 Annua.
1308 753 1367 783 Est
1391 758 1500 784 autem
1524 753 1633 794 imago
1657 752 1804 793 pulchra.
1851 753 1992 784 loannes
2015 754 2120 795 pasci-

1139 802 1191 826 tur
1213 806 1289 827 rore
1312 795 1466 827 coelesti:
1500 797 1530 827 id
1555 803 1616 833 est,
1641 797 1788 827 doctrina
1814 797 1910 828 debet
1934 807 2011 828 esse
2035 808 2120 829 sum-

1138 845 1195 880 pta
1217 851 1237 870 a
1260 839 1346 878 Deo,
1370 850 1437 871 non
1460 840 1557 870 debet
1582 849 1658 870 esse
1681 838 1841 871 fabricata
1865 851 1884 871 a
1908 841 2015 871 nobis.

1185 988 1300 1038 Quae
1333 989 1587 1029 liberationes
1619 989 1659 1029 in
1692 989 1856 1029 historia
1887 989 2076 1030 Iohannis

1477 1084 1783 1138 conspiciuntur.

1225 1183 1259 1213 ln
1293 1182 1479 1224 Epiphanio
1513 1184 1686 1221 scribitur,
1732 1184 1820 1225 quod
1860 1195 1934 1215 cum
1969 1184 2122 1215 Herodes

1138 1227 1302 1267 quaesivit
1323 1226 1505 1258 infantulos
1528 1227 1788 1265 interficiendos,
1812 1226 1987 1258 Elizabeth
2010 1237 2121 1259 seces-

1138 1270 1218 1300 serit
1251 1268 1338 1300 ultra
1360 1270 1532 1301 Iordanem
1567 1280 1642 1300 cum
1676 1269 1801 1302 infante
1835 1270 1998 1309 Iohanne,
2032 1277 2065 1301 et
2087 1272 2121 1302 in

1137 1321 1242 1353 specu
1276 1322 1348 1344 eum
1377 1311 1514 1351 aluerit,
1544 1316 1651 1345 donec
1675 1314 1817 1344 cessarit
1839 1312 1897 1345 illa
1919 1315 2120 1355 persecutio.

1137 1354 1237 1386 Pater
1259 1355 1414 1387 Iohannis
1438 1356 1630 1394 Zacharias,
1652 1355 1847 1388 interfectus
1871 1363 1936 1397 est,
1960 1368 2035 1388 cum
2065 1358 2122 1389 da·

1137 1404 1188 1429 ret
1211 1400 1446 1438 testimonium,
1471 1400 1561 1441 quod
1583 1399 1729 1431 Messias
1754 1406 1846 1432 esset
1870 1400 2047 1432 exhibitus.
2084 1400 2122 1432 Id

1136 1448 1250 1473 narrat
1272 1442 1429 1481 BasiliuS,
1453 1443 1508 1485 qui
1531 1443 1610 1474 dicit
1632 1444 1665 1475 in
1688 1442 1812 1484 templo
1825 1443 2122 1476 eumintersectum

1137 1495 1225 1517 esse.
1271 1486 1369 1522 Quod
1392 1487 1568 1518 admodum
1592 1493 1852 1518 consentaneum
1875 1487 2020 1519 videtur:
2044 1487 2121 1529 quia

1138 1527 1290 1561 Christus
1304 1530 1420 1571 inquit:
1444 1530 1546 1560 Erunt
1568 1532 1616 1559 rei
1637 1532 1800 1569 stmfflu'nis
1823 1534 1951 1560 (111101ίο
1962 1530 2049 1564 Abel,
2074 1541 2121 1560 us-

1135 1582 1192 1612 que
1226 1573 1269 1602 acl
1291 1573 1488 1603 Zachariam.
1534 1572 1570 1605 Id
1598 1572 1747 1616 intelligo
1777 1573 1818 1605 de
1842 1573 2006 1605 Zacharia
2027 1579 2122 1615 patre

1136 1615 1304 1648 Iohannis.

1197 1763 1297 1814 Quis
1327 1763 1402 1804 suit
1435 1763 1567 1804 exitus
1598 1764 1788 1806 Iohannis
1820 1765 2056 1820 Baptistae?

1793 1872 1945 1906 videlicet.
1987 1874 2118 1906 biennii.

1138 1916 1238 1947 Scitis
1273 1922 1400 1953 autem,
1434 1917 1599 1957 quomodo
1635 1917 1676 1947 >it
1698 1916 1894 1948 interfectus
1918 1919 1959 1948 ab
1983 1916 2037 1948 illa
2061 1919 2119 1949 im-

1137 1959 1223 1990 mani
1247 1957 1356 1990 bellua
1370 1958 1514 1990 Herode.
1556 1959 1628 1990 Hoc
1653 1966 1703 1991 est
1726 1959 1824 1991 valde
1847 1960 2006 1999 mirabile,
2029 1961 2119 2002 quod

1137 2002 1313 2042 praecipua
1338 2001 1459 2033 lumina
1471 2001 1645 2034 Ecclesiae
1668 2008 1733 2034 tam
1756 2002 1987 2035 miserabiliter
2011 2004 2120 2035 interi-

1137 2051 1278 2077 muntur.
1323 2045 1468 2076 Mundus
1498 2052 1530 2076 et
1556 2047 1640 2077 ratio
1669 2045 1854 2078 offenditur.
1899 2047 2024 2078 Iudicat
2057 2057 2118 2078 eos

1136 2087 1210 2120 Deo
1234 2098 1301 2119 non
1325 2098 1401 2120 esse
1425 2098 1542 2125 cu1⁴ae;
1563 2090 1649 2121 sicut
1675 2088 1817 2121 clamant
1841 2089 2011 2121 Pharisaei
2025 2090 2119 2121 Chri-

1136 2137 1188 2162 sto
1212 2132 1380 2173 pendente
1403 2132 1435 2163 in
1459 2142 1575 2163 cruce:
1620 2132 1658 2162 Si
1680 2143 1711 2162 es
1735 2133 1836 2162 Filius
1859 2133 1939 2167 Dei,
1965 2133 2118 2163 descende

1137 2175 1176 2204 de
1193 2185 1299 2204 erm-e.
1344 2174 1503 2206 Homines
1527 2176 1671 2207 iudicant
1694 2187 1734 2207 ex
1757 2183 1894 2207 eventu:
1919 2182 1949 2207 ct
1974 2177 2118 2217 nosipsi

1136 2218 1308 2256 miramur,
1338 2229 1442 2259 quare
1464 2228 1531 2253 11011
1555 2217 1711 2251 defendat
1733 2218 1826 2251 Deus
1849 2230 1930 2251 suos
1954 2220 2118 2251 adversus

1137 2267 1308 2302 tyrannos.
1354 2262 1421 2293 Sed
1444 2261 1499 2294 hic
1517 2263 1694 2304 cogitanda
1716 2268 1767 2293 est
1790 2263 1923 2304 propria
1942 2262 2118 2294 Ecclesiae

1136 2304 1310 2345 sapientia,
1333 2315 1419 2346 quae
1441 2306 1550 2343 docet,
1574 2312 1606 2337 et
1629 2306 1717 2347 quod
1740 2307 1782 2337 sit
1806 2307 1837 2336 in
1860 2305 1924 2337 hac
1947 2307 2014 2337 vita
2026 2306 2118 2337 cruci

1136 2348 1285 2379 subiecta
1308 2347 1471 2385 Ecclesia,
1495 2355 1526 2379 et
1550 2360 1610 2380 cur
1632 2349 1674 2380 sit
1697 2349 1858 2380 subiecta.

1222 2390 1453 2422 Discernenda
1488 2398 1565 2422 sunt
1595 2393 1692 2423 etiam
1725 2402 1850 2433 genera
1881 2390 2116 2429 calamitatum,

1136 2433 1291 2465 videlicet
1313 2433 1398 2466 haee
1421 2440 1579 2476 quatuor:
1602 2439 1760 2476 τιμωρίαι,
1792 2434 1982 2473 domama„
2005 2435 2116 2475 μαρτύ-

1136 2489 1198 2517 ρια,
1217 2483 1250 2508 et
1272 2477 1385 2519 λύτρον,
1408 2479 1497 2519 quod
1521 2484 1571 2509 est
1595 2479 1725 2509 unicum
1745 2477 1801 2508 filii
1818 2477 1881 2508 Dei
1905 2477 2114 2509 sacrificium.

1139 2522 1303 2561 Τιμωρίαι,
1327 2527 1404 2552 sunt
1427 2531 1556 2562 poenae
1580 2528 1743 2552 certorum
1759 2519 1966 2558 delictorum,
1990 2528 2023 2552 ut
2048 2521 2116 2551 exi-

1134 2562 1211 2594 lium
1230 2563 1380 2595 Davidis.
1421 2565 1613 2603 Δοκιμασίαι,
1637 2570 1713 2595 sunt
1735 2564 1892 2595 exercitia
1914 2564 2056 2604 pietatis,
2081 2570 2116 2594 ut

1135 2617 1252 2639 carcer
1274 2607 1402 2649 loseph.
1448 2603 1622 2648 Μαριύρια,
1645 2613 1721 2638 sunt
1739 2607 1927 2638 testimonia
1945 2607 2116 2638 doctrinae

1873 2665 1911 2690 70

1223 1872 1344 1903 Habuit
1379 1873 1480 1904 breve
1524 1872 1724 1904 curriculum
1732 1897 1741 1912 ,
