2343 2970
75 196 139 228 337

77 327 198 377 Quod
231 332 292 366 est
323 332 474 383 eaput,
513 326 578 365 vel
623 340 781 367 summa
814 325 932 366 huius
964 340 1056 366 nar-

473 403 636 444 rationis
647 402 666 442 ⁴?

162 504 269 535 Docet
297 503 338 533 de
362 502 550 534 discrimine
581 503 722 534 iustitiae
742 502 972 539 Pharisaicae,
1003 501 1057 533 vel

75 545 270 584 rationalis,
287 544 342 577 vel
364 544 627 587 philosophicae,
659 544 719 576 vel*
736 544 929 586 disciplinae
952 550 1058 575 exter-

76 601 149 628 nae,
172 596 204 620 et
238 590 381 620 iustitiae
405 587 590 630 Evangelii.
648 588 848 619 Pharisaeus
883 588 1058 629 magnifice

98 633 237 666 l'oriatur
261 633 302 663 de
325 642 386 663 sua
410 630 597 672 disciplina,
625 642 722 673 quam
746 637 837 672 putat
869 641 945 662 esse
969 632 1058 661 iusti-

74 683 153 708 tiam
182 685 293 707 coram
313 674 399 706 Deo.
456 673 617 705 Etfcerte
648 685 760 705 coram
795 675 982 705 hominibus
1006 680 1059 705 est

74 729 230 761 magnum
260 718 379 756 decus,
415 718 502 750 sicut
525 727 627 760 saepe
661 718 781 749 auditis
816 718 909 748 citari
935 718 1057 749 dictum

75 760 284 794 Aristotelis:
308 761 420 802 Neque
442 761 607 800 hesperus,
631 770 730 801 neque
751 758 869 799 lucz'fer
900 764 964 791 tam
984 758 1057 800 for-

75 816 181 837 mosus
204 809 262 842 est,
285 814 380 848 qluam
402 804 536 835 institia.
583 803 745 847 Loquitur
773 809 880 836 autem
905 803 945 834 de
969 803 1058 835 iusti-

75 851 132 888 tia,
155 858 240 890 quae
263 853 315 878 est
338 853 474 878 externa
493 846 652 878 honestas
677 848 774 879 vitae.

163 891 244 923 C'um
267 889 351 932 legis
374 890 406 921 in
429 889 524 920 Livio
548 890 588 920 (le
609 890 774 931 Scipione,
799 896 828 921 et
854 890 886 920 in
910 888 1057 920 Salustio

76 936 117 966 de
140 933 291 971 Catilina,
314 938 386 967 uter
410 933 515 974 magis
539 931 670 972 placet?
705 933 816 974 Scipio
841 943 905 964 non
929 933 1060 974 attingit

75 987 232 1019 sponsam
252 975 400 1013 alterius,
425 981 539 1007 servat
559 975 673 1014 fidem,
703 982 852 1016 praestat
882 977 1059 1017 promissa,

74 1030 240 1062 nunquam
258 1019 430 1053 irascitur,
462 1019 549 1049 venit
573 1020 614 1050 ad
638 1019 817 1050 exercitum
852 1025 941 1051 mota
975 1019 1059 1050 sedi-

75 1057 178 1099 tione}
209 1073 305 1104 quam
329 1062 468 1102 primum
491 1062 608 1103 incipit.
636 1061 743 1104 loqui3
778 1068 868 1094 totus
891 1063 1060 1093 exercitus

75 1105 197 1138 clamat
219 1115 256 1137 se
285 1106 598 1147 obtemperaturum.

75 1150 157 1181 cius¹
170 1149 302 1180 virtute.

162 1191 302 1225 Catilina
341 1192 385 1222 ist
423 1191 472 1221 ein
518 1191 611 1222 bo’ser
644 1191 762 1222 leclser:
808 1190 963 1222 interficit
997 1191 1059 1232 pri-

74 1236 227 1277 vignum:
273 1240 381 1265 movet
414 1234 610 1265 seditionem
652 1240 767 1266 contra
797 1233 1058 1275 Rempufflicam,

74 1279 223 1320 adiungit
258 1277 320 1308 sibi
354 1275 478 1308 multos
501 1276 736 1309 adolescentes
761 1276 909 1315 nobiles,
946 1283 977 1308 et
1001 1286 1059 1308 eos

75 1320 221 1363 implicat
255 1320 424 1352 seditiosis
458 1321 527 1351 suis
563 1320 724 1358 consiliis,
758 1327 794 1351 ut
828 1327 966 1362 pereant
994 1330 1060 1353 una

77 1375 151 1396 cum
174 1365 257 1405 ipso.

163 1406 269 1442 Quam
292 1406 388 1446 pauci
408 1412 501 1444 sunt,
534 1406 588 1447 qui
610 1407 740 1447 possint
763 1406 875 1437 dicere
898 1416 973 1436 eum
995 1405 1058 1437 isto

74 1449 277 1481 pharisaeo:
301 1448 377 1480 Non
394 1459 462 1480 sum
484 1449 567 1480 sicat
590 1450 723 1488 caeteri,
747 1453 913 1490 raptores,
938 1449 1060 1487 iniusti,

75 1493 229 1531 adulteri,
259 1492 384 1531 Ieiuno,
418 1493 462 1523 do
484 1493 640 1533 decimas,
676 1498 740 1524 etc.
798 1492 884 1523 Item·
906 1503 973 1524 non
1009 1498 1061 1524 est

75 1535 275 1568 Pharisaeus
310 1535 376 1567 ille·
401 1534 589 1567 idololatra.
656 1536 731 1567 Non
772 1536 936 1578 cogitate,
972 1536 1061 1577 quod

77 1577 248 1610 Pharisaei
271 1578 572 1611 suerint-eiusmodi
596 1578 794 1618 nebulones,
818 1585 854 1610 ut
874 1584 951 1610 sunt
968 1577 1060 1610 multi

78 1629 119 1651 ex
147 1623 382 1663 impostoribus
406 1621 592 1653 Monachis.
646 1622 695 1653 Re
716 1623 805 1663 ipsa,
839 1632 906 1653 non
935 1627 1061 1653 tantum

78 1663 239 1701 simulate,
268 1665 434 1697 duxerunt
451 1674 606 1706 magnum
631 1666 735 1696 decus
758 1676 835 1697 esse
853 1664 1060 1697 honestatem

76 1706 172 1738 vitae.
219 1707 261 1737 Et
284 1714 374 1737 certe
397 1706 477 1740 nihil
500 1713 550 1738 est
562 1707 678 1738 melius
696 1709 878 1740 secundum
896 1715 1060 1746 naturam,

79 1751 167 1791 quod
190 1750 298 1789 possit
321 1759 397 1780 esse
430 1750 463 1779 in
497 1760 563 1780 non
598 1757 734 1788 renato,
769 1761 867 1792 quatu
901 1750 959 1782 illa
989 1752 1062 1792 ipsa

79 1792 164 1824 vitae
188 1791 349 1823 honestas
374 1797 404 1823 et
429 1791 612 1833 disciplina.

164 1833 328 1867 luvenalis
353 1836 567 1876 conqueritur
589 1846 716 1876 paucos
739 1846 816 1866 esse
839 1834 934 1867 tales.

654 1105 760 1136 Tanta
790 1104 849 1137 fuit
885 1106 994 1148 opinio
1019 1106 1059 1136 de

206 1894 359 1926 Omnibus
383 1899 416 1927 ln
439 1896 546 1934 terris,
567 1906 651 1936 qnae
665 1900 739 1927 suut
757 1907 778 1926 a
799 1895 946 1927 Gadibus
963 1906 1063 1938 usque

204 1938 370 1969 Auroram
393 1942 423 1968 et
437 1938 587 1979 szyen,
605 1940 705 1978 pauet?
722 1939 911 1980 (liquescere
927 1942 1062 1980 possunt

211 1980 296 2011 Vera
320 1981 413 2021 boun,
437 1985 496 2013 etc.

164 2057 264 2087 ltem:
294 2056 353 2088 Vix
376 2058 516 2089 invenies
538 2059 645 2089 multis
668 2058 708 2089 (le
726 2059 863 2091 millibus
886 2068 990 2090 unum.

163 2099 220 2130 Et:
246 2100 334 2131 Rari
354 2102 471 2141 quippe
494 2101 586 2132 boni.-
607 2103 662 2132 εἰ]
685 2106 757 2133 sunt
769 2096 900 2133 tumuere
918 2102 1059 2140 tolidem,

206 2146 282 2182 quot

166 2185 344 2216 Thebarum
363 2190 494 2225 portae,
517 2188 566 2218 vel
589 2188 702 2219 dicitis
724 2189 810 2219 ostia
833 2188 914 2219 ΝιἸί.

164 2262 272 2293 Valde
296 2263 392 2303 pauci
417 2269 505 2300 sunt,
530 2265 585 2305 qui
608 2271 768 2307 reguntur
792 2265 978 2306 disciplina,
1004 2266 1059 2307 qui

79 2311 181 2346 agunt
203 2306 303 2336 vitam
326 2304 538 2346 inculpatam.
580 2307 716 2340 Etiamsi
739 2319 804 2339 non
830 2316 879 2340 est
902 2310 934 2339 iu
960 2309 1059 2340 omni-

79 2349 141 2379 bus
154 2347 433 2386 tatis-enormitas,
453 2348 723 2390 (pialetniudicat
743 2351 923 2389 lus—civile,
950 2358 1058 2382 tamen

79 2391 209 2422 suntin
243 2391 354 2422 multis
389 2390 509 2423 delicta
545 2394 716 2432 eiusmodi,
748 2405 832 2436 quae
855 2396 1056 2426 conscientia

78 2433 210 2472 iudicat,
233 2441 263 2465 et
287 2433 546 2476 intellig-inesse
567 2436 697 2468 delicta.
738 2437 813 2470 lura
836 2438 969 2479 publiea
993 2448 1058 2469 non

78 2477 213 2518 puniunt
233 2478 485 2515 scortationem3
520 2485 552 2509 et
586 2486 693 2511 tamen
729 2488 779 2511 est
808 2492 962 2523 inagnum
983 2491 1058 2522 pec-

79 2525 206 2557 catum,
237 2526 267 2550 et
292 2520 422 2561 quidem
447 2526 562 2552 contra
587 2524 836 2555 conscientiam.
883 2523 954 2567 Ego
979 2523 1059 2556 mul-

78 2567 129 2592 tos
164 2563 258 2600 novi,
292 2563 346 2604 qui
376 2563 541 2602 dicebant,
575 2575 612 2596 se
645 2565 726 2597 nihil
759 2566 907 2599 facturos
943 2573 1059 2598 contra

77 2605 294 2636 honestatem.
357 2605 398 2636 Et
432 2608 560 2638 memini
595 2610 755 2650 quosdam
790 2611 958 2651 principes
995 2611 1059 2642 hoc

765 192 980 225 POSTILLA
1003 192 1405 224 MELANTHONIANA.

1082 793 1088 1050 ι

2029 192 2093 226 338

1110 287 1318 318 honestatem
1347 287 1427 318 fieri.
1488 286 1607 318 Videte
1642 286 1787 319 illustres
1825 286 1966 319 familias-
2007 288 2092 328 priu-

1111 331 1237 370 cipum,
1282 331 1447 371 quomodo
1483 331 1544 361 sibi
1589 330 1781 372 indulgeant
1816 332 1846 361 in
1890 329 2092 362 libidinibus.

1111 373 1213 414 Igitur
1233 379 1396 414 vagantur
1421 373 1516 404 etiam
1540 384 1681 415 poenae,
1707 385 1855 415 quarum,
1881 374 1941 404 etsi
1966 374 2094 414 privata

1111 426 1243 457 quoque
1267 415 1418 456 exempla
1443 415 1545 448 multa
1568 424 1655 450 sunt,
1681 423 1791 448 tamen
1810 428 1895 458 quae
1919 417 1951 448 iu
1974 417 2094 457 princi-

1111 470 1186 499 pum
1210 457 1340 489 fannliis
1366 459 1463 497 liunt,
1497 466 1575 491 suut,
1609 461 1713 501 magis
1744 461 1936 501 conspicua.
1987 459 2093 501 Τὰγάρ

1110 503 1168 532 τῶν
1189 504 1339 541 βασιλέων
1361 502 1468 538 πάντες
1492 504 1585 534 ἴσασι.
1628 503 1758 534 Memini
1783 504 1965 543 sapientem
1990 503 2095 533 virum

1112 544 1284 583 Comitem,
1308 545 1361 586 qui
1386 551 1418 576 et
1441 547 1559 577 doctus
1584 553 1665 583 erat,
1690 553 1721 577 et
1741 545 1926 577 excellebat
1949 546 2094 587 ingenio,

1112 594 1144 619 et
1168 595 1239 618 erat
1262 599 1390 619 summo
1415 599 1537 630 genere
1561 595 1680 627 natus„
1696 596 1727 621 et
1744 590 1905 621 industria
1925 600 1965 620 ac
1984 587 2096 619 multis

1112 631 1241 672 maguis
1266 632 1365 662 rebus
1391 631 1514 663 clarus.
1572 631 1631 663 Ille
1665 643 1731 664 non
1768 634 1900 664 vivebat
1930 632 2096 670 modeste;

1112 684 1185 705 cum
1206 675 1359 714 periisset
1383 676 1411 705 ei
1440 674 1526 706 lilius
1556 677 1723 710 incendio,
1759 682 1791 706 et
1821 677 1961 706 caeteris
1998 675 2095 706 etiam

1111 717 1227 748 liberis
1252 716 1353 748 multa
1376 717 1459 748 mala
1484 719 1705 751 accidissent:
1730 719 1830 751 Deus,
1855 720 1975 760 inquit,
2004 718 2097 758 punit

1111 770 1180 791 mea
1202 765 1339 800 peccata
1361 762 1394 791 in
1412 765 1537 792 semme.
1583 763 1649 793 Sed
1677 768 1785 793 tamen
1814 762 2096 793 nonemendabat

1111 814 1158 835 se⁴
1204 802 1348 834 Tandem
1373 814 1447 835 cum
1465 804 1672 836 occultasset
1695 815 1733 836 se
1756 806 1789 835 in
1812 804 1922 837 coloni
1945 805 2097 841 aedibus,

1113 847 1315 886 stuprandae
1349 847 1420 878 cius
1455 848 1606 889 coniugis
1648 849 1771 890 gratia,
1805 847 1999 880 interfectus
2034 853 2096 878 est.

1111 888 1203 920 Talia
1226 888 1378 931 exempla
1401 890 1510 921 iudicii
1533 892 1631 923 divini
1657 902 1723 923 non
1747 898 1824 922 sunt
1845 890 2098 923 contemnenda.

1111 932 1219 963 Habet
1254 943 1315 964 sua
1350 934 1496 974 praemia
1531 935 1628 966 etiam
1656 936 1688 966 in
1723 934 1786 966 hac
1821 936 1889 966 vita
1924 932 2100 974 disciplina

1112 976 1261 1007 honesta.
1308 976 1504 1008 licontrario
1528 976 1710 1009 infallibilis
1734 985 1785 1008 est
1808 976 1944 1019 regula:
1968 977 2099 1009 Atracia

1111 1020 1228 1051 delicta
1257 1022 1439 1058 puniuntur
1468 1022 1629 1053 atrocibus
1655 1025 1780 1062 poenis.
1832 1020 1895 1056 Qui
1925 1031 1991 1052 non
2021 1024 2100 1051 sunt

1113 1068 1330 1100 scortatores,
1360 1062 1499 1101 moechi,
1534 1071 1704 1106 raptores,
1737 1064 1935 1102 homicidae,
1970 1061 2099 1105 regulas

1113 1106 1191 1136 riter
1214 1105 1328 1136 vivunt
1350 1105 1528 1147 tranquilli.

1199 1148 1234 1178 ln
1258 1147 1403 1180 historiis
1433 1150 1617 1191 principum
1649 1149 1747 1181 valde
1777 1156 1907 1192 gratum
1936 1156 1990 1181 est
2012 1149 2099 1190 aspi-

1113 1201 1192 1223 cere
1221 1190 1373 1233 exempla
1407 1193 1643 1224 moderationis
1678 1195 1764 1231 irae,
1800 1204 1885 1235 quae
1926 1194 2022 1224 etiam
2057 1191 2101 1224 ad

1113 1234 1322 1275 disciplinam
1345 1236 1504 1275 pertinet:
1540 1237 1617 1278 quia
1642 1235 1818 1278 disciplina
1845 1242 1897 1267 est
1924 1236 2029 1267 rectio
2051 1234 2099 1266 lo-

1113 1278 1308 1315 comotivae,
1332 1279 1513 1310 secundum
1528 1280 1637 1310 omnia
1648 1285 1829 1321 praecepta
1841 1279 1926 1322 legis
1949 1285 2099 1310 naturae·

1198 1320 1276 1351 Dux
1295 1320 1497 1360 Friderieus,
1522 1322 1688 1354 Saxoniae
1716 1321 1863 1362 Elector,
1886 1322 2100 1364 quandocun-

1113 1373 1178 1405 que
1200 1363 1304 1394 iratus
1327 1362 1400 1402 fuit,
1425 1366 1569 1397 secessit
1591 1367 1624 1397 in
1651 1365 1840 1398 cubiculum
1870 1376 1965 1398 suum
1994 1364 2101 1404 solus,

1113 1413 1145 1438 et
1167 1405 1249 1438 nulli
1273 1408 1443 1439 concessit
1461 1409 1585 1440 aditum
1607 1409 1652 1440 ad
1673 1419 1723 1448 se,
1748 1411 1856 1441 donec
1875 1408 1986 1451 aliquo
2000 1409 2101 1440 modo

1112 1449 1162 1494 ira
1185 1447 1418 1482 deferbuisset.
1455 1451 1578 1484 Postea
1590 1451 1678 1484 ultro
1703 1453 1797 1484 rediit
1821 1453 1863 1485 ad
1877 1463 1970 1485 suOS.
2001 1451 2101 1493 Apud

1113 1492 1294 1525 Homerum
1322 1493 1436 1526 Pallas
1463 1496 1555 1527 iubet
1582 1494 1750 1528 Achillem
1780 1498 1899 1528 iratum
1927 1496 2103 1528 discedere

1113 1537 1154 1567 ab
1179 1536 1443 1578 Agamemnone.
1501 1538 1744 1571 Maximilianus
1781 1539 1974 1581 imperator,
2003 1540 2102 1571 huius

1113 1580 1254 1611 nominis
1277 1581 1422 1621 primus,
1457 1582 1555 1613 etiam
1579 1581 1639 1614 fuit
1675 1582 1774 1614 valde
1808 1584 2005 1622 iracundus,
2042 1583 2103 1614 sed

1113 1623 1220 1664 potuit
1242 1623 1304 1655 sibi
1328 1625 1508 1656 moderari:
1532 1626 1629 1657 sicuti
1648 1632 1681 1658 et
1703 1627 1736 1658 in
1760 1627 1903 1659 caeteris
1926 1626 2102 1658 affectibus

1114 1666 1177 1697 sibi
1201 1672 1386 1707 temperare
1410 1674 1462 1699 est
1485 1668 1614 1701 solitus
1666 1669 1749 1701 Cum
1779 1671 1820 1702 de
1849 1669 1917 1701 filio
1946 1680 2007 1702 suo
2027 1670 2104 1701 Phi-

1086 1721 1089 1730 ·
1113 1707 1203 1749 lippo
1233 1719 1313 1751 rege
1343 1710 1594 1752 Hispaniarum,
1625 1718 1719 1753 patre
1748 1711 1860 1744 Caroli
1883 1713 1936 1750 V„
1961 1713 1991 1744 ei
2015 1714 2102 1744 dice·

1114 1758 1245 1782 ceretur
1268 1753 1309 1783 ab
1331 1752 1394 1784 alia
1418 1759 1514 1794 posta
1543 1753 1644 1785 aliter·
1662 1761 1762 1796 atque
1785 1755 1899 1794 aliter,
1933 1756 1997 1787 ium
2028 1766 2101 1787 eum

1086 1830 1090 1840 .
1113 1804 1230 1825 sanum
1253 1805 1342 1833 esse,
1374 1802 1406 1826 et
1431 1797 1515 1827 bene
1538 1796 1679 1835 habere,
1715 1799 1778 1829 iam
1802 1800 1918 1830 iterum
1943 1799 2100 1837 deterius,

1113 1836 1219 1867 semel
1242 1838 1330 1868 venit
1356 1849 1441 1869 unus
1465 1841 1609 1875 nuntius,
1633 1842 1687 1882 qui
1712 1842 1805 1879 dixit,
1830 1852 1903 1873 eum
1925 1852 2002 1873 esse
2016 1853 2102 1873 mor-

1114 1885 1214 1910 tuum.
1250 1879 1448 1912 Consultant
1472 1883 1527 1914 diu
1551 1884 1635 1914 inter
1659 1894 1696 1915 se
1718 1885 1908 1923 consiliarii,
1934 1886 2100 1926 quomodo

1112 1923 1156 1954 ad
1179 1921 1435 1955 Maximilianum
1465 1925 1588 1957 vellent
1611 1927 1732 1958 dicere.
1792 1927 1917 1959 Intrant
1947 1929 1979 1959 in
2011 1929 2100 1960 cubi-

1086 1966 1090 2012 ]
1114 1964 1224 1996 culum
1248 1967 1330 1997 eius.
1376 1967 1495 1999 Statim
1518 1970 1602 2010 ipse,
1637 1980 1710 2001 eum
1734 1971 1878 2002 intuetur
1902 1982 1974 2009 eos,
1997 1982 2103 2013 agno·

1086 2016 1089 2054 j
1113 2009 1176 2040 scit
1202 2007 1302 2040 filium
1327 2019 1402 2041 esse
1432 2018 1613 2050 mortuum,
1647 2019 1680 2044 et
1702 2014 1832 2054 incipit:
1868 2017 1914 2047 Ist
1947 2024 1984 2046 er
2007 2015 2102 2045 todt?

1114 2051 1332 2092 Respondent
1355 2052 1420 2084 illi:
1454 2057 1502 2093 lu,
1539 2054 1706 2097 Gnedz‘yer
1740 2057 1842 2095 Herr,
1879 2058 1957 2089 Gott
1991 2068 2045 2099 seg]
2068 2067 2101 2090 es

1110 2094 1257 2135 yekluyt:
1281 2095 1411 2128 Postea.
1427 2099 1535 2130 triduo
1560 2109 1597 2130 se
1620 2099 1754 2131 inclusit
1784 2102 1814 2131 in
1845 2100 2044 2140 cubiculum,
2069 2107 2101 2132 et

1112 2136 1191 2169 nihil
1215 2140 1358 2170 comedit
1382 2151 1489 2182 neque
1519 2142 1617 2180 bibit,
1654 2150 1685 2174 et
1710 2145 1856 2175 intentus
1890 2145 1950 2176 fuit
1984 2155 2101 2185 preca-

1112 2181 1267 2213 tionibus.
1314 2182 1454 2215 Postero
1479 2185 1530 2215 die
1555 2186 1641 2216 venit
1664 2187 1706 2217 ad
1731 2198 1805 2218 eum
1830 2187 1929 2218 szt:
1950 2198 2010 2219 ron
2038 2188 2100 2218 Ro-

1111 2223 1329 2261 sen‚.facetus
1352 2226 1464 2265 homo,
1492 2227 1667 2260 veletiam
1697 2240 1832 2268 scurra,
1863 2241 1960 2272 quem
1985 2230 2100 2273 dilige-

1112 2267 1167 2298 bat
1201 2273 1309 2299 tamen
1335 2270 1597 2311 Maxnnilianus,
1633 2273 1709 2314 quia
1744 2273 1850 2304 fuerat
1885 2285 1959 2305 cum
1996 2285 2036 2305 eo
2067 2275 2100 2304 in

1113 2320 1248 2342 carcere
1270 2312 1303 2342 in
1327 2311 1455 2354 Belgio.
1509 2314 1568 2346 llle
1591 2315 1695 2347 voluit
1731 2316 1853 2347 intrare
1881 2318 1923 2348 ad
1952 2316 2100 2348 Maximi-

1085 2382 1087 2393 1
1112 2352 1246 2391 lianum,
1269 2355 1415 2395 pulsavit
1439 2358 1579 2388 ianuam,
1632 2359 1813 2400 Respondit
1838 2358 2099 2392 Maximilianus:

1083 2396 1088 2455 ¹¹
1112 2396 1254 2432 Guntzle’,
1277 2399 1331 2429 abi
1356 2400 1429 2438 iam,
1454 2411 1488 2431 es
1513 2402 1555 2432 ist
1578 2403 1619 2432 iz:
1642 2404 1708 2432 mid
1732 2403 1815 2433 m'rhl
1839 2407 1910 2440 zeii,
1934 2410 1965 2434 et
1989 2404 2099 2444 prohi-

1084 2456 1088 2481 ι
1113 2441 1252 2471 buerunt
1276 2440 1475 2481 Consiliarii,
1500 2455 1542 2475 ne
1560 2444 1700 2486 amplius
1726 2445 1885 2486 pulsaret.
1932 2446 2013 2477 Post
2038 2452 2099 2478 ter-

1085 2483 1192 2514 {tium
1225 2484 1310 2515 diem
1339 2484 1425 2518 ultro
1462 2488 1630 2529 egreditur
1667 2488 1809 2527 Caesar,
1843 2495 1873 2520 e*
1909 2490 2000 2521 iubet
2035 2491 2099 2522 sibi

1111 2528 1263 2567 apparari
1301 2538 1458 2568 coenam,
1483 2536 1514 2561 et
1538 2532 1695 2562 advocari
1726 2531 1888 2563 musicos.
1939 2532 2099 2564 Adhibuit

1111 2570 1205 2600 etiam
1234 2571 1401 2613 principes
1432 2574 1613 2614 quosdam,
1650 2575 1846 2615 quibuscum
1884 2574 2015 2607 locutus
2046 2583 2099 2607 est

1110 2612 1143 2642 in
1167 2622 1288 2652 coena„
1324 2616 1364 2646 de
1388 2615 1526 2657 Imperio
1552 2623 1584 2647 ct
1606 2624 1711 2648 morte
1735 2616 1809 2655 filii,
1843 2624 1877 2649 ct
1899 2617 1972 2649 aliis
1995 2620 2097 2651 rebus

78 2647 215 2679 dixisse:
238 2648 335 2679 iidem
358 2654 465 2680 tamen
490 2649 645 2685 volebant
668 2654 821 2691 scortari,
852 2663 917 2684 non
943 2660 1059 2685 contra
1083 2678 1087 2681 -
1110 2655 1271 2695 maximis,
1297 2668 1358 2689 nec
1382 2666 1499 2700 postea
1522 2658 1623 2691 ullam
1647 2660 1925 2703 significationem
1944 2664 2099 2703 praebuit

234 2716 379 2735 MELANTH.
399 2716 479 2737 omitt.
495 2718 557 2737 VOL.
574 2719 639 2739 XXV.

1859 2722 1890 2746 22
