2343 2970
196 151 261 183 543

198 252 280 283 tem,
322 255 396 275 cras
431 244 548 274 iterum
582 240 690 276 aliud3
724 238 935 269 Conscientia
970 247 1036 268 non
1071 238 1177 277 potuit

196 288 429 329 acquiescere;
454 286 528 326 quia
553 285 704 314 biberant
726 281 845 312 malam
869 281 1064 318 doctrinam,
1088 280 1177 320 quod

197 332 307 363 onmia
340 331 498 361 deberent
533 326 735 362 enumerari,
770 325 903 356 eourtlen
937 328 1018 362 irre,
1053 321 1177 354 nullam

197 375 337 416 quietem
362 378 498 409 norant,
531 380 597 400 non
621 374 758 405 norant,
792 368 880 408 quod
915 366 1067 397 remissio
1100 376 1177 406 pec-

198 423 347 450 catorum
371 415 552 455 accipiatur
576 411 680 453 gratis
704 416 840 452 propter
857 408 972 441 Filium
995 408 1071 446 Dei,
1094 409 1177 445 tide3

197 466 230 492 et
264 460 351 500 quod
387 458 479 488 Deus
504 454 582 486 velit
611 465 650 486 ac
673 454 824 491 mandet,
855 459 890 484 ut
923 452 1177 494 acquiescamus

197 504 230 535 in
249 502 331 534 Filio
346 501 409 533 Dei
432 500 508 537 fide,
531 506 561 530 et
587 498 676 539 quod
695 496 894 528 enumeratio
908 506 975 527 non
998 496 1041 526 sit
1063 504 1179 526 neces-

198 547 298 578 saria.
358 547 432 575 viss
462 544 542 582 yrob
576 543 724 581 eoeempel
754 542 896 572 rorstehc
927 541 993 570 ihr:
1027 542 1087 570 me't
1116 539 1180 569 den

199 591 325 621 andern
347 589 449 619 leolzen
472 583 621 617 articulis
646 588 704 615 ists
727 585 806 615 (meh
830 585 907 614 also.
952 582 1012 612 Est
1036 582 1179 612 omnium

200 632 402 663 cruciatuum
437 639 600 665 sunmms,
630 628 774 658 incidere
808 626 839 656 in
870 625 1104 656 dubitationem
1140 625 1181 654 de

200 674 312 716 aliquo
335 671 476 705 articulo
502 672 586 702 fidei.
633 670 706 712 Ego
732 670 794 700 vidi
817 667 994 700 lachrimas
1020 669 1180 698 bonorum

199 717 368 748 bominum
404 717 434 745 in
470 716 537 746 suis
562 713 838 745 dubitationibus:
872 712 925 742 isti
959 711 1026 742 tabi
1061 716 1092 741 et
1115 710 1181 746 siti,

201 770 286 803 quae
307 760 410 790 oritur
441 769 481 789 ex
506 758 763 799 ingurgitatione
797 754 957 786 malarum
982 754 1182 795 opinionum,

200 802 314 835 similis
338 808 389 834 est
417 800 471 832 ille
493 802 638 832 morbus.
695 799 789 831 Hauc
826 797 1069 828 similitudinem
1105 806 1182 826 con-

201 848 358 878 siderate:
384 846 533 886 cogitare
552 845 592 875 de
616 853 718 874 causa
741 841 829 872 illius
848 841 966 877 morbi,
992 846 1022 871 et
1042 840 1083 871 de
1096 839 1182 870 simi-

200 889 345 922 litudine.
393 889 516 920 Postea
538 886 603 918 hoc
626 895 758 928 quoque
781 885 940 926 cogitate:

330 952 461 982 Leniter
497 958 541 980 ecc
574 950 688 979 merito
718 946 867 986 quicquid
896 947 1040 985 patiare,
1071 946 1183 984 feren-

373 994 448 1024 dum
467 995 522 1023 est.

209 1064 305 1094 Wemz
328 1065 419 1093 einer
438 1062 582 1100 yeslolen
604 1060 676 1095 hat,
699 1059 767 1090 und
792 1067 867 1088 man
895 1058 1013 1088 hem-let
1044 1056 1115 1095 ilm,
1148 1064 1185 1087 so

203 1110 281 1137 περῶ·
310 1115 364 1138 εν,
399 1105 477 1135 dass
501 1114 538 1134 er
571 1113 607 1134 es
629 1112 718 1133 mass
740 1102 862 1139 leiden,
898 1101 983 1131 deun
1013 1109 1050 1130 er
1072 1100 1128 1130 hat
1149 1108 1185 1129 es

201 1150 377 1180 verdt‘etzef.
430 1146 583 1177 Debetne
622 1151 736 1186 petere
771 1142 1000 1174 liberationem
1035 1152 1055 1172 a
1088 1141 1185 1172 Deo?

203 1192 263 1222 lta:
289 1191 412 1222 Tamen
436 1189 614 1221 accersivit
634 1188 697 1219 sibi
717 1187 805 1218 hane
823 1196 964 1228 poenam
984 1194 1044 1216 sua
1065 1184 1186 1225 culpa?

203 1234 260 1267 Sic
283 1234 432 1276 hydrops
466 1232 650 1264 accersitur
685 1237 800 1262 nostra
834 1227 931 1269 culpa
954 1228 1062 1266 citius,
1087 1237 1185 1269 quam

203 1277 288 1309 alius
311 1276 401 1308 ullus
430 1277 583 1307 morbus:
617 1273 718 1307 facile
746 1273 888 1305 laeditur
916 1272 968 1303 vis
999 1269 1186 1309 ventriculi,

203 1327 235 1352 et
258 1319 414 1351 facillime
439 1329 526 1360 epar.

392 1485 512 1527 Unde
543 1484 672 1525 habet
701 1496 851 1523 nomen
883 1477 1005 1536 epar?

292 1579 345 1610 Ab
380 1576 486 1616 ἤπιος,
521 1576 617 1618 quasi
652 1575 744 1606 dicas
775 1573 966 1613 ἤπιονκρέας,
995 1574 1100 1604 mollis
1133 1569 1188 1602 vel

205 1625 293 1654 mitis
320 1631 406 1653 caro.
462 1619 562 1650 'Hnta
585 1618 679 1659 σάρξ,
716 1622 760 1649 ist
785 1620 838 1649 ein
867 1621 940 1648 rem
968 1620 1041 1647 ίι-ανι
1063 1616 1187 1655 fleis-elz.

206 1665 348 1701 Quando
372 1663 492 1704 aliquis
512 1672 552 1694 ex
575 1661 692 1693 labore
711 1660 766 1692 vel
789 1666 883 1691 aestu
902 1657 1000 1697 calet,
1023 1665 1054 1689 et
1077 1658 1187 1689 subito

206 1709 300 1746 bibit,
323 1714 390 1739 tum
409 1717 489 1748 epar
512 1705 641 1736 avidius
665 1703 800 1735 attrabit
822 1709 954 1744 potum,
982 1708 1015 1733 et
1037 1700 1109 1732 fieri
1133 1710 1187 1740 po-

205 1757 291 1789 test,
323 1757 360 1783 ut,
389 1750 500 1781 statim
529 1748 585 1779 fiat
614 1747 791 1779 dissolutio
820 1746 944 1788 epatis;
978 1751 1044 1776 tam
1078 1743 1188 1776 mollis

207 1804 286 1827 caro
310 1800 369 1825 est.
415 1794 458 1825 So
480 1793 572 1824 balde
599 1795 715 1828 reists,
746 1792 806 1822 das
829 1793 921 1821 einer
942 1790 1084 1821 dar-uber
1106 1793 1188 1819 ster-

206 1840 266 1870 ben
288 1847 386 1868 mass.
432 1835 504 1876 Ego
530 1835 606 1866 novi
630 1836 752 1866 bonum
776 1833 953 1870 hominem,
982 1832 1037 1873 qui
1060 1831 1188 1862 avidius

207 1881 335 1912 biberat
358 1880 389 1910 in
414 1880 545 1910 itinere:
581 1879 690 1909 triduo
717 1883 794 1917 post
817 1883 868 1907 est
891 1882 1058 1907 mortuus:
1098 1873 1188 1905 facil-

205 1923 283 1955 lime
305 1922 444 1954 laeditur
468 1932 564 1963 epar,
593 1919 749 1953 facillime
777 1920 857 1951 fiunt
886 1919 1134 1950 obstructiones
1156 1918 1189 1948 in

208 1972 314 2008 epate.
351 1964 476 1996 Multae
500 1974 641 1995 caussae
664 1969 806 2005 possunt
828 1961 966 1993 allicere
989 1972 1080 2003 epar.
1111 1961 1189 1991 Ideo

206 2009 336 2041 debetis
367 2009 463 2039 vobis
498 2008 580 2048 ipsis
614 2018 772 2049 parcere,
814 2012 846 2037 et
880 2015 1066 2047 agnoscere
1099 2003 1189 2035 illam

206 2052 461 2084 fabricationem
496 2051 660 2082 divinam:
698 2056 729 2081 et
763 2048 857 2080 simul
899 2049 1064 2090 cogitare,
1102 2047 1191 2089 quod

207 2101 322 2127 vestra
346 2104 487 2134 corpora
511 2094 576 2124 siut
599 2093 722 2134 templa
744 2092 818 2124 Dei.
864 2092 939 2124 Non
965 2091 1092 2123 debetis
1124 2091 1191 2121 vio-

207 2138 278 2170 lare
301 2135 456 2179 templum
479 2135 553 2167 Dei.
591 2139 667 2168 Man
689 2141 763 2176 say!
782 2141 887 2168 δοιώ-Ι.-
911 2133 1028 2166 Plures
1052 2139 1192 2174 pereunt

208 2182 359 2213 homines
385 2179 538 2221 crapula,
571 2190 668 2220 quam
691 2178 812 2221 gladio.
869 2177 1028 2221 Stigelius
1050 2178 1097 2208 ita
1119 2177 1192 2208 red-

209 2225 288 2256 didit
310 2233 426 2256 versu:

339 2283 544 2324 Crapnlaque
567 2285 617 2314 est
634 2282 777 2314 hommes
794 2292 877 2321 quae
893 2286 978 2314 retal
993 2291 1066 2313 esse
1087 2291 1192 2313 senes.

196 2352 345 2385 ,Plurimi
368 2352 421 2383 hic
444 2351 644 2388 moriuntur,
678 2349 732 2381 vel
754 2350 928 2382 immodica
951 2348 1104 2391 crapula,
1137 2348 1193 2381 vel

210 2395 299 2427 malo
324 2397 425 2428 victu.
470 2393 520 2426 llli
544 2395 608 2426 duo
632 2392 867 2425 adolescentes
890 2395 1038 2434 proxime
1061 2392 1193 2434 sepulti,

210 2440 328 2470 mortui
343 2444 420 2470 sunt
436 2448 503 2469 non
517 2448 558 2469 ex
571 2437 758 2474 immodico,
783 2437 844 2467 sed
862 2447 902 2467 ex
914 2435 1001 2467 malo
1015 2437 1112 2468 victu.
1148 2438 1193 2468 Es

210 2485 252 2514 ist
274 2492 314 2513 zu
336 2483 515 2521 erbarmen,
537 2484 598 2513 wir
620 2482 723 2512 haben
745 2483 778 2511 in
801 2481 922 2511 diesem
933 2490 1046 2511 armen
1058 2481 1194 2511 elemlen

210 2530 284 2559 nest
305 2527 422 2557 lsee'nen
439 2526 571 2556 rechten
599 2524 733 2555 victum.
784 2524 833 2554 [εἰ
860 2524 964 2554 niclzts
984 2528 1059 2561 μαίε-
1080 2532 1120 2554 zu
1141 2523 1192 2554 be-

210 2569 376 2600 lcommen:
409 2570 478 2600 und
499 2578 592 2600 wenn
613 2576 689 2599 man
711 2567 811 2598 sehon
833 2571 934 2597 etwas
956 2567 1020 2605 hat,
1040 2575 1077 2597 so
1100 2567 1196 2597 Jeoclet

210 2621 307 2644 mans
339 2613 429 2643 molat
458 2612 558 2644 recht.
615 2609 734 2642 Omnia
767 2614 844 2641 sunt
878 2608 1062 2640 barbarica.
1124 2608 1192 2640 Sed

835 144 947 176 PfflL.
970 143 1073 174 MEL.
1096 142 1283 175 SCRIPTA
1305 140 1570 173 EXEGE'HCA.

2141 143 2207 175 544

1230 242 1351 273 tamen,
1376 234 1604 277 quantumlicri
1622 241 1744 276 potest,
1768 234 1889 278 singuli
1907 236 2064 268 debemus
2082 236 2207 269 habere

1229 278 1392 309 honorem
1415 278 1559 319 corpori.

1316 321 1382 353 lam
1406 332 1487 353 vere
1511 322 1660 362 quaestio
1685 328 1752 352 est:

1201 377 1206 454 Ι
1360 383 1514 413 Homines
1536 386 1708 413 acrersnznt
1727 383 1790 413 sibi
1810 383 1936 414 morbos
1945 395 1955 414 .-

1360 426 1446 464 Eryo
1468 426 1583 456 debent
1603 427 1764 456 sustinere
1780 435 1930 466 poenam.

1319 492 1463 524 Valetne
1487 494 1744 534 consequentia?
1787 494 1845 525 lta.
1892 494 2090 537 Sequiturne
2113 495 2210 527 etiam

1232 537 1329 568 haee:
1359 538 1445 576 Erqo
1478 546 1541 567 uon
1574 537 1690 568 debent
1717 541 1829 577 petere
1856 542 2076 570 remissionem
2094 548 2210 579 pecca-

1232 584 1346 618 torum,
1369 585 1402 612 et
1422 582 1651 618 minyalionem
1670 580 1870 620 poenarum?

1321 622 1532 663 Respondet).
1578 623 1654 653 aon
1678 622 1779 654 valet.
1825 624 1892 654 lmo
1921 624 2080 655 debemus
2099 629 2213 665 petere

1235 671 1417 707 utrumque.
1465 666 1527 700 <seui
1547 667 1676 697 ducitur
1698 666 1739 697 ad
1759 665 1952 707 patibulum,
1982 666 2036 698 vel
2057 667 2099 698 ad
2122 665 2213 698 aliud

1235 719 1341 750 genus
1370 707 1521 749 supplicii
1555 710 1587 739 in
1620 719 1729 749 poena
1762 710 1937 748 homicidii,
1969 720 2079 741 annon
2113 711 2214 741 debet

1206 793 1211 820 Ι
1235 758 1348 792 petere
1370 752 1609 789 remissionem,
1634 758 1665 783 et
1689 753 1946 793 mitigationem?
2002 753 2124 790 Debet,
2152 753 2214 784 sed

1237 806 1310 826 cum
1335 793 1389 825 illa
1413 795 1612 833 conditione,
1635 796 1663 826 si
1682 796 1893 827 tibiDom’me
1906 796 1998 828 Deus
2022 797 2065 827 ita
2083 795 2214 837 placet:

1206 822 1211 870 l
1237 838 1323 869 sicut
1344 845 1500 879 precatur
1523 837 1649 876 David,
1677 839 1730 880 qui
1754 840 1851 870 etiam
1880 845 2042 870 meruerat
2070 848 2215 880 poenas:

1236 888 1344 912 tamen
1356 881 1435 922 petit
1450 891 1488 911 se
1501 881 1644 917 restitu'13
1668 883 1728 913 sed
1741 883 1848 914 addit:
1872 884 1908 913 Sa·
1924 885 2059 914 Domino
2077 884 2215 923 placeat,

1206 947 1207 950 η
1236 931 1298 955 etc.
1340 923 1403 958 Qui
1427 924 1556 955 ducitur
1579 924 1621 954 ad
1644 923 1851 966 supplicium,
1877 926 1974 956 debet
1998 926 2046 956 sic
2068 925 2214 966 precari:

1236 968 1302 999 Aelc
1328 968 1406 1006 Golc,
1429 968 1473 998 ist
1492 968 1581 998 nich!
1601 968 1675 998 (lem
1699 971 1795 1007 wille,
1825 975 1860 999 ut
1889 967 2010 1000 liberer
2032 979 2052 999 a
2075 978 2216 1009 suspen-

1237 1011 1303 1048 dio,
1328 1017 1406 1041 tunc
1430 1008 1507 1041 volo
1537 1010 1595 1040 tibi
1629 1011 1875 1052 obtemperare:
1908 1013 1984 1052 quia
2016 1010 2112 1042 Deus
2146 1010 2216 1042 vult

1208 1051 1213 1057 '
1237 1053 1368 1084 sancire
1392 1053 1537 1083 ordinem
1563 1052 1756 1094 disciplinae
1779 1055 1809 1084 in
1832 1055 1965 1095 poenis,
1990 1053 2060 1085 vult
2083 1055 2216 1085 sancire

1237 1097 1426 1127 testimonia
1449 1096 1499 1126 sui
1523 1096 1648 1127 iudicii:
1684 1099 1756 1128 (lott
1775 1098 1848 1128 hats
1875 1100 1944 1128 also
1963 1100 2129 1137 qeordnet.
2174 1096 2217 1128 Et

1239 1146 1349 1170 tamen
1372 1138 1465 1170 Deus
1488 1137 1610 1170 multos
1634 1139 1771 1177 liberat,
1805 1146 1838 1171 et
1861 1140 1966 1171 differt
1990 1150 2126 1181 poenas.
2171 1141 2218 1172 Ee

1239 1184 1323 1214 we‘rd
1356 1186 1448 1214 emer
1481 1185 1581 1214 sellan
1611 1184 1644 1213 'm
1679 1183 1784 1224 primo
1807 1181 1894 1214 furto
1921 1185 2107 1223 yeleanyeu:
2139 1184 2219 1215 aber

1238 1227 1328 1262 (loc-ll,
1353 1227 1412 1256 wie
1434 1235 1509 1257 man
1532 1230 1612 1265 suqt,
1630 1236 1666 1257 es
1689 1230 1733 1257 e'st
1752 1229 1804 1257 ein
1823 1227 2026 1266 lmmltcerclc,
2058 1236 2134 1258 man
2155 1228 2219 1258 Ier-

1237 1273 1310 1300 nels
1333 1270 1424 1300 melec
1442 1278 1511 1308 aas,
1544 1270 1654 1310 lcompc
1675 1274 1767 1301 emer
1789 1271 1905 1308 wider,
1938 1280 1974 1301 so
2005 1271 2118 1309 yelzees
2140 1271 2220 1301 uber

1238 1314 1303 1343 z'lzm
1325 1321 1394 1343 ans.
1449 1311 1492 1342 Et
1524 1317 1619 1350 tunc,
1655 1313 1730 1353 quia
1764 1311 1857 1344 Deus
1892 1313 2057 1343 ordinavit
2079 1322 2220 1353 poenas,

1239 1355 1406 1386 subiicere
1429 1364 1467 1384 se
1491 1354 1591 1385 debet
1613 1356 1685 1386 eius
1710 1353 1880 1386 voluntati.
1913 1355 1961 1386 lta
1985 1356 2118 1396 quando
2141 1360 2220 1386 sunt

1239 1408 1259 1428 a
1282 1398 1379 1428 nobis
1402 1397 1557 1429 accersiti
1581 1398 1697 1431 morbi,
1723 1404 1756 1428 et
1777 1407 1892 1429 smnus
1915 1399 1947 1429 in
1971 1407 2092 1439 poena,
2115 1408 2219 1440 agno·

1239 1449 1373 1471 scamus
1398 1440 1478 1471 iram
1496 1439 1575 1475 Dei;
1610 1447 1760 1482 petamus
1791 1447 1822 1472 et
1849 1442 2077 1472 remissionem
2100 1450 2219 1481 pecca·

1240 1489 1367 1521 torum,
1394 1490 1427 1514 et
1456 1493 1585 1524 poenae
1611 1485 1845 1522 remotionem,
1878 1484 1934 1515 vel
1968 1485 2220 1525 mitigationem:

1240 1526 1301 1558 sed
1320 1533 1430 1556 tamen
1454 1537 1528 1557 cum
1546 1524 1602 1557 illa
1626 1528 1828 1558 conditione:
1848 1528 1886 1558 Sz'
1895 1529 1964 1559 Deo
1986 1531 2031 1558 ila
2049 1529 2220 1567 placuerit.

1328 1568 1511 1610 Hydropici
1533 1580 1610 1601 raro
1635 1575 1809 1608 curantur,
1844 1576 2001 1601 curantur
2029 1576 2139 1601 tamen
2162 1568 2221 1601 ali-

1241 1612 1308 1654 qui,
1330 1613 1526 1652 praesertim
1550 1613 1582 1643 in
1605 1614 1766 1654 principio
1790 1613 1903 1644 morbi.
1944 1613 2099 1644 Narrabo
2123 1613 2221 1645 vobis

1242 1656 1424 1690 historiam,
1449 1666 1547 1697 quam
1571 1657 1681 1687 audivi
1704 1667 1744 1687 ex
1756 1655 2007 1688 Birckheimero
2032 1657 2073 1687 de
2097 1655 2222 1699 hydro·

1241 1699 1327 1740 pico.
1371 1698 1539 1730 Narrabat
1561 1699 1711 1731 Medicus
1733 1700 1864 1731 sedisse
1894 1700 1926 1730 in
1949 1698 2135 1742 myropolio
2159 1698 2222 1731 Pa-

1242 1743 1329 1774 duae
1352 1745 1401 1781 (ut
1419 1749 1470 1773 est
1493 1743 1716 1782 consuetudo,
1750 1743 1837 1785 quod
1866 1743 1984 1774 medici
2017 1743 2061 1774 ibi
2085 1741 2223 1775 multum

1243 1786 1457 1824 conveniunt)
1481 1792 1512 1817 et
1540 1787 1672 1817 venisse
1694 1787 1738 1818 ad
1768 1796 1827 1817 eos
1850 1787 2024 1818 rusticum:
2053 1792 2106 1817 est
2135 1786 2223 1818 enim

1244 1830 1412 1868 usitatum,
1437 1836 1472 1860 ut
1489 1830 1635 1861 medicos
1649 1835 1809 1872 quaerant
1832 1831 1949 1871 magis,
1972 1839 2070 1871 quam
2092 1829 2124 1860 in
2139 1828 2222 1860 Ger-

1243 1872 1362 1903 mania.
1418 1871 1476 1904 llle
1510 1874 1640 1915 rogavit
1675 1874 1846 1908 doctores,
1880 1878 1913 1903 ut
1949 1882 2045 1912 opem
2084 1871 2220 1903 ferrent.

1242 1915 1318 1946 Non
1347 1922 1457 1957 potest
1485 1916 1542 1947 tibi
1577 1915 1716 1954 consuli,
1749 1916 1910 1957 inquiunt,
1945 1915 2165 1946 Co·.·nmendes
2188 1921 2223 1947 te

1212 1968 1218 2018 l
1243 1958 1328 1990 Deo.
1383 1959 1560 2001 Egreditur
1583 1958 1637 1991 ille
1660 1959 1890 2000 lachrymans:
1925 1959 2014 1989 venit
2037 1959 2066 1989 ei
2090 1958 2222 1990 obviam

1242 2001 1327 2033 alius
1350 2001 1494 2037 Doctor3
1514 2003 1590 2044 quid
1606 2001 1844 2043 laclirffmaris?
1868 2001 1977 2043 inquit.
2011 2000 2070 2032 llle
2082 2011 2222 2042 respon-

1244 2045 1315 2076 det:
1350 2044 1422 2086 Ego
1453 2044 1498 2076 fui
1528 2045 1615 2087 apud
1644 2044 1722 2075 DD.
1757 2044 1925 2076 Doctores
1959 2045 1991 2075 iu
2025 2043 2224 2086 myropolio,

1244 2089 1298 2130 qui
1332 2088 1509 2130 desperant
1543 2090 1584 2119 de
1613 2098 1685 2119 mea
1719 2089 1802 2123 vita3
1832 2088 1943 2119 dicunt
1972 2089 2121 2119 morbum
2154 2097 2224 2119 non

1245 2141 1346 2172 posse
1370 2132 1488 2162 curari.
1545 2131 1675 2162 Ductor
1709 2131 1737 2162 ei
1774 2131 1870 2162 dixit:
1904 2129 1955 2162 Illi
1989 2137 2110 2162 norunt
2133 2138 2223 2162 tuam

1245 2175 1545 2215 intemperantian13
1571 2175 1653 2205 bene
1676 2184 1796 2215 posses
1815 2175 1936 2212 curari,
1960 2174 1989 2205 si
2012 2175 2222 2214 promitteres

1245 2225 1277 2250 te
1300 2217 1387 2250 velle
1410 2219 1649 2258 obtemperare.
1683 2218 1711 2247 Ο
1730 2218 1873 2255 domine,
1896 2217 2010 2258 inquit,
2035 2217 2063 2247 si
2087 2226 2222 2258 possem

1245 2262 1372 2299 curari,
1405 2261 1559 2301 promitto
1601 2271 1651 2291 me
1685 2261 1997 2301 obtemperaturum.
2054 2258 2222 2291 Promittis

1245 2304 1346 2346 ergo?
1380 2304 1555 2338 promtum
1579 2303 1683 2341 Vade,
1708 2304 1821 2344 inquit,
1841 2310 1872 2334 et
1895 2301 1974 2334 nihil
1997 2301 2085 2334 aliud
2108 2300 2221 2341 facito,

1246 2355 1371 2380 tantum
1394 2357 1458 2378 non
1485 2347 1578 2377 bibas
1599 2347 1713 2378 diebus
1738 2348 1862 2378 decem.
1914 2346 1949 2376 ld
1973 2346 2030 2377 tibi
2054 2346 2114 2376 erit
2137 2344 2223 2376 disfi-

1247 2391 1322 2429 cile,
1356 2397 1421 2421 tam
1454 2390 1510 2421 diu
1532 2390 1619 2420 serre
1643 2391 1746 2427 sitim,
1781 2390 1841 2420 sed
1874 2389 1919 2420 ita
1953 2389 2076 2430 poteris
2101 2388 2221 2420 curari.

1246 2435 1281 2467 Si
1306 2434 1440 2471 biberis,
1471 2434 1631 2463 morieris.
1683 2433 1765 2464 Post
1787 2433 1858 2464 dies
1882 2431 2009 2473 aliquot
2036 2431 2132 2463 rediit
2154 2429 2223 2470 ifle,

1245 2483 1279 2509 et
1301 2475 1361 2508 suit
1389 2477 1451 2507 iam
1476 2483 1622 2507 curatus.
1679 2475 1778 2507 Venit
1808 2475 1849 2506 ad
1878 2474 1961 2507 illud
1989 2473 2222 2517 myropolium,

1245 2520 1409 2562 quaesivit
1426 2517 1515 2550 illum
1533 2518 1726 2556 Ductorem,
1751 2526 1781 2550 et
1796 2518 1875 2550 dixit
1896 2519 1939 2549 ad
1957 2528 2044 2549 eum:
2067 2516 2222 2556 Domine,

1245 2573 1308 2606 ego
1332 2573 1404 2594 sum
1426 2560 1494 2599 ille,
1518 2563 1569 2593 cui
1593 2563 1713 2594 dedisti
1735 2560 1814 2592 illud
1833 2561 2020 2592 mandatum
2043 2566 2119 2591 ante
2142 2566 2220 2592 octo

1214 2621 1220 2642 t
1244 2607 1326 2646 dies,
1349 2606 1508 2645 (nundum
1532 2605 1618 2637 enim
1642 2604 1886 2647 compleverant
1908 2604 2023 2636 decem
2045 2604 2131 2638 dies)
2155 2613 2220 2646 ego
