2343 2970
197 163 263 195 859

200 259 324 294 dicunt,
348 256 437 298 quod
460 256 629 286 Adrianus
653 253 825 287 collocarit
848 263 942 284 suam
971 258 1114 284 statuam
1149 254 1181 284 in

200 299 325 332 sacello
349 298 615 340 Hierosolymae,
628 298 755 327 aber-cla
768 298 808 326 ist
825 296 884 325 das
904 295 1058 337 templum
1082 295 1181 334 [επ-[μί

200 347 350 373 verstoret
373 353 527 382 {Jewesetu
551 343 626 383 quia
644 341 755 372 ludaei
778 340 959 380 sperabant
983 349 1022 369 se
1046 348 1183 380 recupe-

200 393 333 418 raturos
364 384 612 427 Rempublicam
656 384 721 413 und
753 383 884 421 lzeugyten
917 382 986 413 sich
1020 393 1059 411 an
1094 384 1182 411 einen

199 430 336 468 sehalclc,
350 430 408 458 «len
433 432 566 458 nannlen
589 429 634 456 sie
647 425 798 464 Stellam,
822 426 887 455 und
906 430 1025 464 sagien,
1050 435 1082 454 er
1104 435 1183 454 were

200 474 253 503 die
276 472 386 510 stella,
411 473 451 503 de
475 482 538 512 qua
563 471 684 501 dictum
708 475 817 501 esset:
866 469 992 498 orietur
1021 468 1112 498 stella
1142 478 1183 496 esc

200 517 307 547 Iacob.
353 515 418 545 Sed
445 515 612 545 Adrianus
646 512 803 555 reliquias
828 511 974 549 delevit,
1011 522 1076 542 non
1111 512 1183 542 sine

201 569 322 600 niagno
347 557 473 589 labore.
518 557 610 586 Denn
636 567 668 586 es
693 558 735 586 ist
761 557 809 585 ein
833 555 915 584 knltn
938 555 1002 584 und
1021 554 1183 593 mntwilla‘y

200 602 289 631 volt-l.-
312 611 457 640 (letamen.
509 600 676 631 Adrianus
713 599 824 640 coepit
858 609 974 629 rursus
1011 606 1183 629 exstruere

201 643 449 686 lerosolymam,
475 650 507 674 et
542 643 723 674 nominavit
756 641 877 671 Alium.-
912 643 1006 673 cuius
1039 641 1183 671 meminit

200 687 423 718 Ptolemaeus.
470 686 523 715 Da
542 686 614 715 lies-v
636 685 803 716 Adrianus
827 686 911 715 seina
940 690 1083 714 statuam
1109 684 1183 722 unsl-

200 731 330 766 flvmen,
353 741 451 771 quam
476 728 639 761 colebant.
686 728 757 758 Das
776 730 818 758 ist
835 737 972 767 ,tlewesen
996 733 1073 768 post
1096 725 1184 757 dele-

200 782 265 804 tani
291 771 548 814 Rempublicam.
594 772 661 802 Sed
682 770 835 802 Christus
859 770 1003 812 loquitur
1026 770 1067 801 de
1089 779 1184 811 prae-

200 818 285 848 senti
310 815 400 848 cultu
418 816 530 857 impio.
576 815 646 844 Das
669 815 742 843 sind
765 814 936 851 historica,
955 819 987 843 et
1010 818 1089 844 sunt
1112 813 1184 843 hor-

200 859 307 892 ribilia
331 858 497 900 exempla:
528 857 620 890 Deus
652 858 846 889 misercatur
868 857 1057 894 Ecclesiae,
1087 861 1118 886 ct
1149 854 1184 885 li-

202 905 295 934 beret
317 913 392 934 nos.
438 901 484 931 Es
506 904 547 931 ist
570 912 605 930 so
637 901 829 940 scheasliclc,
864 900 940 929 class
974 901 1058 928 einer
1092 898 1186 927 lieber-

200 946 302 975 mocltt
324 947 356 974 in
381 947 468 974 einen
492 945 604 974 wilclen
626 944 697 974 wall
721 944 842 982 ltmffim.

286 989 357 1018 Nun
382 989 442 1019 hab
465 988 515 1017 ich
538 992 648 1027 !le³'‘¹.‘ll
662 1011 671 1025 ‚
707 997 739 1015 es
768 997 822 1027 seg]
858 986 1039 1027 praedictio
1064 986 1105 1016 de
1130 995 1184 1015 ex-

200 1033 295 1063 tremi
319 1032 478 1073 temporis
501 1031 700 1062 tristissimi-s
726 1030 836 1067 idolis,
860 1029 1130 1067 contusionibuS,
1153 1033 1186 1059 et

200 1076 328 1116 poenis.
375 1074 468 1106 ldola
491 1073 666 1106 manifesta
691 1079 769 1106 sunt
791 1074 823 1104 in
847 1072 1018 1110 Ecclesia,
1052 1073 1106 1100 wie
1136 1071 1186 1100 iln-

200 1118 294 1149 sehet.
341 1118 406 1149 Ubi
430 1124 505 1149 sunt
528 1116 704 1149 manifesta
727 1116 839 1154 idola,
874 1116 917 1147 ibi
952 1114 1054 1147 multo
1077 1115 1183 1156 magis

201 1168 278 1193 sunt
302 1162 459 1193 interiora
477 1160 584 1199 idola,
618 1159 694 1191 falsi
721 1159 848 1197 cultus,
872 1165 903 1190 et
927 1157 1035 1190 falsae
1060 1158 1184 1199 opinio-

200 1214 272 1236 nes.
318 1205 414 1236 Nunc
436 1206 469 1235 in
493 1203 644 1235 Ecclesia
674 1204 904 1240 dominantur,
938 1201 993 1233 vel
1024 1202 1186 1243 conspici-

199 1253 299 1279 untur
322 1247 497 1280 manifesta
521 1246 622 1285 idola,
645 1246 850 1276 schensslirlte
873 1245 1056 1285 offentIIche
1084 1243 1184 1276 idola.

561 1345 676 1394 Quae
709 1348 829 1384 sunt?

287 1418 466 1450 Manifesta
490 1418 577 1450 idola
601 1419 675 1447 sind
693 1418 745 1447 die
758 1419 885 1455 Gotaen,
897 1417 941 1446 du
954 1427 1023 1446 mun
1042 1416 1183 1456 adaulfi.

200 1462 350 1492 Dav-uach
375 1461 552 1493 manifesta
574 1460 675 1499 idola,
688 1468 765 1493 sunt
778 1460 886 1493 cultus
910 1459 1076 1491 hominum
1101 1471 1183 1490 mor-

200 1512 342 1538 tuorum.
388 1505 484 1543 ltein,
503 1506 563 1534 das
590 1505 685 1543 ymbe
714 1503 859 1541 idolum,
893 1504 1041 1534 adoratio
1077 1503 1183 1544 panis,

202 1550 256 1590 qui
281 1550 576 1590 circumgestatum
602 1559 674 1580 cum
694 1548 913 1579 Sacramenta
937 1546 991 1577 vel
1014 1547 1094 1577 ritus
1119 1547 1184 1576 sint

201 1598 412 1623 sacramenta
435 1592 468 1622 in
498 1601 560 1622 suo
595 1601 679 1626 usu,
715 1601 781 1622 non
816 1596 910 1620 extra
932 1600 1038 1621 usum.
1084 1589 1183 1621 Prae-

200 1641 291 1666 terea
314 1634 443 1666 habetis
468 1634 712 1665 monachatum.

200 1678 334 1715 idolum,
359 1684 410 1708 est
434 1678 565 1718 quidam
589 1675 696 1709 cultus
720 1677 894 1707 incurrens
917 1676 949 1706 in
973 1674 1103 1713 oculos,
1118 1685 1183 1717 quo

201 1720 291 1752 cultu
311 1721 424 1752 dicunt
446 1731 485 1752 se
503 1719 637 1762 placere
660 1719 752 1753 Deo,
783 1726 814 1750 et
843 1719 956 1750 facere
980 1725 1075 1760 grata
1098 1717 1182 1751 Deo.

201 1764 236 1795 ln
260 1774 399 1801 summa,
423 1770 475 1794 est
498 1763 626 1801 cultus.
657 1764 698 1794 de
727 1772 793 1804 quo
818 1763 940 1794 dictum
965 1769 1031 1793 est:
1053 1762 1184 1791 Frustra

201 1818 244 1836 me
268 1807 372 1836 colunt
396 1807 554 1836 mandatis
576 1807 738 1837 hominnm.
786 1806 855 1835 Das
888 1806 960 1834 siml
992 1805 1090 1844 yrobe
1119 1816 1184 1837 ma-

201 1849 321 1881 nifesta
344 1849 446 1881 idola.
492 1850 555 1879 Die
589 1851 748 1881 interiora
782 1849 854 1878 siml
888 1848 1090 1890 multiplicia.
1136 1849 1184 1880 ln-

201 1895 325 1924 teriora
350 1899 514 1934 vagantur
538 1904 596 1934 per
619 1894 729 1924 omnia
753 1898 927 1934 tempora,
963 1893 1048 1923 sicut
1078 1893 1185 1923 omnia

201 1935 495 1976 tempora-habent
526 1936 636 1977 aliqua
667 1942 804 1967 externa
839 1933 951 1973 idola,
981 1942 1014 1966 et
1049 1942 1186 1967 externa

201 1980 352 2010 oriuntur
375 1980 417 2009 ab
441 1980 588 2010 internis.
636 1980 796 2010 Interiora
831 1977 920 2010 idola
955 1984 1031 2010 sunt
1054 1980 1186 2021 ignora-

200 2023 245 2053 tio
275 2032 376 2053 verae
399 2022 638 2060 invocationis.
662 2029 692 2054 et
727 2023 856 2053 inscitia
891 2023 1065 2053 doctrinae
1099 2022 1186 2060 fidei,

199 2072 230 2097 et
255 2065 374 2096 fiducia
397 2066 551 2106 propriae
575 2066 729 2105 iustitiae,
743 2072 776 2096 et
799 2066 1009 2106 propriorum
1029 2064 1185 2097 cultuum.

292 2108 359 2138 Von
382 2109 443 2137 den
461 2109 673 2140 interioribus
697 2109 816 2138 konnen
841 2109 894 2138 die
918 2109 980 2138 lent
1001 2108 1088 2138 nicht
1111 2108 1187 2138 bald

198 2151 332 2190 richten,
356 2153 412 2182 wie
436 2151 485 2180 z’lzr
508 2152 614 2190 sehet,
649 2154 705 2181 wie
739 2153 792 2183 dic
826 2153 889 2182 lent
923 2155 1056 2191 yewutet
1077 2152 1185 2182 huben.

199 2195 276 2224 dass
294 2196 343 2224 ein
367 2195 454 2224 'feder
476 2197 562 2225 einen
585 2195 720 2235 lzeiliyeu
738 2195 792 2226 hat
812 2196 1045 2235 an'J'yer-iclztet,
1069 2197 1127 2226 den
1153 2208 1186 2228 er

198 2238 253 2267 liat
277 2238 481 2277 anyer-istim,-
503 2244 550 2277 ut,
575 2238 694 2280 aliquis
715 2249 754 2269 ex
777 2239 928 2271 Ethnicis
954 2238 1118 2271 sollicitus
1143 2241 1185 2272 de

198 2287 322 2312 eventu
347 2280 435 2319 belli,
458 2282 598 2313 instituit
621 2281 743 2313 cultum
756 2282 886 2321 Martis,
910 2293 976 2324 quo
994 2281 1097 2315 voluit
1121 2294 1185 2315 me-

198 2325 265 2356 reri
288 2334 484 2356 successum
519 2325 552 2356 in
590 2324 690 2356 bello.
747 2325 792 2357 lbi
816 2326 964 2366 {interior
996 2326 1184 2359 idololatria

198 2365 259 2398 fuit
282 2369 448 2410 ignoratio
472 2377 575 2399 verae
598 2369 836 2410 invocationis,
866 2375 899 2400 et
923 2381 996 2401 cum
1028 2376 1119 2402 esset
1142 2372 1185 2402 de

198 2420 235 2442 re
258 2410 316 2441 illa
339 2409 515 2449 sollicitus,
539 2412 698 2449 instituit,
728 2412 816 2453 quod
839 2421 906 2443 non
929 2413 1072 2445 debebat
1092 2414 1184 2445 insti—

198 2459 303 2485 tuere.
349 2453 472 2495 Aliqua
496 2453 614 2486 mulier
636 2453 780 2486 sollicita
815 2455 856 2485 de
890 2462 1010 2495 partu,
1044 2457 1185 2489 instituit

200 2496 322 2528 cultum
346 2496 505 2535 Lucinae,
525 2508 592 2539 quo
615 2497 721 2530 voluit
743 2499 862 2529 mereri
886 2496 1018 2529 felicem
1041 2506 1181 2540 parturn.

198 2539 398 2580 Simonides,
421 2540 524 2571 homo
547 2543 703 2582 sapiens,
737 2546 889 2572 metuens
923 2539 1088 2574 fortunam
1119 2543 1183 2575 diei
1206 2563 1208 2569 ν

196 2583 336 2623 posteri,
360 2583 499 2614 instituit
519 2582 640 2616 cultum
664 2584 727 2616 diei
749 2584 887 2625 posteri,
909 2584 960 2622 τῆς
981 2584 1127 2627 ὖστὲραςι
1149 2587 1183 2619 id

837 159 947 191 PHlL.
972 159 1078 190 MEL.
1107 157 1297 191 SCRIPTA
1321 158 1587 190 EXEGETlCA.

758 1633 979 1664 Monachatus
1010 1639 1061 1663 est
1084 1631 1184 1673 piane
1207 1621 1211 1679 1

2151 160 2217 193 860

1235 258 1296 290 est,
1322 253 1397 282 Man
1420 253 1483 282 soll
1504 254 1593 284 l1eute
1607 253 1684 283 Gon
1708 255 1816 293 hillen,
1835 255 1911 284 (lass
1929 264 1962 284 er
1979 265 2102 294 mor-qen
2125 256 2216 286 wolte

1235 297 1322 325 einen
1344 296 1541 335 ylt’t‘ckle‘clteu
1561 301 1616 335 tay
1640 297 1812 329 bescheren.
1848 298 1923 327 'Das
1933 297 1990 327 hat
2012 308 2045 327 er
2066 303 2216 337 genennt:

1234 349 1354 370 numen
1376 337 1512 381 ὕστερον,
1526 341 1556 370 id
1570 347 1633 378 est,
1646 351 1764 372 numen
1789 351 1909 383 regens
1932 339 2098 373 fortunam
2126 347 2216 383 post-

1235 382 1281 413 eri
1316 383 1390 414 diei.
1458 383 1654 414 Athenaeus
1682 383 1795 415 laudat
1828 385 1899 415 eius
1933 385 2149 425 sapientiam,
2182 390 2217 416 et

1236 431 1326 457 certe
1350 432 1401 457 est
1424 427 1588 466 sapientia
1612 428 1785 467 quaedam,
1799 428 1947 468 cogitare
1959 428 2125 459 fortunam
2148 437 2216 460 nou

1235 478 1313 499 esse
1336 468 1501 507 stabilem,
1525 475 1634 500 tamen
1659 479 1723 511 ego
1747 481 1813 501 non
1827 471 1934 501 debeo
1956 471 2130 502 instituere
2147 469 2216 503 cul-

1236 517 1302 541 tum
1327 510 1435 544 alium.
1482 511 1549 543 Cor
1573 512 1671 543 debet
1694 513 1753 545 niti
1774 524 1856 544 vero
1880 513 1965 545 Deo-

1208 546 1211 596 ἱ
1322 555 1395 584 Nun
1419 554 1519 584 mode!
1543 557 1627 584 einer
1650 566 1763 595 saycn:
1788 556 1873 592 Quid
1897 563 1948 587 est
1970 556 2036 587 hoc
2059 555 2146 595 mali,
2160 566 2216 598 pe·

1209 606 1211 626 π
1236 604 1306 628 tere
1329 608 1348 628 a
1371 597 1460 636 Deo,
1484 604 1517 628 ut
1542 599 1595 629 det
1619 598 1784 640 placidum
1815 606 1944 640 tempus
1967 601 1999 630 in
2022 599 2217 640 posterum?

1209 632 1211 647 ¹
1237 640 1327 677 item,
1352 642 1430 682 quid
1455 647 1506 672 est
1530 641 1627 676 mali,
1664 644 1754 684 quod
1779 642 1923 674 honesta
1945 648 2096 673 matrona
2118 644 2217 674 anxia

1210 699 1211 711 ι
1236 683 1277 713 de
1300 691 1405 724 partu,
1429 685 1532 724 petit,
1565 691 1599 716 ut
1634 695 1755 716 numen
1788 684 1923 727 aliquod
1958 688 1987 717 ei
2015 684 2217 725 opituletur‘?

1210 725 1211 768 J
1235 724 1294 757 llla
1319 737 1384 757 non
1407 734 1547 768 possunt
1570 728 1704 759 iudicari
1740 729 1878 760 ratione.
1925 728 2026 766 item,
2049 728 2136 763 Quid
2165 733 2217 760 est

1237 768 1324 807 mali,
1343 771 1431 811 quod
1455 769 1662 802 celebramus
1686 771 1844 809 Missam,
1869 778 1899 802 et
1921 773 2062 812 petimus
2085 782 2105 802 a
2127 769 2215 810 Deo,

1209 788 1212 857 i
1238 818 1272 843 ut
1295 813 1349 843 (let
1374 814 1600 844 remissionem
1624 821 1860 854 peccatorum,
1894 815 1959 844 und
1991 816 2048 845 wie
2080 823 2150 843 man
2183 824 2218 843 ee

1237 855 1346 886 multis
1367 857 1474 887 modis
1496 856 1692 887 sehmucloet?
1736 857 1823 892 Quid
1853 858 1884 888 in
1915 858 1965 889 his
1989 858 2141 889 omnibus
2165 862 2218 888 est

1209 897 1340 929 iniali‘!
1393 898 1469 930 Duo
1502 899 1559 930 vel
1593 900 1654 930 tria
1688 907 1765 931 sunt
1798 900 2002 942 principalia.
2060 900 2216 939 Primum,

1236 941 1336 972 hoino
1360 952 1425 972 non
1446 943 1544 973 debet
1566 944 1724 974 invocare
1746 943 1854 975 Deum
1877 943 1984 982 aliter,
2008 954 2106 985 quam
2129 944 2215 975 sicut

1237 994 1274 1015 se
1299 984 1472 1025 patel'ecit:
1497 992 1529 1017 et
1551 985 1641 1017 illum
1666 986 1772 1018 Deum
1797 988 1895 1018 debet
1918 986 2060 1028 alloqui,
2090 987 2146 1028 qui
2176 995 2215 1017 se

1236 1027 1403 1068 patefecit,
1427 1036 1459 1059 et
1483 1029 1569 1060 sicut
1592 1039 1630 1060 se
1653 1028 1821 1070 patefecit.
1867 1030 2054 1062 Simonides
2083 1030 2134 1060 vir
2162 1039 2216 1061 sae

1236 1072 1342 1111 piens,
1366 1070 1531 1103 sollicitus
1554 1072 1650 1114 fingit
1672 1073 1735 1104 sibi
1748 1072 1867 1111 Deum,
1880 1073 1934 1114 qui
1957 1083 2024 1104 non
2044 1079 2096 1104 est
2108 1072 2214 1104 Deus.

1236 1115 1337 1148 Item,
1373 1113 1490 1146 mulier
1524 1117 1670 1156 paritura
1703 1116 1796 1158 fingit
1830 1117 1892 1147 sibi
1927 1125 2061 1148 numen:
2096 1121 2129 1146 et
2156 1114 2216 1146 illa

1236 1157 1377 1199 pulchre
1418 1165 1622 1190 excusantur
1661 1169 1680 1190 a
1714 1160 1931 1200 sapientibus.
1998 1159 2214 1200 Respondeo:

1238 1199 1316 1231 lllae
1340 1202 1574 1233 excusationes
1597 1202 1818 1243 sophisticae,
1842 1209 1918 1233 sunt
1943 1203 2116 1234 mendacia
2138 1201 2216 1233 Dia-

1239 1244 1347 1275 bolica
1360 1244 1540 1283 horribilia,
1554 1246 1674 1286 quibus
1686 1244 1792 1276 illudit
1805 1247 1917 1288 generi
1931 1246 2086 1277 humano.
2118 1244 2215 1275 Mens

1208 1281 1213 1342 ς
1237 1288 1415 1318 Simonidis
1439 1289 1582 1319 debebat
1604 1298 1683 1320 esse
1705 1289 1830 1320 directa
1853 1289 1895 1319 ad
1919 1287 2008 1320 illum
2020 1287 2136 1327 Deum,
2159 1287 2216 1329 qui

1236 1340 1274 1361 se
1297 1330 1454 1372 patefecit
1477 1332 1553 1362 dato
1577 1332 1682 1363 verbo
1706 1338 1738 1363 et
1761 1333 2054 1373 promissionibus:
2088 1330 2138 1362 Tu
2160 1331 2216 1362 de-

1236 1375 1296 1405 bes
1321 1373 1523 1415 compellare
1546 1381 1577 1405 et
1600 1373 1724 1416 alloqui
1749 1386 1860 1406 verunt
1878 1375 1994 1412 Deum,
2019 1375 2075 1416 qui
2097 1383 2136 1405 se
2157 1383 2215 1415 pa·

1235 1416 1346 1447 tetecit
1370 1418 1472 1447 misso
1497 1416 1599 1454 filio,
1634 1424 1665 1448 et
1688 1419 1741 1459 qui
1765 1425 1815 1448 est
1835 1424 1929 1458 pater
1952 1417 2084 1448 Domini
2106 1416 2216 1448 nostri

1235 1462 1308 1491 Iesu
1332 1458 1466 1497 Christi,
1490 1466 1521 1491 et
1546 1460 1699 1491 conditor
1721 1461 1864 1492 omnium
1886 1471 1995 1492 rerum
2010 1485 2018 1500 ‚
2048 1469 2116 1491 una
2139 1469 2215 1491 cnm

1234 1501 1329 1540 Filio,
1353 1509 1384 1534 et
1409 1504 1531 1544 Spiritu
1554 1509 1684 1534 sancto.
1738 1504 1824 1534 Intra
1856 1504 1917 1534 has
1945 1509 2051 1535 metas
2080 1512 2215 1534 manere

1236 1547 1404 1577 dehemus.

1322 1589 1491 1628 Secundo,
1514 1590 1617 1620 debes
1644 1589 1736 1620 illum
1765 1590 1922 1620 invocare.
1951 1588 2071 1621 fiducia
2093 1588 2215 1620 Media·

1236 1632 1328 1669 toris,
1348 1638 1380 1663 et
1404 1641 1516 1673 petere
1540 1631 1597 1663 illo
1621 1634 1752 1671 ordine,
1775 1643 1841 1674 quo
1871 1633 2046 1674 praecipit:
2074 1632 2215 1673 primum

1208 1685 1212 1738 Ι
1236 1676 1464 1707 remissionem
1488 1683 1719 1718 peccatorum:
1742 1682 1859 1717 postea
1883 1682 1915 1706 et
1938 1674 2004 1707 alia
2027 1677 2124 1707 bona.
2165 1673 2214 1706 1111

1236 1725 1313 1750 sunt
1331 1720 1402 1750 veri
1425 1718 1545 1751 cultus.
1590 1719 1715 1751 Contra
1748 1721 1846 1751 istum
1882 1719 2029 1751 ordinem
2057 1719 2215 1750 invocant

1237 1773 1364 1799 omnes,
1388 1763 1442 1805 qui
1467 1773 1532 1794 non
1558 1764 1707 1805 cogitant.
1730 1763 1771 1794 de
1789 1762 2011 1805 patefactione
2035 1767 2067 1794 et
2089 1761 2213 1794 revela-

1236 1807 1325 1838 tione
1348 1805 1422 1837 Dei.
1469 1805 1657 1847 intelligunt
1692 1815 1769 1837 esse
1803 1805 1937 1848 aliquod
1972 1815 2110 1843 nument.
2136 1815 2214 1838 nam

1236 1850 1302 1882 hoc
1325 1858 1442 1881 natura
1462 1850 1577 1888 docet,
1601 1856 1709 1880 tamen
1745 1860 1810 1881 non
1845 1851 2022 1887 invocant,
2058 1849 2144 1880 sicut
2175 1858 2215 1880 se

1240 1894 1331 1924 Deus
1356 1892 1532 1934 patefecit:
1563 1893 1628 1922 Wie
1652 1894 1704 1922 die
1726 1893 1863 1924 Hecuba
1893 1894 1922 1923 ἰῃ
1948 1891 2103 1933 Euripide
2124 1896 2214 1931 sayt:

1239 1937 1397 1977 Quicquid
1410 1947 1452 1970 es,
1466 1939 1530 1966 sive
1551 1936 1610 1965 lzon
1633 1936 1749 1966 coelum
1767 1938 1830 1965 sive
1852 1946 1932 1965 mens
1955 1937 1987 1964 in
2011 1935 2107 1966 coelo.
2152 1934 2215 1966 Est

1236 1981 1405 2012 invocatio
1430 1979 1653 2018 idololatrica,
1675 1990 1742 2011 non
1765 1978 1942 2021 alloquitur
1955 1978 2065 2010 Deum
2087 1988 2212 2012 verum.

1237 2023 1328 2054 Talis
1349 2029 1399 2054 est
1423 2024 1590 2055 invocatio
1614 2022 1856 2057 Mahometica,
1893 2023 1985 2065 fingit
2019 2033 2056 2053 se
2090 2021 2215 2064 alloqui

1237 2066 1368 2104 Deum,
1403 2068 1458 2108 qui
1493 2076 1559 2097 non
1595 2071 1647 2096 est
1669 2065 1772 2097 Deus.
1817 2065 1947 2097 Deinde
1981 2065 2083 2097 multo
2106 2066 2214 2108 magis

1237 2116 1399 2151 peccant,
1435 2110 1489 2151 qui
1523 2119 1588 2140 non
1623 2109 1779 2145 invocant
1813 2109 1931 2141 fiducia
1955 2109 2027 2140 Filii
2050 2109 2130 2148 Dei,
2152 2109 2214 2141 sed

1237 2163 1298 2185 sua
1323 2162 1435 2194 opera,
1461 2154 1691 2192 ceremonias,
1725 2161 1756 2185 et
1787 2155 1869 2186 ritus
1904 2153 2150 2197 magnifaciunt,
2181 2160 2214 2187 et

1237 2199 1386 2241 cogitant
1420 2208 1458 2230 se
1480 2209 1539 2240 per
1572 2197 1648 2229 illas
1678 2208 1733 2229 res
1756 2199 1990 2239 impetraturos
2014 2208 2090 2231 esse
2114 2199 2212 2230 bona.

1236 2242 1290 2271 Da
1313 2242 1386 2272 siml
1409 2243 1462 2271 die
1486 2252 1564 2283 :wey
1585 2243 1765 2284 praecipua
1788 2249 1908 2274 errata.
1961 2243 2122 2280 Primum,
2156 2250 2214 2274 ne·

1235 2286 1356 2324 sciunt,
1380 2286 1456 2327 quid
1480 2286 1651 2317 invocent:
1674 2286 1852 2325 Secundo,
1887 2295 1953 2317 non
1976 2286 2140 2317 accedunt
2170 2285 2213 2317 ad

1235 2328 1345 2360 Deum
1369 2329 1490 2361 fiducia
1513 2328 1602 2365 Filii;
1625 2335 1798 2370 praeterea
1832 2330 1977 2360 nituntur
2010 2329 2143 2371 propria
2166 2329 2213 2360 iu-

1206 2377 1210 2400 ι
1235 2372 1334 2409 stitia,
1359 2372 1420 2401 das
1442 2372 1516 2401 sind
1534 2372 1723 2402 schensliche
1746 2374 1924 2409 tenebrae3
1946 2377 1977 2403 et
1997 2382 2072 2404 cum
2094 2377 2212 2403 natura

1234 2424 1301 2446 non
1325 2421 1488 2457 agnoscat
1510 2416 1678 2454 tenebras,
1702 2426 1783 2458 ergo
1795 2416 1932 2447 discatis
1957 2415 2132 2456 diligenter
2153 2415 2212 2446 do·

1207 2483 1209 2498 =
1235 2458 1373 2489 cti-inam
1397 2458 1438 2490 de
1459 2468 1541 2490 vera
1562 2459 1780 2490 invocatione.
1827 2458 1977 2490 Discatis
1999 2457 2091 2489 illum
2103 2457 2211 2489 Deum

1206 2504 1209 2535 J
1234 2501 1456 2533 invocandum
1480 2511 1570 2540 esse,
1606 2502 1660 2543 qui
1695 2507 1746 2533 est
1779 2511 1879 2533 verus
1902 2499 2020 2540 Deus,
2052 2502 2110 2531 wie
2133 2500 2213 2531 Gott

1234 2544 1332 2574 selber
1355 2548 1445 2585 sayt:
1468 2544 1538 2586 Eyo
1557 2555 1622 2574 sum
1644 2545 1806 2580 Dominus,
1829 2546 1884 2585 qui
1900 2549 1931 2574 te
1953 2544 2053 2575 eduxi
2063 2544 2104 2574 de
2126 2547 2211 2574 ima

1204 2574 1208 2627 Ι
1234 2588 1388 2628 Aeyypti,
1421 2587 1493 2617 Non
1515 2587 1641 2618 habebis
1662 2588 1749 2618 Deos
1771 2588 1900 2620 alienos.
1945 2587 2044 2620 Item:
2077 2586 2211 2617 Praete·-

2330 2026 2339 2034 J
2328 1852 2341 2010 „suet-.‹b-',i·.„
2339 1796 2341 1834 -„-
2339 1779 2341 1782 t
