2343 2970
168 142 234 177 939

254 241 306 274 111.
354 241 515 274 Doctrina
539 248 612 280 est,
648 241 736 283 quod
759 240 854 272 Deus
885 240 1066 282 prospiciat
1089 239 1155 272 Ec-

169 284 304 324 clesiae,
322 285 380 317 dat
402 285 431 317 ei
455 286 606 318 viaticum
632 291 694 316 etc.
720 283 812 323 [hacc
825 287 963 313 extrema
982 285 1015 313 in
1028 283 1109 314 Cocl.
1126 285 1152 315 2.

168 338 230 359 non
254 329 419 369 leymztmu]

166 465 389 499 DOMINICA
429 465 543 498 POST
579 463 758 496 FESTUM
791 463 1150 497 ClRCUMClSIONIS

573 515 741 549 DOMINI.

399 586 460 618 DE
479 585 706 617 BAPTISMO
730 584 912 618 CHRISTI.

328 646 433 685 (conf.
469 646 546 678 Vol.
580 645 700 678 XXIV.
735 657 767 688 p.
801 646 866 677 234
898 652 987 688 sqq.)

253 715 448 755 Epiphania,
471 716 503 747 id
528 722 589 755 est,
612 716 798 757 apparitio,
830 715 864 747 in
889 725 1014 758 genere
1035 714 1150 747 foemi-

166 761 262 797 nino,
285 761 335 788 ein
359 759 571 799 erselzez'mmy.
616 759 806 799 Epiphania
839 759 972 800 quando
1004 765 1056 790 est
1090 768 1149 789 no—

166 812 242 835 men
261 801 358 842 sesti,
392 809 471 834 tunc
494 809 546 834 est
568 804 694 834 numeri
717 800 869 843 pluralis,
887 809 920 833 et
942 802 1028 833 idem
1051 803 1150 844 signi-

166 846 255 878 ficat.
314 846 360 876 1111
396 846 550 875 Culender
583 846 681 876 stellet
718 846 866 875 Uber-steti
904 847 964 883 [sic
998 845 1079 876 Cod.
1101 848 1149 879 1.,“

167 890 248 920 Cod.
272 891 307 920 2.
325 889 431 920 hahet:
455 890 632 929 obet-stayh
665 890 765 922 credo
796 899 873 920 esse
901 887 1085 921 mutilatum
1108 899 1149 920 ex

165 932 393 973 Ersclzeimmy,
418 933 507 965 sicut
531 934 643 963 Oslern
667 944 708 964 ex
736 932 893 967 vrstelwn,
918 932 950 963 ld
975 938 1039 971 est,
1062 932 1148 971 vffffl'-

164 975 278 1007 steten.

251 1018 377 1051 Dicunt
399 1020 518 1052 eodem
542 1020 594 1051 die
617 1025 694 1060 post
713 1019 755 1050 30
770 1028 879 1051 annos
893 1018 1059 1050 Christum
1072 1028 1149 1050 esse

165 1063 379 1105 baptizatum.
425 1063 570 1095 Veteres
601 1063 811 1094 nominarunt
846 1062 934 1094 hunc
964 1062 1050 1093 diem
1073 1061 1149 1104 Epi·

164 1107 288 1148 phania
323 1112 460 1148 propter
497 1107 675 1138 exhibitam
703 1112 734 1138 et
757 1112 976 1137 monstratam
998 1105 1149 1137 divinita-

164 1156 231 1181 tem
249 1151 281 1181 in
306 1150 469 1191 baptismo
494 1149 637 1188 Christi,
661 1160 728 1181 non
751 1160 771 1180 a
794 1147 910 1187 stella,
940 1159 1026 1190 quae
1048 1159 1149 1191 appa-

165 1195 229 1226 ruit
252 1193 374 1235 Magis,
398 1192 471 1230 veh
493 1199 528 1225 ut
550 1192 607 1224 ille
630 1191 842 1224 sacrificulus
867 1193 1017 1231 dicebat,
1043 1191 1149 1224 fuisse

165 1235 335 1269 mulierem
359 1237 524 1278 quandam
547 1237 709 1268 nutricem
733 1235 868 1267 Christi.

250 1280 402 1310 Iordanes
420 1281 521 1312 credo
546 1280 740 1321 simpliciter
759 1289 836 1311 esse
859 1278 1004 1317 alerem,
1028 1279 1060 1309 id
1083 1284 1147 1317 est,

167 1324 358 1359 descensio,
381 1325 430 1352 ein
455 1323 600 1353 ahselmss
623 1335 690 1353 vom
712 1323 833 1363 (sehim,
863 1332 1059 1364 quamquam
1093 1322 1148 1353 alii

165 1368 278 1399 dicunt
302 1376 377 1398 esse
400 1377 420 1398 a
438 1367 513 1396 Ιαϋν
537 1367 667 1405 etDme,
691 1367 767 1408 quia
789 1367 835 1398 ibi
858 1365 919 1399 fuit
941 1367 1046 1398 tribus
1059 1365 1151 1418 Dan3

109 1446 111 1448 v
165 1410 249 1446 Iae'r,
272 1410 306 1441 id
329 1416 390 1449 est,
415 1417 561 1448 torrens,
584 1412 633 1440 ein
656 1410 744 1441 bac-la.

252 1453 320 1486 Ista
343 1455 490 1485 narratio
520 1455 561 1485 dc
590 1455 754 1495 baptismo
789 1453 935 1485 eontinet
965 1453 1148 1485 doctrinam

166 1497 306 1529 duorum
329 1497 604 1539 gravissimorum
627 1496 794 1529 locorum:
819 1496 844 1528 l.
869 1496 980 1532 Quare
994 1496 1152 1528 Christus

166 1539 311 1573 voluerit
334 1541 506 1583 baptizari.
555 1541 594 1571 11.
629 1540 866 1572 Testimonium
902 1540 1081 1571 divinitatis
1115 1539 1148 1570 in

166 1583 313 1622 Christo,
337 1590 370 1615 et
393 1585 555 1625 apparitio
579 1585 676 1615 trium
702 1593 923 1625 personarum
958 1583 1148 1615 divinitatis.

165 1626 372 1668 Xenophon:
395 1626 495 1658 Kane-v
518 1627 607 1659 οἰδὲν
630 1627 732 1668 φύεται
755 1630 784 1658 ἐν
800 1626 901 1668 ἀνδρὶ,
915 1629 1043 1666 θεμέλια
1054 1625 1149 1665 θεμέ-

165 1683 206 1714 νῳ
222 1672 282 1701 τῶν
305 1669 430 1712 ἀρετῶν,
448 1670 499 1709 τήν
522 1670 720 1712 σωφροσύνην
741 1672 793 1700 καὶ
815 1669 868 1709 τήν
889 1670 1082 1712 ἐγκράτειαν,
1116 1669 1149 1700 id

167 1719 230 1752 est,
252 1713 370 1743 Malam
393 1713 506 1744 nullum
528 1716 669 1744 nascitur
692 1715 725 1743 in
744 1715 828 1752 viro,
857 1715 910 1754 qui
939 1715 1047 1753 posuit
1077 1713 1150 1750 fun-

166 1757 315 1787 damenta
336 1758 488 1792 virtutem,
512 1758 693 1788 modestiam
716 1760 746 1787 et
768 1759 1011 1797 tmuperantimn.
1052 1756 1150 1786 Wenn

166 1802 216 1830 ein
239 1800 360 1830 mensch
383 1801 435 1830 ‹lie
457 1799 671 1833 fundamenta
693 1800 765 1838 hat,
794 1811 830 1830 sa
857 1800 918 1830 lum
940 1811 1010 1830 man
1032 1799 1151 1840 tuyeud

167 1843 265 1873 draus
283 1843 419 1873 macheu.
467 1843 611 1877 Caesar:
633 1845 671 1874 Ιη
695 1843 793 1874 milite
815 1854 874 1874 nou
905 1843 1003 1873 solum
1032 1844 1150 1882 maslai-

166 1887 303 1917 ἲιιιίἰηριιι
327 1888 432 1930 αηίψΐ,
455 1888 512 1917 sed,
534 1889 627 1919 elium
654 1887 838 1917 modestiam
866 1889 1002 1928 requiro,
1052 1887 1150 1917 {Velm

810 140 921 173 PHlL.
944 139 1048 173 MEL.
1072 139 1259 173 SCRIPTA
1282 140 1549 174 EXEGETICA.

167 1931 217 1962 εἰη
240 1930 320 1959 knab
339 1931 476 1970 freneliy
499 1935 549 1967 ist,
574 1931 760 1972 impudens,
784 1941 890 1963 vanus
914 1936 946 1962 et
967 1929 1081 1969 heluo,
1106 1931 1150 1961 cla
1174 1932 1177 1941 ¹

166 1973 248 2005 wir-(l
267 1973 369 2003 nichts
391 1978 464 2013 yut-s·
487 1985 552 2005 αιιε.
599 1974 767 2006 Modestia
790 1980 842 2006 est
865 1975 985 2013 virtus,
1008 1984 1094 2016 quae
1116 1975 1151 2005 in

168 2023 279 2061 gestu,
304 2017 336 2047 in
355 2027 509 2049 sermone
528 2024 560 2049 et
583 2018 737 2059 opinione
760 2018 801 2049 de
823 2019 921 2050 nobis
945 2023 1059 2049 servat
1071 2028 1151 2050 con-

169 2061 322 2103 gruentia
356 2070 542 2102 personae,
576 2071 661 2091 tcemz
691 2063 740 2091 ein
763 2061 844 2092 lcnab
866 2061 1010 2102 lleryelzet
1033 2063 1066 2091 in
1089 2071 1151 2091 zer-

168 2103 360 2133 sclmt‘ttenen
384 2103 489 2139 hosen,
512 2104 578 2133 und
600 2104 731 2134 lcurtzem
749 2103 846 2139 rock,
882 2111 934 2136 est
962 2103 1084 2137 malum
1107 2105 1150 2136 si-

169 2157 279 2188 gnum,
303 2152 335 2178 et
357 2157 425 2178 nou
459 2153 511 2178 est
544 2148 578 2179 iu
606 2147 663 2179 tali
689 2154 808 2180 natura
829 2148 1002 2180 modestia.
1048 2147 1151 2180 Hero-

168 2191 284 2222 dotus:
307 2189 422 2220 ‚Mulier
445 2201 512 2220 cum
536 2194 615 2220 veste
650 2191 780 2232 deponit
799 2191 972 2232 pmlorem;
993 2192 1054 2224 sed
1083 2202 1152 2223 non

168 2232 278 2265 solum
301 2232 441 2273 mulier,
475 2244 590 2266 verum
614 2235 713 2266 etiam
736 2233 946 2267 adolescens.
992 2224 1152 2278 Magnum

169 2277 274 2308 decus
298 2282 331 2308 et
353 2282 582 2309 ornamentum
610 2288 773 2310 summum
801 2279 834 2309 in
854 2277 1078 2321 ,adolescente
1101 2285 1152 2310 est

168 2320 341 2352 modestia.
488 2346 491 2349 .

255 2363 332 2395 Non
355 2369 481 2395 tantum
505 2369 582 2396 sunt
603 2364 636 2395 in
660 2362 795 2396 Christo
830 2370 863 2396 et
884 2364 1032 2397 Iohanne
1064 2364 1152 2397 istae

170 2405 316 2448 pueriles
350 2407 513 2446 virtutes,
547 2417 580 2437 es
612 2407 686 2437 sind
718 2417 828 2447 grosse
851 2407 930 2438 ΙιοΙιε
953 2417 1097 2441 caussae
1118 2409 1153 2440 in

170 2455 322 2492 utroque,
345 2456 502 2492 quantum
526 2451 569 2482 ad
593 2449 839 2483 confessionem
862 2453 990 2483 attinet.

256 2492 488 2523 Sacramentum
512 2499 562 2525 est
586 2494 776 2526 ceremonia
804 2494 961 2526 divinitus
990 2495 1152 2534 instituta,

171 2545 256 2577 quae
280 2542 332 2567 est
355 2537 486 2580 signum
509 2537 752 2579 promissionis.
807 2536 949 2569 Turcica
982 2538 1153 2570 circumci-

171 2579 223 2610 sio
246 2589 314 2611 non
337 2586 387 2611 est
410 2586 677 2615 sacramentum,
712 2581 790 2623 quia
819 2580 885 2613 iam
912 2587 966 2612 est
987 2581 1153 2623 abrogata

171 2623 392 2662 circumcisio,
414 2629 466 2656 est
494 2634 581 2665 opus
616 2622 871 2658 idololatricum.
916 2623 1074 2656 Iohannis
1097 2635 1151 2658 ce-

1177 2517 1180 2552 i

2125 143 2191 177 940

1206 240 1357 272 remonia
1380 246 1432 273 est
1454 241 1611 278 divinitus
1635 241 1795 281 instituta,
1807 243 1886 285 quia
1908 244 1982 285 ipse
2003 243 2189 287 habetpro-

1206 284 1384 315 missiones
1407 295 1426 315 a
1449 283 1535 323 Deo,
1559 284 1622 314 cml
1655 295 1688 314 es
1719 285 1775 315 hat
1803 288 1853 316 ein
1874 287 2032 317 seltzames
2053 289 2187 319 anselme

1204 326 1328 366 yclzabt,
1352 328 1396 357 cla
1419 326 1572 359 Christus
1596 338 1652 358 vor
1675 328 1866 360 beschuitten
1889 341 1975 365 war,
2012 331 2073 361 vncl
2094 332 2188 372 yelzet

1205 370 1346 400 ‹laruas-lt
1365 382 1400 400 zu
1415 370 1565 405 Iohanne,
1589 371 1651 401 ond
1673 371 1732 402 lest
1754 373 1822 404 siclt
1844 374 1968 414 tauffeu,
1992 375 2054 404 ond
2075 375 2187 406 weicht

1204 423 1263 442 von
1286 413 1343 443 der
1366 415 1594 446 circumcis-ion,

1204 527 1359 570 Suntne
1402 536 1654 570 sacramenta
1692 537 1854 572 tantum
1891 531 2007 587 signa
2044 533 2187 575 distin-

1486 590 1628 630 ctionis
1659 591 1898 632 hominum?

1290 670 1504 713 Respondeo.
1550 672 1641 709 Nom
1665 674 1727 705 sed
1760 675 1858 706 etiam
1886 680 1923 706 ut
1946 685 2087 717 agamus
2111 686 2189 709 cum

1204 714 1297 752 De03
1320 716 1397 747 item
1420 722 1455 746 ut
1485 716 1631 748 sciamus
1667 717 1731 748 ista
1765 728 1847 750 esse
1876 718 1974 760 signa
2008 717 2188 751 voluntatis

1203 758 1266 789 Dei
1285 769 1367 800 erga
1390 768 1474 797 n05‚
1508 766 1627 800 postea
1661 761 1739 802 quia
1762 767 1894 802 oportet
1917 771 1995 793 esse
2017 762 2116 803 signa
2139 762 2187 794 di-

1203 802 1406 843 stinguentia
1430 800 1666 834 confessionis.
1712 803 1878 836 lohannes
1902 805 2083 846 baptizavit
2106 805 2185 837 divi-

1204 845 1292 876 nitus
1316 850 1470 882 vocatuS‚
1493 852 1525 876 et
1548 845 1663 878 habuit
1686 848 1874 879 testimonia
1897 848 2019 886 divina,
2031 848 2108 890 quia
2130 859 2188 881 ve·

1203 889 1249 920 nit
1272 888 1315 920 ad
1338 898 1412 920 eum
1427 887 1580 932 Christus
1603 890 1687 931 ipse,
1707 896 1740 922 et
1762 889 1833 923 vult
1846 891 2020 933 baptizari.
2064 891 2088 922 1.
2108 890 2187 924 ldeo

1203 930 1275 964 vult
1298 932 1458 973 baptizari
1481 931 1658 971 Christus,
1694 934 1770 974 quia
1803 935 1876 975 ipse
1904 933 1976 966 vult
1997 934 2189 975 approbare

1205 975 1403 1016 baptismum
1427 973 1594 1007 Iohannis.
1644 975 1730 1012 Quia
1763 978 1836 1018 ipse
1870 978 2070 1019 baptizatur:
2104 987 2187 1020 ergo

1203 1019 1380 1060 approbat.
1436 1018 1513 1050 Non
1547 1019 1681 1051 damnat
1710 1020 1854 1061 priorem
1887 1019 2096 1056 Ecclesiam,
2125 1021 2187 1053 sed

1203 1062 1374 1103 coniungit
1423 1060 1520 1093 simul
1570 1062 1855 1095 circumcisionem
1900 1070 1932 1096 et
1976 1064 2186 1105 baptismum.

1202 1105 1241 1136 Π.
1287 1105 1372 1141 Quia
1395 1104 1500 1137 voluit
1523 1115 1601 1136 esse
1620 1108 1801 1138 membrum
1835 1105 1933 1138 huius
1966 1112 2104 1138 nostrae
2125 1105 2187 1138 Ec-

1203 1147 1349 1187 clesiae,
1384 1159 1470 1190 quae
1494 1154 1546 1180 est
1569 1150 1734 1190 baptismo
1758 1149 1910 1182 collecta.
1956 1148 2008 1182 111.
2054 1149 2188 1182 Caussa

1202 1203 1326 1224 arcano
1350 1198 1412 1222 est.
1459 1191 1574 1223 Voluit
1603 1193 1793 1235 significare
1823 1203 1885 1226 suo
1910 1194 2073 1235 baptismo
2096 1191 2187 1226 ablui

1202 1240 1476 1276 nosti-apeccata
1498 1235 1532 1266 in
1559 1245 1622 1267 suo
1647 1246 1812 1278 corpore.
1846 1238 1879 1268 in
1913 1246 1976 1268 suo
2011 1237 2185 1278 sanguine.

1203 1279 1297 1314 Quae
1320 1277 1374 1310 hic
1396 1285 1541 1320 aguntur
1563 1280 1595 1310 in
1621 1280 1808 1322 baptismO,
1842 1280 2010 1322 pertinent
2039 1280 2083 1311 ad
2109 1289 2187 1311 con·

1200 1321 1392 1354 sessionem.

1287 1365 1445 1397 Iohannis
1468 1366 1636 1397 recusatio
1655 1372 1707 1397 est
1728 1367 1825 1398 etiam
1849 1367 1980 1409 signum
2003 1364 2186 1398 consessio-

1201 1410 1270 1441 nis:
1298 1408 1343 1438 Tu
1365 1420 1397 1438 es
1419 1408 1561 1438 dominns
1583 1408 1672 1438 huius
1695 1409 1861 1448 baptismi,
1896 1419 1993 1450 neque
2027 1419 2108 1448 opus
2137 1412 2186 1445 est

1201 1453 1261 1484 tibi
1283 1453 1444 1491 baptismo.
1492 1451 1623 1483 Deinde
1643 1452 1774 1484 additur
1803 1453 1966 1494 baptismo
1991 1451 2116 1484 Christi
2139 1458 2186 1484 te-

1202 1497 1390 1528 stimonium
1420 1494 1521 1526 totius
1554 1495 1730 1533 trinitatis,
1764 1506 1850 1537 quae
1884 1497 2051 1537 approbat
2081 1495 2185 1536 bapti·

1203 1550 1319 1572 smum·
1367 1537 1416 1570 Tu
1440 1547 1499 1576 eS,
1534 1538 1590 1579 qui
1619 1539 1764 1570 restituis
1778 1561 1787 1576 ‚
1821 1539 1877 1580 qui
1899 1538 2106 1576 sanctificas,
2129 1537 2188 1580 qui

1202 1582 1292 1615 tollis
1315 1586 1462 1623 peccata.
1513 1579 1623 1612 Docet
1656 1591 1718 1612 uos
1752 1580 1892 1622 implere
1928 1591 2060 1615 omnem
2093 1581 2186 1613 iusti·

1203 1628 1290 1662 tiam,
1315 1624 1443 1657 scilicet
1461 1622 1706 1665 particularem,
1729 1630 1761 1656 te
1784 1630 1891 1663 tuam,
1914 1635 1967 1657 me
1990 1634 2097 1656 meam
2120 1629 2186 1656 etc.

1202 1670 1277 1701 Tibi
1299 1669 1489 1700 mandatum
1512 1673 1576 1706 est,
1598 1674 1634 1699 ut
1653 1668 1813 1709 baptizes,
1836 1669 1932 1706 mihi,
1964 1675 2002 1700 ut
2023 1667 2185 1709 baptizer.

1202 1714 1425 1754 Posteaquam
1449 1711 1550 1752 igitur
1573 1710 1727 1742 Christus
1751 1712 1937 1752 baptizatus
1961 1719 2030 1750 est,
2052 1711 2187 1743 additur

1203 1757 1366 1800 apparitio
1385 1754 1487 1786 totius
1512 1753 1688 1793 trinitatis,
1722 1753 1830 1796 qualis
1863 1765 2032 1797 nunquam
2059 1754 2187 1796 scripta

1204 1810 1264 1832 est.
1310 1797 1437 1831 Paulus
1461 1797 1540 1829 dicit
1571 1807 1610 1828 se
1643 1803 1773 1839 raptum
1797 1808 1874 1830 esse
1900 1799 1933 1830 in
1956 1799 2089 1830 tertium
2112 1807 2186 1829 coe·

1202 1842 1282 1882 lum,
1306 1843 1339 1875 id
1363 1847 1426 1879 est,
1450 1841 1483 1872 iu
1507 1847 1725 1882 conspectum
1747 1840 1834 1880 Dei,
1870 1847 1904 1873 et
1927 1841 2099 1884 distinguit
2120 1839 2187 1872 Dei

1203 1888 1319 1919 sedem
1341 1897 1362 1918 a
1385 1885 1517 1916 duobus
1540 1883 1656 1916 coelis.
1703 1884 1847 1916 Primum
1870 1884 1999 1916 coelum
2033 1889 2086 1916 est
2115 1886 2186 1921 aer,

1204 1931 1388 1963 secundum
1411 1927 1543 1960 coelum
1566 1934 1619 1959 est
1641 1933 1710 1959 tota
1732 1927 1900 1967 maehina,
1931 1928 1986 1959 ubi
2008 1933 2086 1958 sunt
2107 1925 2185 1958 stel-

1204 1974 1269 2006 lae.
1314 1972 1460 2004 Tertium
1484 1970 1615 2003 coelum
1637 1972 1784 2002 nominat
1806 1969 1896 2002 illam
1917 1971 2042 2009 sedem,
2064 1970 2123 2002 ubi
2145 1978 2186 2001 se

1204 2018 1299 2050 Deus
1324 2015 1485 2052 ostendit3
1507 2015 1568 2046 sed
1590 2015 1645 2046 hic
1664 2020 1715 2047 est
1736 2013 1897 2046 illustrior
1919 2015 2100 2056 apparitio,
2128 2012 2188 2045 ubi

1204 2066 1343 2105 apparet
1361 2064 1466 2102 pater,
1490 2057 1578 2090 fitius
1601 2064 1633 2090 et
1657 2058 1800 2098 Spiritus
1823 2062 1971 2090 sanctus.

1290 2104 1362 2136 Nos
1392 2103 1425 2134 in
1447 2100 1603 2134 Ecclesia
1630 2106 1761 2142 oportet
1784 2110 1972 2142 agnoscere
1994 2098 2114 2138 Deum,
2143 2098 2185 2131 si-

1205 2155 1261 2181 cut
1283 2158 1323 2179 se
1345 2145 1517 2188 patefecit;
1539 2142 1753 2185 philosophia
1775 2154 1843 2175 non
1866 2145 1916 2176 sic
1937 2143 2106 2185 loquitur,
2133 2146 2188 2174 est

1204 2191 1447 2235 qualiscunque
1469 2188 1586 2219 notitia
1609 2188 1650 2220 de
1662 2187 1736 2219 Deo
1759 2193 1903 2220 naturae
1924 2187 2100 2227 impressa,
2122 2184 2186 2217 sed

1204 2236 1358 2268 divinitas
1392 2231 1491 2264 nobis
1525 2240 1563 2263 se
1598 2231 1648 2262 sic
1681 2229 1862 2272 patefecit,
1893 2231 1982 2272 quod
2012 2230 2055 2261 sit
2078 2233 2187 2270 pater,

1204 2279 1294 2322 quod
1325 2277 1368 2308 sit
1399 2274 1511 2313 filius,
1546 2280 1579 2305 et
1612 2274 1754 2315 Spiritus
1789 2279 1937 2306 sanetus.
1982 2272 2035 2304 De
2060 2271 2130 2304 filio
2152 2276 2188 2304 et

1203 2328 1300 2364 patre
1321 2325 1399 2352 sunt
1421 2327 1584 2359 expressa
1602 2318 1788 2349 testimonia
1810 2318 1844 2349 in
1869 2318 1975 2359 primo
2005 2316 2113 2357 capite
2134 2313 2187 2347 Io-

1203 2366 1336 2403 hannis,
1361 2364 1402 2394 de
1424 2361 1549 2403 Spiritu
1570 2368 1689 2393 sancto
1712 2361 1745 2393 in
1769 2361 1985 2403 sequentibus
2009 2359 2185 2401 capitibus.

1289 2408 1391 2438 Pater
1423 2410 1475 2436 est
1509 2414 1678 2446 persona,
1713 2414 1800 2446 quae
1833 2405 1876 2436 ab
1909 2408 2046 2434 aeterno
2079 2401 2187 2444 gignit

1204 2450 1307 2484 filium
1330 2450 1374 2482 ad
1395 2448 1570 2490 imaginem
1593 2458 1710 2486 suam,
1740 2453 1774 2479 et
1808 2457 1883 2479 cum
1913 2445 1982 2477 filio
2007 2451 2041 2478 et
2062 2444 2189 2486 Spiritu

1204 2501 1324 2527 sancto
1346 2492 1493 2526 condidit
1526 2501 1643 2523 omnes
1678 2491 1821 2532 species.
1865 2489 2000 2522 Creatio
2032 2498 2101 2520 non
2135 2492 2190 2520 est

1204 2537 1308 2571 sotius
1331 2536 1448 2578 patris,
1461 2535 1521 2566 sed
1534 2535 1630 2566 etiam
1654 2533 1712 2566 filii
1735 2540 1768 2566 et
1780 2533 1924 2575 Spiritus
1946 2532 2066 2564 sancti.
2090 2530 2188 2567 Quic-

1204 2581 1284 2624 quid
1306 2580 1401 2612 Deus
1424 2579 1494 2620 agit
1516 2584 1612 2610 extra
1634 2588 1695 2616 se,
1728 2582 1833 2620 agunt
1854 2585 2020 2618 personae
2042 2584 2189 2607 commu·

1203 2625 1305 2665 niter;
1340 2623 1401 2656 sed
1434 2621 1524 2655 aliud
1559 2627 1611 2654 est
1644 2620 1736 2664 loqui
1755 2621 1798 2653 de
1819 2619 1970 2653 internis.
2015 2617 2117 2651 Pater
2140 2617 2187 2660 gi·
