2343 2970
192 148 258 182 919
832 147 944 180 PHIL.
968 147 1074 181 MEL.
1104 145 1294 180 SCRIPTA
1316 145 1584 179 EXEGETICA.
2146 150 2213 184 920

283 245 430 287 Spiritus
451 248 584 277 sanctus
604 244 755 286 procedit
772 256 794 275 α
810 248 917 284 patre.
965 242 1081 275 Verbo
1104 253 1178 285 pro·
1229 248 1456 284 peccatorum,
1480 249 1513 275 et
1535 242 1691 275 fieremus
1714 244 1789 276 iusti
1812 243 2039 284 inchoatione,
2076 247 2209 288 imputa-

194 290 336 324 cedendi
359 289 478 321 utimur
501 289 542 320 de
566 288 690 330 Spiritu
714 293 844 326 sancto,
869 292 900 319 et
923 286 1075 318 differunt
1097 297 1176 328 pro·
1229 286 1327 321 tione,
1351 292 1383 317 et
1407 292 1526 328 postea
1549 288 1840 320 consummatione.
1885 291 1923 321 In
1946 298 1993 327 eo,
2016 289 2048 321 id
2072 297 2134 328 est,
2151 301 2212 332 per

196 335 318 366 cedere
340 339 373 365 et
395 333 498 364 nasci.
545 331 730 363 procedere
748 337 800 363 est
822 341 842 363 a
865 330 1011 372 potentia
1023 329 1178 368 volente3
1201 339 1205 373 ι
1231 340 1305 362 eum
1339 336 1372 361 et
1406 338 1543 372 propter
1585 341 1669 362 eum.
1737 330 1817 363 Eius
1857 333 1979 364 iustitia
2020 334 2122 365 restiti
2156 344 2210 366 su-

197 377 304 409 Nasei
336 383 387 409 est
417 387 435 407 a
469 376 616 417 potentia
650 373 868 417 intelligente,
891 375 924 405 id
954 380 1022 409 est,
1057 381 1176 406 mente.
1229 384 1316 412 muS,
1341 374 1427 405 sicut
1450 373 1569 405 Esaias
1593 374 1712 416 inquit:
1737 374 1892 408 Gaudebo
1914 377 1947 407 iu
1965 376 2105 408 Domino
2132 388 2209 417 meo,

195 420 257 453 Hic
282 419 369 452 filius
392 420 455 450 Dei
479 419 659 459 assumpsit
682 418 857 449 humanam
881 423 1044 456 naturam,
1068 418 1178 450 factus
1230 418 1262 448 id
1286 422 1354 455 est,
1387 428 1453 449 non
1476 416 1629 448 laetabor
1651 424 1787 458 propter
1810 429 1914 451 meam
1937 413 2107 459 iusstitiam,
2134 421 2212 463 quia

195 474 257 507 pro
282 464 380 495 nobis
404 464 612 503 deprecator,
636 467 668 493 et
691 462 848 493 derivans
878 462 910 492 in
934 471 972 492 se
995 462 1077 492 iram
1101 461 1178 492 divi·
1231 460 1338 492 induit
1360 471 1412 492 me
1436 462 1631 492 vestimento
1646 461 1787 493 iustitiae
1811 472 1901 503 suae,
1925 462 2052 495 seilicet
2069 465 2145 506 quia
2164 463 2212 496 es-

195 518 273 540 nam
299 513 330 538 et
353 516 493 548 poenam
516 515 577 546 pro
601 505 750 546 peccatis
774 505 906 547 generis
930 505 1073 536 humani.
1119 503 1179 535 llte
1229 504 1297 535 ficit
1319 504 1352 535 in
1375 514 1427 535 ine
1450 514 1545 535 suam
1568 505 1744 543 iustitiam,
1775 506 1952 546 imputatur
1975 507 2052 538 mihi
2076 517 2137 538 sua
2165 508 2211 539 iu-

194 549 283 582 filius
303 550 366 581 Dei
385 547 596 581 inenarrabili
616 549 753 580 decreto
777 549 977 580 constitutus
990 554 1042 579 est
1056 548 1179 579 media·
1229 547 1326 578 stitia.
1374 547 1581 589 Quamquam
1614 553 1722 579 autem
1763 549 1873 580 adhuc
1906 550 2009 581 simus
2043 551 2212 589 immundi,

195 600 250 626 tor
273 599 304 624 et
327 593 526 634 deprecator
548 603 609 633 pro
633 601 759 634 genere
782 590 945 629 humano,
969 590 1025 623 ille
1053 601 1178 622 assum-
1230 600 1339 622 tamen
1363 601 1478 622 sumus
1502 591 1590 630 iusti,
1612 592 1725 623 vestiti
1748 601 1810 623 sua
1832 593 1965 631 iustitia,
1988 593 2021 624 id
2046 599 2108 632 est,
2120 599 2210 625 tecta

194 638 261 679 psit
280 636 456 667 humanam
479 641 641 673 naturam,
665 641 699 666 ut
721 633 841 676 aliquis
854 635 885 665 in
899 645 1021 677 genere
1034 635 1178 666 humano
1230 639 1346 665 nostra
1368 634 1555 666 infirmitate
1585 636 1730 676 regimur
1758 640 1790 666 et
1817 641 2044 668 sustentamur
2062 637 2104 667 ab
2127 637 2210 678 ipso.

196 680 376 712 sustineret
400 688 552 720 poenam,
571 679 648 720 quia
672 678 765 709 Deus
790 676 893 710 voluit
916 677 1073 709 satisfieri
1097 688 1179 709 suae
1316 676 1369 708 111.
1422 676 1483 708 De
1509 676 1822 718 Applicafione,
1850 678 2024 714 Quomodo
2047 680 2211 721 accipian-

193 723 356 761 iustitiae,
384 719 532 764 postulat
567 722 869 762 compensationem
903 720 1179 763 aequivalentem,
1230 726 1283 752 tur
1305 719 1391 751 haec
1413 721 1512 752 bona.
1543 721 1702 753 Homines
1721 732 1789 753 non
1812 728 1978 754 merentur
1996 732 2036 754 ea
2058 722 2128 754 suis
2145 731 2211 754 me·

195 764 324 798 scilicet
358 765 517 806 passione
546 763 603 796 filii
633 764 715 802 Dei,
751 765 806 807 qui
841 771 909 796 stat
943 774 1056 796 coram
1084 769 1179 804 patre
1230 764 1302 794 ritis
1325 769 1381 794 aut
1404 764 1538 804 propria
1561 765 1732 806 dignitate,
1757 765 1818 797 sed
1841 766 1905 797 ista
1916 766 2123 807 accipiuntur
2135 765 2210 797 fule.

197 809 349 841 omnibus
369 809 575 850 temporibus
598 806 817 849 interpellans
840 818 900 849 pro
920 813 991 839 tota
1013 806 1178 839 Ecclesia.
1230 806 1293 838 Hic
1328 812 1459 846 oportet
1488 817 1550 838 vos
1582 806 1768 850 intelligere
1798 809 1982 840 doctrinam
2012 809 2052 840 de
2076 815 2212 840 convcr-

196 853 352 894 Oportuit
373 852 472 894 igitur
495 861 572 883 esse
594 850 706 889 talem,
730 852 783 883 cui
805 857 905 883 notae
924 852 990 882 sint
1010 850 1179 894 cogitatio·
1231 850 1336 881 sione.
1382 849 1481 881 Fides
1512 860 1579 881 uon
1606 857 1658 882 est
1681 852 1791 883 otiosa
1809 852 1977 893 cogitatio,
2001 852 2062 883 sed
2081 857 2132 883 est
2154 850 2211 883 illa

194 906 257 928 nes
280 896 400 937 patris:
431 906 514 937 ergo
544 894 688 936 oportuit
717 905 790 926 eum
820 904 898 926 esse
921 894 1179 935 omnipotentem
1230 893 1306 925 viva
1337 898 1368 924 et
1398 903 1478 924 vera
1501 892 1699 932 consolatio,
1728 905 1827 936 quam
1856 896 1889 926 in
1918 896 2008 926 veris
2037 894 2210 927 doloribus

195 938 299 971 filium
321 938 396 970 Dei.
432 938 493 969 Ille
516 939 678 970 mediator
701 944 752 969 est
775 944 891 970 custos
909 936 1082 969 Ecclesiae
1102 947 1179 969 con·
1230 935 1288 974 illi,
1312 937 1366 978 qui
1390 943 1643 976 convertuntur,
1672 947 1752 968 vere
1776 939 1940 974 sentiunt3
1964 944 1997 969 et
2021 938 2154 979 quando
2178 939 2211 969 in

194 988 309 1015 servat
332 993 418 1020 eam,
442 981 588 1013 vivificat
611 991 695 1019 eam,
715 981 837 1013 liberat
859 991 932 1012 eam
954 991 974 1012 a
997 987 1101 1012 morte
1125 991 1178 1012 ae·
1231 981 1320 1011 veris
1345 978 1519 1011 doloribus
1541 979 1640 1011 homo
1664 986 1829 1012 sustentat
1852 991 1890 1012 se
1917 991 2002 1012 voce
2025 980 2212 1023 Evangelii,

195 1031 300 1057 terna.
346 1025 413 1056 Ista
436 1035 502 1056 non
526 1030 604 1056 sunt
626 1025 688 1055 nisi
709 1025 942 1066 omnipotentis
964 1030 1113 1056 naturae.
1231 1029 1263 1054 et
1286 1023 1432 1055 intuetur
1454 1023 1551 1054 istum
1575 1022 1678 1054 filium
1701 1024 1756 1065 qui
1779 1030 1831 1055 est
1853 1023 1994 1065 supplex
2018 1023 2127 1056 factus
2154 1034 2212 1066 pa-

283 1068 358 1100 Huc
368 1079 456 1100 nunc
476 1074 663 1109 congruunt
681 1068 768 1099 dicta
781 1066 976 1109 prophetica
1009 1066 1178 1099 Micheas:
1230 1066 1284 1104 tri,
1308 1067 1362 1108 qui
1385 1072 1437 1098 est
1461 1068 1662 1098 constitutus
1683 1067 1844 1098 mediator
1861 1073 1895 1098 et
1912 1065 2139 1108 interpellator
2150 1077 2211 1108 pro

194 1112 238 1144 Et
268 1116 303 1143 tu
330 1111 510 1143 Bethlehem
541 1117 602 1142 etc.
648 1111 778 1142 Deinde
815 1111 980 1152 sequitur:
1019 1111 1180 1152 Egressus
1230 1119 1354 1151 genere
1376 1109 1532 1148 humano,
1555 1111 1589 1141 in
1612 1108 1669 1141 illo
1693 1120 1812 1142 revera
1835 1110 1978 1151 Spiritus
2001 1117 2138 1142 sanctus
2161 1115 2214 1141 est

195 1156 265 1188 eius
293 1159 368 1186 ante
397 1156 466 1187 dies
494 1155 621 1193 mundi,
654 1155 685 1185 id
711 1161 778 1193 est,
815 1153 902 1185 filius
926 1153 981 1185 ille
1004 1161 1102 1185 natus
1127 1159 1178 1185 est

194 1205 274 1232 ante
304 1199 375 1230 dies
410 1198 532 1236 mundi,
567 1205 598 1229 et
630 1198 760 1239 quidem
790 1204 906 1239 postea
934 1203 1091 1229 versatus
1127 1203 1180 1228 est

196 1253 271 1274 cum
283 1242 445 1283 patribus,
462 1242 534 1282 ipse
553 1239 613 1272 fuit
631 1242 718 1282 apud
731 1241 852 1278 Adam,
871 1241 1054 1279 Abraham,
1071 1240 1178 1277 Isaac,

194 1285 316 1323 Iacob,
340 1291 370 1316 et
394 1286 482 1326 apud
505 1282 662 1326 populum
686 1285 718 1315 in
744 1285 897 1322 deserto,
921 1290 953 1315 et
976 1293 1108 1325 semper
1131 1283 1179 1316 af-

194 1328 256 1360 fuit
290 1326 483 1366 Ecclesiae,
529 1328 614 1359 sicut
656 1329 813 1359 Irenaeus
861 1325 1052 1359 dulcissime
1086 1327 1178 1358 dicit:

194 1371 329 1413 Semper
363 1370 472 1411 adfuit
501 1372 619 1413 yenerz'
649 1371 786 1403 humano
819 1370 905 1412 filius
934 1370 1009 1402 Dei.
1056 1369 1178 1401 Sciatis

193 1416 312 1458 igitur,
345 1421 376 1446 et
399 1415 497 1446 vobis
516 1425 590 1446 eum
613 1414 752 1453 adesse,
778 1415 936 1445 exaudire
958 1423 1042 1452 vos,
1066 1419 1098 1444 et
1122 1414 1178 1444 de-

193 1457 332 1490 fendere
354 1468 416 1490 vos
436 1463 553 1490 contra
575 1463 773 1499 potestatem
796 1456 941 1489 Diaboli.

282 1501 319 1534 11.
354 1500 414 1533 De
435 1499 670 1533 beneficiis.
717 1500 885 1532 Beneficia
908 1498 1079 1531 declarata
1102 1504 1179 1531 sunt

194 1545 229 1578 in
252 1545 360 1577 dicto:
382 1545 453 1576 Lex
472 1555 535 1585 per
550 1545 668 1576 Mosen
691 1545 771 1576 daca
794 1547 852 1582 est,
869 1545 984 1585 qratia
1006 1547 1036 1574 et
1052 1544 1179 1574 veritas

193 1599 257 1631 per
279 1588 381 1620 lesum
405 1588 567 1620 Clm‘stum
585 1587 685 1628 sacta
703 1592 759 1619 est.
795 1587 918 1618 Gratia
941 1585 1107 1628 significat
1130 1595 1179 1616 re-

195 1633 388 1665 missionem
411 1638 637 1672 peccatorum,
660 1631 900 1673 reputationem
919 1630 1080 1667 iustitiae,
1104 1629 1180 1669 quia

196 1675 406 1708 verissimum
441 1679 508 1709 est,
547 1675 637 1716 quod
671 1684 777 1717 genus
811 1673 991 1705 humanum
1023 1672 1180 1713 recipitur

197 1724 336 1761 propter
364 1717 470 1750 tilium
498 1717 581 1755 Dei,
610 1723 644 1749 et
669 1723 722 1749 est
744 1717 841 1748 etiam
865 1714 987 1748 efficax
1015 1716 1048 1747 in
1070 1715 1180 1753 nobis,

198 1761 418 1794 communicat
430 1772 527 1793 suam
543 1761 711 1799 iustitiam,
735 1760 932 1791 remissione
954 1765 1181 1801 peccatorum,

197 1806 278 1838 item
307 1805 522 1845 imputatione
550 1805 708 1842 iustitiae,
744 1810 776 1835 et
805 1802 1002 1835 liberatione
1031 1813 1052 1833 a
1074 1807 1180 1833 morte

198 1854 345 1880 aeterna:
376 1855 409 1879 et
437 1848 645 1880 restitutione
672 1848 821 1889 integrae
844 1847 998 1878 iustitiae.
1049 1844 1182 1876 Veritas

200 1891 373 1934 significat
394 1901 450 1922 res
473 1900 593 1928 veras,
623 1901 707 1931 vera
726 1891 824 1923 bona.
870 1888 1024 1921 Christus
1046 1899 1127 1920 vere
1148 1889 1181 1919 in

200 1935 299 1966 nobis
323 1940 385 1972 est,
409 1940 441 1966 et
463 1941 514 1966 est
538 1933 672 1972 efficax,
695 1940 728 1965 et
750 1933 885 1965 inchoat
906 1933 939 1964 in
956 1933 1054 1964 nobis
1067 1942 1182 1964 veram

199 1978 367 2011 iustitiam,
392 1984 423 2008 et
445 1979 545 2009 vitam
569 1983 748 2015 aeternam,
771 1987 859 2018 quae
883 1975 1052 2018 perficitur
1071 1977 1103 2006 in
1116 1976 1184 2007 vita

202 2021 331 2059 lutura,
367 2027 400 2051 et
433 2027 551 2061 postea
585 2021 769 2052 videbimus
803 2030 859 2051 res
888 2029 964 2051 esse
986 2029 1097 2050 veras.
1143 2017 1185 2049 Et
1237 2018 1329 2049 nisse
1351 2016 1522 2051 messiam,
1547 2017 1624 2059 quia
1642 2022 1750 2048 textus
1775 2014 1866 2047 clare
1889 2015 1979 2052 dicit,
2002 2015 2091 2056 quod
2109 2015 2142 2045 in
2158 2012 2218 2046 illa

201 2064 288 2096 haec
321 2070 398 2095 sunt
428 2064 608 2102 beneficia,
641 2074 726 2105 quae
759 2074 819 2104 per
848 2064 955 2105 ipsum
983 2062 1185 2103 accepimus,
1235 2062 1318 2093 urbe
1352 2059 1530 2092 Ierusalem
1565 2065 1674 2091 stante
1718 2057 1828 2090 adhuc
1868 2057 1925 2089 illo
1958 2056 2080 2099 templo
2120 2055 2218 2089 filerit

201 2112 338 2149 propter
376 2113 409 2138 et
437 2118 497 2148 per
535 2107 641 2148 ipsum
679 2113 804 2138 certum
850 2112 902 2137 est
940 2114 1002 2137 nos
1044 2104 1184 2136 sanctifi·
1209 2115 1212 2119 ·
1236 2104 1488 2146 praedicaturus
1511 2101 1672 2134 Messias:
1703 2100 1773 2133 vult
1795 2102 1895 2143 igitur
1913 2099 2129 2143 Evangelista
2153 2109 2217 2131 nos

203 2150 281 2182 cari.
327 2149 456 2182 Interea
496 2151 572 2181 dum
610 2150 720 2181 adhuc
754 2159 869 2181 sumus
908 2150 941 2180 in
980 2149 1044 2180 hac
1085 2149 1184 2179 imbe-
1237 2148 1325 2179 scire
1345 2147 1464 2178 seriem
1488 2151 1519 2177 et
1542 2152 1692 2187 tempora
1714 2145 1938 2176 historiarum.

205 2192 355 2231 ciuitate,
379 2200 457 2225 sunt
479 2193 589 2225 adhuc
612 2193 644 2223 in
676 2194 772 2223 nobis
796 2198 944 2233 peccata.
990 2190 1114 2223 Paulus
1138 2192 1185 2222 in-
1326 2191 1448 2222 Census
1477 2194 1547 2220 erat
1568 2188 1754 2220 aestimatio
1784 2187 1992 2226 facultatum,
2024 2192 2060 2218 ut
2093 2187 2217 2218 scirent

203 2237 292 2279 quit:
321 2237 401 2268 Eum
422 2238 480 2278 ραι·
498 2246 561 2268 non
584 2237 669 2267 novit
694 2240 878 2276 pert-ntum,
911 2245 974 2275 pro
996 2236 1087 2267 uobis
1106 2233 1188 2274 fecit
1208 2244 1215 2263 ι
1238 2234 1393 2267 Romani,
1434 2239 1592 2274 quantum
1621 2230 1772 2263 valerent
1804 2231 1964 2269 exercitu,
1999 2236 2032 2261 et
2064 2230 2216 2271 pecunia,

202 2283 381 2322 peccatum,
404 2285 441 2312 uc
459 2280 605 2322 fieremus
626 2280 750 2310 iustitia
775 2281 808 2309 iu
832 2280 913 2319 [pso.
949 2278 1028 2310 Eum
1050 2281 1106 2319 qni
1123 2286 1187 2309 aon
1209 2267 1215 2290 ¹
1238 2278 1327 2310 unde
1357 2281 1448 2308 esset
1477 2275 1672 2307 sumendum
1703 2275 1900 2316 stipendium
1929 2272 2094 2305 bellicum.
2140 2272 2217 2304 Ideo

204 2325 295 2355 novit
316 2327 506 2364 peccatum]
546 2323 582 2354 ln
601 2321 735 2354 Christo
756 2332 822 2353 non
847 2328 898 2353 est
920 2328 1108 2363 peccatum,
1132 2331 1187 2352 ne·
1239 2319 1399 2352 volebant
1421 2318 1491 2349 fieri
1513 2319 1777 2350 aestimationem
1799 2316 2006 2355 facultatum,
2030 2320 2155 2358 quanta
2168 2324 2217 2347 es-

206 2376 271 2408 que
293 2369 377 2399 mala
400 2366 589 2404 inclinatio,
625 2375 733 2407 neque
761 2363 871 2406 aliqua
893 2364 980 2396 mala
1003 2365 1101 2396 actio.
1146 2364 1189 2395 Et
1240 2371 1293 2396 set
1306 2362 1479 2395 multitudo
1492 2361 1670 2400 hominum,
1683 2370 1768 2403 quae
1780 2367 1894 2392 essent
1906 2358 2098 2397 facultates,
2116 2368 2218 2401 quan-

204 2409 260 2441 hic
282 2410 416 2450 ponitur
438 2415 612 2451 peceatum
635 2419 696 2449 pro
721 2406 943 2439 fundamento.
996 2408 1091 2440 Hunc
1109 2405 1190 2447 fecit
1241 2413 1310 2439 tum
1333 2404 1486 2448 singulae
1508 2405 1698 2445 provinciae
1718 2405 1865 2446 pendere
1886 2408 2036 2445 possent.

202 2454 384 2494 peccatum]
408 2453 470 2485 Hic
491 2453 624 2494 ponitur
650 2457 823 2494 peccatum
837 2461 896 2491 pro
909 2452 1061 2489 termino,
1083 2452 1191 2489 idest,
1329 2449 1446 2481 Maria
1481 2449 1634 2480 transivit
1667 2458 1708 2480 en:
1740 2446 1910 2479 Nazareth
1943 2447 1977 2478 in
2010 2444 2218 2482 Bethlehem]

204 2494 286 2528 fecit
305 2506 381 2529 eum
403 2497 556 2538 quiddam
579 2505 674 2527 reum
693 2502 726 2527 et
751 2495 932 2533 abiectum,
959 2495 1192 2527 sustinentem:
1243 2493 1376 2532 Videte,
1399 2490 1508 2533 qualis
1531 2491 1666 2523 miseria
1686 2490 1796 2523 fuerit.
1829 2489 1994 2522 Nazareth
2018 2487 2078 2520 suit
2100 2489 2133 2519 in
2151 2486 2220 2518 Gu-

205 2549 348 2581 poenam
377 2550 438 2580 pro
466 2541 616 2582 peccatis
657 2538 793 2570 nostris.
844 2535 903 2568 llla
935 2539 1053 2579 ingens
1083 2544 1116 2569 et
1145 2538 1192 2568 in·
1243 2535 1362 2574 lilaea,
1395 2534 1527 2567 fuerunt
1549 2536 1644 2576 quasi
1667 2534 1801 2573 exules,
1835 2539 1869 2565 et
1898 2533 1993 2575 quasi
2020 2538 2114 2564 extra
2137 2539 2218 2562 suas

207 2582 405 2614 enarrabilis
433 2584 484 2615 ira
507 2589 559 2615 est
587 2583 730 2614 detrusa
758 2582 790 2612 in
813 2579 932 2619 filium,
963 2584 1000 2611 ut
1021 2591 1080 2612 nos
1101 2581 1192 2622 fiere-
1235 2580 1494 2621 possessionem
1527 2585 1622 2609 erant
1655 2578 1740 2610 enim
1769 2587 1811 2608 ex
1843 2577 1930 2608 tribu
1958 2575 2039 2608 Iuda
2059 2573 2220 2606 Mariaet

206 2635 277 2658 mus
300 2626 439 2665 izzstitia,
462 2627 494 2658 id
518 2632 581 2665 est,
604 2632 640 2658 ut
662 2635 726 2657 nos
745 2624 943 2657 haberemus
961 2624 1192 2656 remissionem
1244 2623 1383 2664 Ioseph3
1416 2621 1478 2663 ipsi
1501 2620 1619 2663 procul
1640 2621 1872 2653 habitaverunt
1895 2624 2030 2661 propter
2057 2617 2165 2649 tristia
2185 2622 2220 2648 et

1231 1151 1369 1191 efficax,
1403 1161 1434 1184 et
1458 1152 1540 1184 fides
1566 1153 1759 1185 accenditur
1782 1154 1814 1184 in
1838 1154 1953 1191 corde,
1975 1164 2042 1195 qua
2065 1153 2131 1184 fide
2153 1162 2214 1185 cor

1231 1196 1415 1238 acquiescit
1443 1197 1477 1227 in
1506 1196 1571 1228 hoc
1601 1195 1668 1227 filio
1701 1203 1733 1227 et
1756 1197 1788 1227 in
1812 1196 1897 1228 Deo.
1944 1197 1992 1228 lta
2014 1197 2114 1228 homo
2133 1202 2214 1228 tunc

1231 1247 1283 1271 est
1316 1245 1472 1280 receptus
1496 1246 1633 1281 propter
1666 1238 1757 1271 illum
1786 1241 1893 1282 ipsum
1917 1239 2018 1271 filium
2047 1249 2113 1270 non
2136 1250 2213 1281 pro·

1231 1284 1302 1324 pria
1327 1283 1499 1325 dignitate.
1544 1284 1684 1324 Oportet
1707 1283 1773 1314 fide
1795 1294 1854 1314 eor
1877 1284 2006 1315 intuere
2024 1282 2124 1314 filium
2138 1283 2214 1319 Dei,

1231 1326 1287 1368 qui
1319 1324 1428 1358 tactus
1463 1331 1514 1358 est
1547 1326 1697 1363 victima;
1731 1332 1764 1358 et
1790 1332 1843 1358 est
1874 1325 2103 1368 interpellator
2125 1327 2214 1367 apud

1230 1375 1377 1410 patrem,
1400 1375 1432 1400 et
1455 1375 1490 1400 te
1513 1375 1660 1401 statuere
1683 1375 1832 1411 oportet,
1855 1371 1944 1411 quod
1966 1370 2043 1401 Deo
2065 1368 2215 1411 placeas,

1231 1423 1430 1454 quamquam
1448 1422 1486 1443 es
1508 1413 1619 1443 miser.

1318 1455 1407 1486 lia-iit
1436 1455 1598 1486 decretvm
1630 1466 1651 1486 a
1686 1454 1854 1495 Caesare]
1899 1454 1973 1488 Fuit
2005 1455 2213 1496 praedictum

1231 1504 1404 1530 venturum
1424 1496 1524 1529 filium
1547 1497 1610 1529 Dei
1633 1499 1665 1529 in
1688 1504 1807 1539 quarta
1828 1497 2042 1530 Monarchia:
2073 1499 2147 1529 ideo
2176 1496 2214 1528 fit

1231 1542 1354 1572 mentio
1378 1540 1533 1572 Caesaris
1556 1541 1712 1583 Augusti.

1419 1630 1503 1671 Ubi
1534 1631 1611 1671 hoc
1644 1637 1706 1670 est
1736 1629 2019 1685 praedictum?

1320 1714 1532 1755 Respondeo.
1577 1713 1614 1745 ln
1636 1712 1777 1745 Daniele
1799 1713 1930 1745 duabus
1954 1712 2156 1749 visionibus3
2178 1718 2216 1745 ut

1232 1758 1331 1800 igitur
1354 1757 1509 1789 ostendat
1528 1755 1727 1798 completam
1749 1765 1828 1788 esse
1843 1755 2113 1797 praedictionem,
2134 1754 2216 1788 facit

1232 1802 1430 1833 mentionem
1472 1806 1610 1842 quartae
1645 1799 1873 1831 Monarchiae.
1930 1797 2095 1842 Congruit
2129 1799 2215 1831 enim

1235 1855 1308 1876 cum
1342 1843 1407 1875 hac
1439 1843 1679 1885 praedictione:
1713 1842 1792 1874 Non
1821 1842 1990 1882 auferetur
2011 1846 2171 1884 sceptrum
2193 1852 2216 1873 a

1233 1888 1332 1925 Iuda,
1356 1888 1459 1919 donec
1480 1888 1603 1918 tenerit
1624 1886 1706 1925 Silo,
1729 1887 1762 1918 id
1785 1891 1846 1924 est,
1869 1886 1949 1917 Iuda
1971 1886 2031 1917 erit
2053 1886 2216 1926 tantisper

1235 1930 1366 1973 politia,
1403 1931 1512 1962 donec
1536 1930 1664 1962 venerit
1686 1929 1846 1961 Messiasa
1880 1928 1993 1970 politia
2026 1929 2113 1960 enim
2137 1927 2216 1960 luda

1235 1976 1300 2006 iam
1323 1973 1405 2006 nihil
1427 1979 1479 2005 est
1506 1974 1601 2005 annis
1628 1973 1722 2004 1470.
1778 1972 1869 2014 Ergo
1902 1981 2044 2003 necesse
2078 1977 2130 2003 est
2161 1980 2216 2002 ve-
