2343 2970
133 165 196 198 961
823 164 1043 197 POSTlLLA
1065 163 1465 196 MELANTHONIANA.
2079 165 2145 198 962

133 261 265 293 catione
287 261 320 291 in
342 258 590 291 afflictionibus.
636 258 789 292 Christus
806 270 873 291 non
891 258 1010 291 liberat
1022 259 1113 301 Apo-

131 302 242 335 stolos
264 313 284 334 a
307 309 522 344 tempestate,
558 302 620 334 nisi
643 304 736 344 prius
770 314 844 334 eum
874 303 1113 334 itu-ocaverint.

132 345 207 378 Hoc
230 344 382 387 exemplo
407 352 548 377 testatur
567 356 605 378 se
627 356 648 377 a
681 346 779 377 nobis
814 347 982 388 requirere
1015 346 1113 377 istum
1136 353 1137 356 ’

133 388 257 421 cultum
279 389 312 420 in
346 387 593 427 afflictionibus,
616 395 651 420 ut
673 390 714 420 ad
739 389 847 430 ipsum
868 389 1114 430 confugiamus,

133 438 167 464 et
202 438 352 473 petamus
383 433 424 463 ab
461 442 501 463 eo
535 431 702 463 auxilium.
755 431 899 474 Ideoque
922 432 1114 474 priimquam

133 485 193 507 eos
216 474 347 510 liberat,
370 476 479 516 arguit
501 475 648 516 ipsorum
667 474 946 513 incredulitatem,
971 481 1002 506 et
1024 476 1115 506 iubet

133 528 194 550 eos
217 528 283 549 non
307 519 488 559 desperare
516 519 547 549 in
582 518 735 549 adversis
768 519 883 549 rebus:
914 517 985 549 vult
1017 518 1116 558 igitur
1139 541 1142 552 ,

132 561 285 637 ἱηνοοεπὶ
308 561 340 593 in
363 561 612 600 afflictionibus,
631 566 661 592 et
685 567 763 592 tunc
785 571 847 592 nos
871 561 1004 592 exaudit
1027 566 1057 591 et
1080 559 1116 591 li-

157 614 192 635 er
215 610 237 635 ἲ.

194 616 406 682 aQuartus
430 646 548 679 locus
572 652 624 678 est
647 644 831 688 exemplum
855 646 954 685 fidei,
989 652 1022 678 et
1050 645 1116 678 fru-

133 696 208 722 ctus
232 690 314 721 etus.
360 690 518 721 Homines
542 691 598 722 ubi
620 691 760 731 primum
784 690 979 720 audiverunt
997 690 1116 721 docen-

132 737 197 764 tem
211 732 436 771 Christum‚ut
459 739 511 765 est
533 734 564 764 in
587 733 799 774 praecedenti
823 731 970 771 historia,
983 739 1015 763 et
1027 739 1115 773 post-

133 785 170 807 ea
207 775 234 805 st
266 776 300 806 {it
326 775 530 811 viaticulum.
564 780 752 817 agnoscunt
775 785 871 813 eum,
907 782 936 806 et
972 775 1114 807 fatentur
1140 806 1141 810 ,

132 828 203 850 eun*¹
232 829 308 850 vero
334 818 436 850 Deum
458 829 544 858 ess-e,
568 829 670 860 quare
693 828 755 849 nos
791 829 924 860 quoque
954 820 1113 850 dehemus

131 863 336 904 coniungere
360 863 544 893 doctrinam
567 862 659 893 verbi
683 872 756 894 cum
780 861 951 900 miraculo,
964 868 996 893 et
1015 863 1114 900 scire,

130 905 220 946 quod
245 904 403 936 miracula
438 905 535 936 nobis
581 905 823 942 exhibeantur,
858 911 892 936 ut
937 905 1113 936 credamus

131 948 248 979 verbo.
292 947 368 978 Non
398 948 499 990 igitur
531 947 653 979 debent
686 948 770 979 haec
801 948 865 978 duo
889 946 1012 985 divelli,
1037 949 1114 988 quia

131 988 296 1022 Diabolus
319 996 429 1032 potest
453 991 550 1021 ctiam
585 989 743 1022 exhibere
778 989 960 1029 miracula,
994 991 1113 1031 quibus

130 1034 271 1064 seducat
294 1033 465 1067 homines,
500 1034 558 1064 sed
596 1034 768 1064 sciendum
802 1039 853 1064 est
876 1033 1036 1065 miracula
1060 1044 1112 1065 va-

130 1075 201 1107 lere
236 1082 372 1117 propter
405 1077 542 1108 verbum
567 1076 639 1107 Dei.
692 1076 893 1118 Proponitur
926 1077 1023 1107 etiam
1058 1076 1112 1108 hic

131 1118 340 1159 exemplum,
375 1119 464 1160 quod
498 1118 697 1160 glorificatio
728 1128 759 1150 ct
783 1119 988 1160 praedicatio
1013 1120 1112 1151 divini

131 1161 284 1193 beneficii
309 1162 428 1193 debeat
457 1160 530 1192 aliis
565 1161 718 1204 exemplo
753 1172 829 1193 esse
853 1162 895 1193 ad
920 1163 1111 1203 praedican-

130 1205 208 1255 dum
231 1203 370 1278 glorilam
396 1205 470 1242 Dei,
493 1211 525 1236 et
548 1205 833 1246 omnipotentiam,
857 1215 954 1246 quam
977 1205 1112 1237 exhibet

129 1257 162 1279 ln
187 1258 311 1279 nni-acu
328 1257 366 1278 ts.

315 1344 522 1399 Allegoria
554 1345 672 1385 huius
703 1344 923 1400 Evangelii.

214 1417 321 1448 Porro
343 1418 568 1458 interpretatio
598 1417 802 1460 singularum
836 1421 975 1459 partium
1010 1419 1108 1450 histo-

127 1460 198 1491 riae
220 1458 407 1502 elegantem
429 1460 746 1502 habetallcgoriam.
784 1461 925 1491 climens
938 1468 989 1493 est
1002 1462 1109 1501 Deus,

128 1503 184 1544 qui
206 1504 304 1534 nobis
333 1504 470 1545 imponit
503 1503 725 1543 afflictiones,
754 1505 802 1536 ita
825 1511 860 1536 ut.
883 1505 955 1545 ipse
978 1516 1042 1536 uua
1066 1506 1110 1536 sit

126 1546 161 1578 in
184 1547 274 1584 navi,
297 1556 363 1587 quo
387 1547 533 1577 ostendit
560 1557 622 1578 nos
645 1557 712 1578 non
741 1557 822 1578 casu
844 1546 958 1588 asssigi.
1005 1548 1109 1577 Disci-

122 1588 196 1629 puli
217 1589 406 1631 significant
429 1599 545 1621 omnes
564 1590 649 1630 pios,
667 1590 722 1631 qui
746 1591 847 1622 variis
871 1589 1108 1623 afflictionibus
1133 1629 1135 1636 Ι

128 1637 161 1664 et
184 1631 427 1663 calamitatibus
451 1638 527 1662 sunt
552 1633 696 1663 obnoxii.

215 1674 371 1705 Nuvz'cula
396 1675 505 1706 carnis
529 1675 748 1707 infirmitatem
773 1675 1056 1717 designant,quae
1076 1677 1108 1707 in

126 1715 309 1749 afflictione
337 1728 469 1759 semper
502 1718 544 1748 aul
575 1719 837 1759 (le-perationem
874 1724 990 1761 urget,
1024 1721 1108 1751 sicut

128 1759 266 1803 elegans
290 1761 420 1801 pictura
448 1762 517 1792 eius
541 1762 589 1792 rei
613 1763 798 1792 continetur
821 1762 853 1792 in
876 1762 940 1792 hoc
959 1761 1108 1801 Evange-

126 1801 185 1834 lio.
229 1803 333 1834 Navis
356 1803 422 1834 hue
444 1810 544 1845 atque
578 1802 656 1835 illue
678 1803 837 1842 vacillat,
872 1810 903 1835 et
938 1806 969 1835 iu
993 1806 1108 1836 mediis

127 1845 284 1878 fluctibus
307 1847 435 1878 incerta
459 1853 609 1888 vagatur,
633 1846 697 1878 hoc
721 1852 794 1886 est,
829 1848 1053 1879 eonscientiae
1075 1849 1107 1879 in

126 1889 385 1921 adversitatibus
409 1889 600 1921 mirabiliter
633 1889 846 1928 afficiuntur,
880 1891 990 1922 varias
1024 1890 1107 1923 astli-

127 1932 258 1964 ottones
282 1933 428 1964 sentiunt
450 1933 494 1964 ad
517 1933 782 1974 desperationem
810 1933 1041 1974 impellentes,
1075 1940 1107 1965 et

126 1974 160 2006 in
183 1975 247 2006 hac
270 1977 345 2007 navi
365 1982 442 2007 sunt
455 1975 622 2016 Apostoli,
640 1977 671 2006 id
696 1982 758 2013 est,
782 1976 825 2016 pii
850 1987 976 2015 omnes,
1000 1978 1107 2009 donee
1132 1994 1134 1997 ·

126 2017 160 2048 in
179 2018 243 2049 hac
267 2029 369 2050 carne
391 2025 479 2057 sunt,
492 2019 629 2050 haerent
652 2020 683 2050 in
708 2017 765 2050 illa
789 2019 975 2051 infirmitate
999 2026 1030 2051 et
1052 2031 1106 2052 an-

128 2061 264 2099 xietate,
288 2071 373 2102 quae
397 2061 624 2093 circumvallat
649 2072 708 2093 eos
732 2062 882 2094 adversis
906 2064 1018 2094 rebus.

215 2105 305 2134 Mare
327 2105 492 2146 signifieat
514 2106 746 2146 tnumlutu.qui
770 2106 869 2137 variis
892 2107 999 2137 modis
1022 2104 1106 2138 affli-

128 2147 176 2190 git
198 2149 284 2188 piOS,
308 2154 339 2178 et
362 2150 394 2179 in
427 2148 493 2178 hoe
528 2149 609 2180 mari
643 2149 837 2179 necessario
871 2148 1049 2181 volvuntur
1074 2156 1105 2181 et

126 2190 356 2231 periclitantur
388 2201 504 2222 omnes
536 2192 602 2232 pii,
636 2192 723 2222 sieut
763 2192 861 2223 etiam
895 2193 1038 2234 pingitur
1073 2193 1132 2236 in,

125 2234 270 2274 imagine
289 2235 352 2265 divi
367 2233 609 2275 Christophori,
623 2235 715 2266 cuius
730 2234 913 2276 exemplum
934 2236 975 2266 ad
989 2246 1105 2267 omnes
1130 2262 1131 2267 ,

124 2278 277 2319 pertinet.
322 2277 421 2312 (Vide
445 2278 475 2308 in
501 2278 678 2308 Rhetorica
698 2277 865 2319 Philippi.)

213 2319 378 2350 procellae
401 2320 591 2362 significant
614 2320 765 2351 homines
789 2327 960 2363 tyrannOS,
989 2321 1104 2353 haere-

1163 260 1410 302 impugnantur.
1455 259 1548 291 Sicut
1571 259 1655 290 enim
1680 265 1798 290 ventus
1821 261 1931 291 turbat
1954 270 2044 292 mare
2057 266 2089 292 et
2112 261 2145 293 in

1164 312 1205 333 co
1228 309 1443 344 tempestates
1475 304 1611 334 excitat:
1646 303 1690 333 ita
1724 301 1888 333 Diabolus
1923 304 2078 334 mundum
2113 309 2146 336 et

1164 346 1281 386 impios
1304 346 1417 377 incitat
1441 346 1483 377 ad
1508 346 1784 387 persecutionem,
1807 351 1839 376 et
1862 346 2046 377 nocendum
2071 347 2144 388 piis.

1166 389 1241 420 ldeo
1261 389 1356 419 mittit
1378 399 1458 420 suos
1483 388 1583 420 ssatus
1607 389 1637 419 in
1662 387 1810 419 homines
1846 390 1950 419 varie:
1986 388 2063 420 hinc
2097 389 2143 428 fit,

1165 437 1201 463 ut
1224 430 1277 462 alii
1300 437 1414 473 aperta
1438 432 1469 463 vi
1494 434 1685 474 impugnent
1706 430 1905 468 Ecclesiam,
1928 431 1982 472 qui
2013 433 2144 473 tyranni

1165 475 1384 506 nominantur.
1430 474 1494 506 Alii
1520 485 1601 506 vero
1620 481 1794 516 praetextu
1824 475 1954 516 pietatis
1984 481 2146 506 conantur

1166 524 1317 549 evertere
1349 518 1554 555 doctrinam,
1588 524 1620 549 et
1655 517 1759 549 salsas
1793 516 1953 548 haereses
1989 519 2144 549 excitare.

1167 560 1238 592 liae
1262 566 1337 591 sunt
1357 561 1495 591 virtutes
1520 559 1674 595 Diaboli,
1705 571 1778 591 cum
1803 561 1922 602 quibus
1947 566 1997 591 est
2020 561 2052 592 in
2076 561 2146 591 suis

1167 605 1334 641 membris,
1359 603 1513 635 videlicet
1536 603 1745 635 homicidium
1771 609 1802 635 et
1826 604 2054 641 mendacium,
2085 603 2147 634 sed

1168 647 1200 677 in
1223 645 1275 677 his
1300 645 1541 678 calamitatibus
1565 653 1596 677 et
1625 653 1716 677 tanto
1746 656 1881 678 numero
1911 647 2054 678 hostium
2089 658 2146 687 op·

1168 689 1382 730 pugnantium
1406 688 1613 725 Ecclesiam,
1648 689 1802 720 Christus
1831 696 1884 720 est
1917 690 2090 720 nobiscum
2113 690 2146 720 in

1169 733 1255 770 navi,
1271 742 1356 773 quae
1369 739 1504 773 propter
1526 733 1633 774 ipsum
1656 742 1721 764 non
1746 734 1948 774 submerget,
1962 733 1992 763 id
2017 738 2079 770 est,
2103 732 2146 773 pii

1167 782 1344 806 servantur
1366 786 1385 806 a
1420 775 1493 806 Deo
1528 782 1664 817 propter
1701 775 1797 806 fidem
1831 777 1862 806 in
1888 775 2067 813 Christum,
2090 774 2145 816 qui

1140 833 1142 858 }
1168 828 1229 849 nos
1253 818 1389 848 redemit
1412 829 1432 849 a
1454 824 1621 860 potestate
1634 818 1767 849 Diuum
1787 820 1915 855 mundi,
1939 830 1956 849 e
1993 819 2145 849 omnibus

1140 866 1142 902 ξ
1167 859 1420 892 calamitatibus.
1466 862 1558 893 Sicut
1581 863 1679 904 igitur
1698 861 1763 892 hoc
1786 860 1862 892 loco
1876 862 2030 893 Christus
2054 870 2146 893 mare

1139 905 1141 945 ξ
1166 910 1275 944 pacat,
1299 911 1328 934 et
1352 904 1385 935 in
1405 903 1583 946 tranquillo
1607 910 1659 936 est
1681 905 1793 935 navis:
1818 905 1862 936 ita
1885 915 2000 936 omnes
2024 905 2067 946 pii
2091 905 2145 936 de-

1139 953 1141 971 i
1167 948 1245 978 bent
1268 953 1445 988 expectare
1467 947 1623 979 auxilium
1647 953 1680 979 et
1701 946 1931 979 liberationem
1946 949 2088 979 divinam
2112 948 2144 978 in

1138 982 1141 1058 j
1166 988 1217 1020 his
1242 989 1495 1028 calamitatibus,
1520 1001 1605 1032 quae
1624 997 1660 1022 ut
1684 1001 1950 1032 consequamur,
1985 991 2144 1022 dehemus

1137 1060 1141 1078 1
1166 1033 1323 1064 invocare
1335 1032 1454 1071 Deum,
1467 1039 1499 1064 et
1523 1034 1551 1064 ei
1576 1040 1724 1065 nostram
1747 1033 1888 1065 salutem
1913 1034 2146 1065 coutinendare

1137 1084 1140 1110 t
1165 1085 1240 1106 eum
1263 1086 1324 1117 ‚spe
1347 1075 1496 1107 melioris
1519 1076 1682 1108 fortunae.
1733 1077 1779 1108 lta
1810 1076 1893 1108 haec
1921 1077 2059 1108 lii-‚toria
2093 1082 2145 1108 est

1138 1116 1140 1154 ἶ
1165 1118 1305 1160 elegans
1329 1120 1438 1160 imago
1463 1120 1570 1151 omnis
1594 1121 1728 1162 generis
1750 1120 1988 1158 afflictionum,
2021 1120 2142 1161 quibus

1136 1156 1139 1205 i
1164 1169 1375 1204 oppugnatur
1394 1160 1553 1194 Ecclesia.

1141 733 1143 757 Ι

1140 762 1143 779 t

1135 1273 1138 1323 f
1293 1281 1337 1313 IN
1361 1281 1436 1313 DIE
1459 1281 1810 1314 PUfflFtCATlole
1834 1281 2017 1315 maman.

1412 1358 1680 1402 Evangelium
1703 1359 1839 1391 Lucae
1861 1360 1892 1391 2.

1351 1426 1456 1463 (cons.
1485 1427 1557 1458 Vol.
1582 1427 1700 1459 XXlV.
1725 1439 1754 1469 p.
1777 1428 1839 1460 :337
1863 1430 1954 1470 sqq.)

1246 1503 1371 1536 Multae
1390 1510 1467 1536 sunt
1490 1506 1639 1546 insigues
1664 1506 1821 1536 materiae
1844 1505 1877 1535 in
1906 1503 1959 1535 his
1984 1506 2141 1538 brevibus

1162 1548 1290 1586 verbis,
1315 1559 1400 1590 quae
1424 1549 1451 1579 si
1476 1559 1536 1590 pro
1562 1549 1719 1590 dignitate
1743 1549 1939 1579 deberemus
1963 1548 2142 1589 explicare,

1159 1601 1225 1622 non
1250 1589 1421 1623 sufficeret
1446 1597 1534 1623 totus
1569 1602 1688 1628 annus,
1714 1592 1834 1622 nedum
1858 1602 1924 1622 una
1948 1591 2040 1623 hora.
2088 1592 2142 1623 Di-

1162 1645 1275 1665 camus
1299 1641 1407 1665 autem
1430 1641 1566 1676 propter
1596 1636 1790 1666 brevitatem
1825 1636 1982 1675 temporis
2017 1641 2141 1666 tantum

1162 1677 1203 1706 de·
1226 1677 1353 1707 duabus
1378 1676 1525 1717 legibus,
1555 1688 1690 1718 quarum
1722 1678 1773 1708 hic
1798 1678 1832 1708 sit
1857 1678 1984 1708 mentio.
2032 1678 2142 1710 Prima

1160 1718 1214 1750 lex¹
1234 1726 1297 1757 est,
1322 1719 1374 1748 lec
1392 1722 1644 1759 11111·1'se'‹·utsosci.v‚·
1667 1721 1815 1752 secunda
1844 1721 1896 1750 lanc
1914 1722 2140 1760 prlmoyenz'to-

1160 1772 1236 1792 rltltl.

1246 1805 1390 1837 Primum
1413 1812 1521 1837 autem
1545 1806 1696 1837 dicamus
1727 1808 1773 1838 de
1808 1805 1902 1847 lege
1936 1806 2139 1849 primoge-

1159 1848 1354 1885 nitorum,
1389 1849 1465 1890 quia
1495 1848 1594 1880 habet
1618 1860 1734 1890 parum
1758 1850 1981 1881 obscuritatis.
2029 1850 2140 1880 Omnia

1133 1893 1367 1930 ypanmyenHa
1391 1892 1554 1931 oportebat
1578 1893 1651 1921 dare?
1673 1893 1910 1926 sacerdotibus,
1946 1893 2029 1924 sicut
2060 1894 2138 1925 scri-

1158 1939 1247 1974 ptum
1268 1940 1319 1966 est
1341 1935 1447 1965 Exodi
1473 1935 1520 1966 13.
1546 1942 1576 1966 et
1604 1935 1735 1966 Numer.
1764 1937 1812 1966 1³4.
1871 1936 1989 1966 Omnia
2018 1937 2138 1978 primo·

1160 1978 1270 2018 genita
1294 1983 1361 2009 tum
1385 1977 1562 2012 hominum,
1588 1984 1655 2010 tum
1678 1980 1863 2020 pecudum,
1898 1980 1995 2010 etiam
2019 1980 2139 2012 anima-

1156 2020 1235 2052 lium
1258 2021 1515 2060 immundorum,
1539 2022 1599 2053 sed
1622 2020 1679 2052 illa
1707 2023 1953 2053 redimebantur
1982 2023 2138 2062 pecunia,

1132 2102 1133 2106 Ἰ
1158 2064 1244 2095 sicut
1267 2069 1299 2094 et
1322 2063 1489 2095 hominum
1516 2065 1735 2106 primogenita
1770 2066 2015 2096 redimebantur
2047 2066 2137 2106 quin-

1157 2117 1221 2148 que
1244 2106 1347 2145 sielis,
1370 2108 1580 2147 vnyefekrliclc
1601 2112 1625 2140 3
1649 2108 1737 2137 ltiler.
1784 2107 1896 2139 Sin-lus
1928 2108 2014 2139 euim
2048 2107 2136 2140 vale·

1130 2159 1134 2197 3·
1157 2150 1214 2181 bat
1237 2150 1257 2180 4
1271 2149 1436 2181 drachmis
1460 2152 1602 2193 argenti,
1621 2152 1669 2180 ein
1692 2151 1801 2181 halben
1825 2152 1913 2182 (aler.
1960 2150 2025 2181 lam
2038 2161 2136 2192 quae-

1156 2203 1267 2224 ramus
1290 2194 1451 2225 rationem
1474 2193 1582 2236 legis,
1616 2196 1659 2225 ob
1695 2205 1792 2236 quam
1829 2204 1982 2226 caussam
2015 2193 2136 2226 suerint

1156 2236 1323 2267 institutae
1342 2236 1405 2268 hae
1426 2235 1530 2279 leges.
1576 2237 1650 2268 Fuit
1673 2239 1757 2268 enim
1782 2237 1895 2279 politia
1914 2236 2011 2268 Moisi
2037 2236 2135 2277 plena

1130 2278 1452 2320 ‘pulcherrimorum
1486 2281 1606 2312 rituum
1641 2291 1722 2321 prae
1757 2282 1910 2311 omnihus
1946 2279 2068 2320 politiis
2100 2281 2134 2311 in

1156 2328 1226 2353 toto
1257 2332 1381 2364 genere
1414 2322 1569 2354 humano.
1617 2322 1728 2358 Quare
1763 2324 1848 2354 bene
1883 2323 2133 2354 consideremus

125 2362 221 2401 ticos,
244 2369 277 2394 et
301 2373 416 2394 omnes
440 2362 523 2393 alios
548 2363 678 2404 impios,
701 2364 755 2404 qui
779 2370 856 2395 sunt
880 2365 1025 2395 membra
1047 2363 1103 2396 hu-
1124 2384 1131 2403 2
1156 2375 1309 2403 caussa-3,
1333 2376 1435 2406 quare
1448 2365 1542 2398 Deus
1565 2367 1673 2398 omnia
1694 2373 1758 2397 tam
1782 2367 1940 2398 decenter
1964 2373 1995 2397 et
2018 2367 2134 2398 ordine

123 2404 175 2436 ius
199 2404 320 2447 pelagi,
343 2412 376 2437 et
399 2406 556 2447 principis
580 2406 651 2437 eius
674 2406 819 2438 Diaboli.

122 2447 318 2491 impugnant
341 2447 551 2487 Ecclesiam,
585 2455 617 2481 et
651 2451 741 2481 varis
771 2450 929 2482 fluctibus
962 2450 1040 2482 hinc
1071 2456 1103 2482 et

122 2491 200 2523 inde
223 2493 409 2525 verberant.
935 2493 937 2495 ’

214 2535 329 2565 Ventus
351 2546 417 2567 nou
440 2535 648 2566 incommode
668 2535 778 2576 ipsum
800 2535 980 2567 Diabolum
1004 2537 1102 2577 signi-

120 2575 211 2616 ficat,
224 2579 278 2619 qui
291 2584 342 2609 est
359 2588 481 2610 caussa
505 2578 648 2609 ommum
671 2580 939 2618 persecutionum
963 2585 995 2610 et
1017 2579 1101 2612 affli-

124 2621 281 2660 ctionum,
304 2627 336 2652 et
359 2623 464 2652 omnis
488 2622 622 2663 generis
645 2620 888 2661 calamitatum,
913 2623 1033 2665 quibus
1057 2623 1101 2665 pii

275 2689 424 2709 MELANTH.
440 2689 522 2709 OPER.
537 2689 600 2709 VOL.
614 2689 682 2708 XXV.

866 2407 943 2438 ldeo
962 2406 1104 2439 fideliter
1127 2423 1129 2436 ι
1154 2408 1188 2440 in
1211 2419 1251 2439 ea
1274 2409 1459 2440 instituerit.

1125 2468 1129 2514 Ι
1241 2451 1350 2481 Prima
1372 2458 1480 2483 autem
1505 2457 1536 2483 et
1559 2450 1750 2493 principalis
1773 2461 1913 2488 caussa,
1944 2461 2045 2493 quare
2075 2450 2132 2484 illa

1155 2493 1208 2525 lex
1228 2495 1268 2525 de
1292 2495 1518 2536 primogenitis
1541 2496 1584 2525 sit
1608 2495 1767 2531 instituta,
1787 2494 1871 2525 haec
1901 2494 1975 2526 fuit:
2010 2501 2044 2525 ut
2073 2506 2133 2536 per

1155 2538 1252 2569 istum
1275 2539 1372 2570 ritum
1395 2539 1545 2570 homines
1570 2538 1859 2569 eommonefiemnt
1890 2537 1931 2568 de
1962 2539 2131 2570 seruitute.

1153 2579 1252 2611 Tales
1283 2582 1365 2612 ritus
1395 2581 1504 2612 adhue
1527 2586 1703 2611 servantur
1736 2581 1767 2611 in
1792 2579 2002 2621 W'estphalia
2031 2587 2065 2612 et
2098 2581 2131 2612 in

1152 2622 1319 2666 aliquibus
1341 2625 1490 2666 partibus
1513 2623 1676 2662 Sueviae,
1694 2624 1726 2655 in
1749 2625 1870 2666 quibus
1905 2624 2029 2655 amissa
2051 2634 2131 2656 vera
