2343 2970
181 170 246 202 639

184 263 301 296 delicet
325 263 442 295 Filium
465 262 548 302 Dei,
573 262 627 304 qui
659 267 710 292 est
738 270 852 291 semen
884 257 1041 290 mulieris.
1088 257 1162 289 Non

183 314 237 339 est
261 307 458 339 abducenda
478 306 598 336 fiducia
622 303 709 342 alio,
744 303 803 334 sed
836 308 885 333 est
910 300 1107 333 collocanda
1131 302 1162 332 in
1186 273 1194 349 ἱ

184 349 274 382 11111111
297 349 414 381 Filium
437 348 518 387 Dei,
548 357 683 389 passum
712 352 743 377 et
774 346 1017 377 resuscitatum.
1071 344 1163 375 Hane

184 392 444 426 consolationem
469 391 611 433 quotidie
635 399 850 420 exerceamus
880 388 912 419 in
941 387 1163 420 invocatione.

190 436 285 467 Weun
310 437 367 465 wir
389 434 524 464 anhelum
546 444 580 462 :a
602 433 701 467 beten,
716 438 781 464 tum
801 432 964 473 obstrepit
988 431 1085 462 nobis
1108 428 1165 461 illa

182 480 359 523 cogitatio:

315 538 506 568 Peccatores
528 536 616 566 Dens
639 545 699 565 non
722 535 872 565 exaudit.-

313 582 382 621 Eyo
405 591 470 611 sum
489 582 659 619 peccator:

312 624 399 664 Eryo
419 625 543 662 frustra
565 624 686 652 invoco.

269 693 354 725 Huic
378 691 569 734 cogitationi
593 695 723 732 oportet
746 689 868 731 opponi
898 688 984 719 hanc
1014 689 1166 719 consota-

183 738 321 770 tionem:
350 735 427 766 Vivo
450 745 525 774 eqo,
556 733 629 764 nolo
652 736 777 763 mortem
807 733 1009 772 prr-valoris,
1043 730 1099 760 sed
1132 733 1167 760 ut

186 783 383 811 convertatur
405 782 435 807 et
453 779 545 808 vit-at.

377 878 454 918 De
499 875 764 916 secundo
813 873 972 912 Loco.

272 951 443 984 Pharisaei
468 950 578 981 audita
602 947 665 980 hac
690 958 788 979 voce:
811 946 1021 977 Rmm'ttzmtur
1045 946 1102 975 tihi
1114 950 1167 975 rua

179 999 336 1039 pec-cata:
360 995 486 1025 dicunt:
509 992 566 1022 Ille
578 991 667 1021 homo
680 991 879 1031 blasphemat.
925 989 1079 1021 Debebat
1101 989 1167 1020 hoc

184 1042 233 1073 eis
257 1048 333 1071 esse
357 1037 591 1073 testimonium,
616 1035 703 1065 hunc
727 1044 804 1065 esse
820 1033 989 1071 Mes-siam,
1013 1033 1067 1074 qui
1090 1042 1166 1074 pec·

187 1089 298 1115 catum
322 1081 477 1113 remittat.
524 1079 614 1108 Denn
638 1088 671 1107 er
693 1081 764 1116 Sit-[lt
789 1076 873 1106 nieht
897 1076 1010 1106 (larue.-
1034 1081 1168 1117 propter

186 1126 297 1164 alium,
322 1124 382 1155 sed
405 1122 484 1154 facit
498 1123 563 1153 hoc
576 1121 708 1163 propria
722 1132 782 1151 sua
795 1120 1002 1151 auctoritate.
1027 1118 1167 1154 Quando

186 1170 221 1201 fit
245 1168 398 1200 remissio
422 1168 454 1198 in
479 1165 654 1203 Ecclesia,
688 1165 721 1195 tit
759 1165 816 1194 ita:
852 1163 944 1193 Sicut
967 1161 1085 1193 Petrus
1106 1162 1166 1192 ait:

185 1212 258 1244 Non
282 1215 327 1240 nst
351 1209 439 1240 aliml
462 1219 568 1237 nomen
583 1231 591 1246 ‚
625 1209 656 1235 in
691 1217 750 1248 quo
784 1209 929 1246 oporteat
963 1205 1066 1234 sulcos
1088 1206 1167 1244 fieri,

187 1257 249 1285 nisi
270 1264 376 1284 nornen
399 1253 470 1282 Iesu
495 1252 631 1284 Christi:
659 1251 690 1282 id
723 1256 791 1288 est,
820 1258 956 1290 propter
979 1247 1080 1279 filiunt
1104 1247 1168 1279 Dei

187 1300 397 1332 remittuntur
419 1296 516 1327 nobis
539 1300 691 1337 peccata:
721 1303 786 1324 non
817 1292 852 1323 fit.
883 1293 1032 1323 remissio
1055 1297 1168 1323 aucto·
1192 1271 1198 1316 Ι

188 1343 285 1374 ritate
307 1339 490 1377 ministerii,
515 1339 574 1370 sed
599 1339 632 1369 fit
657 1336 854 1368 auctoritate
878 1342 910 1366 et
934 1335 1082 1377 potentia
1095 1334 1168 1365 Filii

190 1385 252 1417 Dei
276 1383 468 1416 Mediatoris
493 1387 524 1413 et
548 1380 784 1423 deprecatoris.
830 1379 984 1411 Debebat
998 1378 1170 1409 Pharisaei

191 1428 356 1470 cogitare:
380 1425 439 1456 1118
472 1425 644 1456 annuntiat
679 1423 906 1454 remissionem
942 1427 1169 1463 peecatorum,

191 1478 223 1504 et
242 1471 334 1503 Deus
369 1469 424 1500 dat
458 1468 487 1499 ei
520 1467 708 1499 testimonia
741 1467 774 1497 in
805 1463 989 1497 miraculis:
1014 1474 1095 1506 ergo
1119 1469 1170 1495 est

190 1514 345 1547 Messias·
390 1512 567 1544 Debebant
587 1510 712 1541 moveri
737 1509 932 1540 testimoniis
952 1507 1169 1549 propheticis:

191 1559 251 1591 sed
275 1557 338 1588 iam
362 1556 516 1587 amiserat
539 1553 626 1585 illam
652 1553 831 1583 doctrinam
856 1552 896 1582 de
920 1551 1169 1583 remissionibus

190 1607 417 1644 peccatorum.
462 1597 639 1630 Docebant
663 1602 830 1637 utcunque
856 1593 975 1637 legem,
998 1600 1029 1625 et
1052 1592 1169 1625 intelli-

193 1645 317 1688 gebant
339 1653 412 1675 eam
436 1642 476 1673 (18
501 1639 693 1681 disciplina,
715 1640 746 1670 id
772 1644 843 1676 est,
880 1640 919 1669 dv
955 1644 1089 1668 externa
1112 1637 1170 1668 oh-

194 1687 384 1719 servatione
404 1691 433 1715 et
458 1684 629 1715 modestia.
677 1682 800 1714 Postea
825 1681 992 1724 fingebant
1020 1679 1170 1711 homines

192 1730 309 1763 mereri
333 1728 562 1760 remissionem
587 1731 797 1767 peccatorum
827 1735 886 1766 per
913 1724 1079 1758 victimas,
1112 1733 1171 1764 per

194 1773 391 1806 oblationes,
414 1782 473 1812 per
495 1770 672 1807 sacrificia,
695 1778 752 1810 per
776 1778 854 1799 suas
878 1767 1089 1804 traditiones,
1112 1776 1172 1807 per

194 1827 276 1859 quas
301 1813 513 1848 cumulabant
536 1812 700 1844 sacrificia
724 1810 835 1843 multis
858 1810 981 1848 modis,
1010 1816 1042 1840 et
1072 1810 1172 1841 adde-

193 1861 273 1892 bant
296 1859 394 1890 etiam
413 1857 498 1889 alios
523 1857 615 1887 ritus.
660 1855 745 1890 Quia
768 1865 847 1886 vero
879 1854 1061 1891 docebant,
1093 1858 1172 1883 tunc

193 1902 344 1934 homines
373 1900 498 1931 habere
522 1899 751 1930 remissionem
779 1903 1011 1939 peccatorum,
1040 1895 1172 1938 quando

194 1946 276 1977 satis
300 1940 800 1983 sacrificassent,relinquebant
817 1951 875 1971 eos
899 1941 930 1971 in
955 1940 1172 1971 dubitatione:

195 1989 289 2020 Siout
313 1988 410 2019 etiam
434 1986 539 2017 nostri
563 1985 744 2015 advvrsarii
767 1982 875 2025 palam
900 1984 1018 2015 docent
1047 1982 1174 2014 dubita·

195 2033 328 2064 tionem.
374 2029 555 2070 Propterea
578 2028 610 2058 in
645 2027 710 2058 hoc
744 2025 885 2058 articulo
920 2027 1174 2068 interrogamu5‚

196 2075 272 2118 quid
291 2073 418 2104 intersit
441 2073 527 2103 inter
550 2081 661 2102 veram
684 2068 870 2102 Ecclesiam
896 2076 927 2101 et
949 2069 1174 2100 adversarios.

347 2622 447 2653 DIese
475 2622 552 2653 :wei
570 2619 662 2652 stuck
684 2623 787 2651 setzen
809 2619 866 2650 sie.
902 2617 1098 2649 Econtrario
1117 2627 1180 2648 nos
1205 2632 1208 2656 t

198 2162 309 2214 Quid
347 2162 513 2202 interest
555 2161 596 2200 in
635 2159 802 2199 articulo
845 2159 897 2198 de
942 2157 1175 2199 remissione

278 2228 538 2278 peccatorum
570 2219 674 2260 inter
702 2219 903 2259 *Ecclesias
934 2224 1102 2269 nostras,

516 2286 558 2320 et,
589 2279 866 2320 adversarios?

285 2365 362 2396 Duo
385 2369 461 2395 sunt
485 2363 689 2393 discrimina:
719 2361 858 2402 primum
889 2366 954 2391 est:
985 2359 1033 2391 Illi
1055 2360 1178 2391 habent

199 2410 264 2440 hoc
285 2407 466 2445 somnium,
497 2406 647 2437 homines
670 2405 789 2436 mereri
813 2404 1038 2435 remissionem
1061 2412 1179 2443 pecca-

198 2458 307 2484 torum
330 2450 472 2491 propriis
497 2449 666 2490 operibuS‚
691 2447 818 2484 Missis,
833 2446 1018 2484 sacrificiis,
1046 2445 1115 2476 Wa‘e
1128 2446 1181 2476 die

200 2493 371 2526 Pharisaei
396 2493 499 2524 haben
520 2492 591 2523 ihre
610 2491 793 2532 phantasey
805 2489 931 2530 yelzabt.
952 2488 1100 2520 Alterum
1113 2494 1180 2520 est:

200 2538 343 2574 Dicunt,
368 2537 443 2578 quia
466 2535 566 2566 homo
589 2544 656 2565 non
686 2534 762 2571 scit,
796 2533 929 2574 quando
952 2531 1072 2562 haheat
1097 2532 1180 2562 satis

201 2589 356 2622 operum3
375 2585 553 2620 propterea
575 2578 674 2609 dehet
697 2586 828 2617 semper
851 2584 985 2606 manere
1006 2575 1038 2605 in
1058 2574 1181 2605 dubita-

201 2624 302 2655 tione.

819 166 932 199 l‘lllL.
956 165 1060 197 MEL.
1084 162 1268 196 SthPTA
1294 161 1555 194 EXEGETlCA.

2129 160 2194 193 640

1217 257 1366 295 dicimus,
1401 255 1454 288 vei
1488 257 1560 297 ipsa
1595 256 1702 297 potius
1738 266 1801 287 vox
1827 255 2001 295 Evangelii
2025 255 2073 286 sic
2098 255 2192 287 dicit:

1219 301 1360 332 Pet-cata
1386 301 1590 330 remittuntur
1613 299 1716 340 gratis
1736 305 1872 339 propter
1886 298 2000 329 Filium
2014 296 2092 329 Det:
2117 297 2193 339 quia

1217 343 1367 385 purificat
1391 343 1431 374 ab
1452 343 1604 373 omnihus
1628 342 1776 383 peccatis
1789 342 1926 383 sanguis
1940 339 2073 371 Christi.
2098 340 2194 372 Post-

1218 392 1288 418 stea
1320 386 1475 417 dicimus:
1506 384 1569 415 hoc
1600 384 1792 415 beneficium
1822 389 1953 425 oportet
1981 384 2085 424 accipi
2116 383 2191 423 fide,

1217 430 1248 460 id
1274 435 1333 466 est7
1358 435 1486 470 oportet
1513 438 1532 458 a
1557 427 1652 458 nobis
1676 428 1794 465 statui,
1824 437 1902 458 vere
1925 427 2021 458 nobis
2045 425 2192 458 exhiberi

1218 471 1282 502 hoc
1307 473 1520 509 beneficium,
1541 477 1573 501 et
1597 471 1727 512 quidem
1751 470 1870 502 fiducia
1894 469 1965 501 Filii
1989 469 2052 500 Dei
2072 470 2192 501 media·

1218 515 1311 546 toriS.
1343 514 1414 546 llac
1434 515 1497 545 11118
1516 520 1647 555 oportet
1671 524 1732 543 nos
1757 513 1893 545 eluctari
1918 523 1957 544 ex
1981 513 2191 544 dubitatione.

1326 557 1385 589 Est
1420 557 1451 588 in
1488 557 1638 588 «minibus
1672 555 1860 588 hominibus
1896 557 2055 587 dubitatio
2098 553 2194 586 valde

1219 611 1338 642 magna
1365 600 1435 632 Das
1459 601 1499 631 ist
1523 601 1585 630 dos
1604 609 1720 642 yrosse
1742 600 1844 637 dead,
1870 599 1932 630 das
1955 599 1988 629 ίη
2010 608 2069 630 uus
2081 599 2193 636 ,ςΙιτι-Ιεί,

1219 644 1381 685 ignoratio
1405 643 1479 682 Det,
1514 643 1672 674 dubitatio
1709 642 1748 673 de
1782 642 2024 680 misericordia,
2053 642 2128 673 item
2154 642 2194 672 de

1218 687 1337 718 iudicio
1362 686 1434 717 Dei.
1467 686 1533 718 Sed
1559 692 1690 727 oportet
1716 696 1774 716 no>
1801 686 1876 716 inde
1900 684 2049 723 eluctari,
2072 691 2100 716 et
2128 684 2193 714 1-111-

1220 738 1346 761 (13111111
1365 735 1590 760 sustentantes
1613 739 1676 760 nos
1700 730 1802 759 181110
1825 728 1898 759 Dei.
1935 727 2026 758 Deus
2050 734 2100 759 est
2126 727 2196 758 8111·

1220 784 1280 804 cax‘
1306 773 1337 803 in
1363 772 1469 811 nobis,
1490 771 1656 803 confortat
1681 781 1753 809 nos,
1783 779 1881 814 auget
1907 770 2013 802 lucem
2038 771 2112 802 fidei
2137 781 2195 811 per

1220 816 1376 856 Spiritum
1402 823 1562 850 sanctum,
1592 816 1681 847 iuxta
1710 814 1807 852 illud,
1841 815 1987 855 *spiritus
2016 815 2197 855 opitulatur

1218 859 1404 901 infirmitati
1422 862 1564 889 nostrae.
1611 858 1678 889 Sed
1702 859 1764 888 ista
1787 859 1868 888 fiunt
1892 859 2008 889 verbo:
2039 857 2115 899 quia
2138 866 2197 897 per

1220 900 1437 943 Evangeliunt
1461 902 1556 932 datur
1580 901 1723 942 Spiritus
1747 907 1893 932 sanctus.
1933 901 1978 931 Es
2000 901 2043 931 ist
2066 900 2116 931 bei
2136 899 2198 930 den

1220 944 1409 976 l'harisaeis
1433 944 1507 975 eben
1532 945 1602 975 also
1622 954 1774 985 genesen,
1797 945 1848 975 als
1871 945 1921 975 1)ρί
1941 944 2003 975 den
2022 942 2197 983 Papisten:

1220 989 1401 1019 amiserunt
1425 987 1531 1018 lucem
1557 988 1597 1017 de
1621 988 1815 1018 remissione
1828 993 2051 1028 peccatorum,
2076 986 2197 1017 habue-

1220 1038 1295 1062 runt
1318 1029 1397 1062 illud
1421 1030 1594 1067 somnium,
1618 1029 1768 1061 homines
1786 1040 1862 1061 esse
1883 1031 1991 1060 iustos
2015 1027 2197 1069 disciplina,

1220 1075 1337 1106 mereri
1363 1073 1588 1104 remissionem
1612 1079 1837 1114 peccatorum,
1861 1079 2016 1114 oportere
2036 1072 2198 1102 dubitare.

1221 1118 1430 1148 Somniarunt
1445 1122 1523 1147 tunc
1537 1115 1660 1146 habere
1668 1126 1729 1147 nos
1737 1116 1964 1147 remissionem
1973 1120 2198 1156 peccatorum,

1221 1171 1294 1191 cum
1315 1160 1473 1191 habemus
1497 1159 1578 1190 satis
1602 1161 1800 1190 meritorum.
1846 1158 1907 1189 Est
1927 1158 2024 1200 plane
2049 1157 2200 1189 doctrina

1220 1203 1372 1234 Ethnica.
1418 1202 1492 1232 Non
1522 1208 1639 1233 norant
1664 1201 1833 1233 Pharisaei
1861 1202 2035 1232 discrimen
2059 1199 2144 1242 legis
2167 1205 2200 1231 et

1221 1245 1407 1289 Evangelii,
1430 1255 1495 1276 non
1521 1253 1639 1276 norant
1661 1244 1865 1276 νει-31111813
1879 1244 2036 1275 Messiae.
2062 1245 2105 1275 Iis
2127 1243 2201 1274 sind

1218 1300 1334 1332 yrosse
1357 1290 1513 1320 tenebrae
1534 1298 1684 1329 genesen.
1731 1288 1796 1319 lam
1817 1295 1867 1319 est
1891 1288 2054 1330 quaestio,
2077 1297 2119 1318 an
2134 1285 2202 1318 sue—

1222 1334 1262 1365 rit
1276 1331 1429 1364 Ecclesia
1437 1332 1502 1363 isto
1510 1337 1669 1373 tempore,
1683 1342 1756 1363 cum
1770 1337 1860 1363 esset
1869 1331 2002 1373 ignotus
2012 1329 2116 1362 Filius
2126 1329 2199 1362 Dei.

1416 1420 1497 1462 Ubi
1530 1428 1615 1461 crat
1647 1420 1767 1474 igitur
1798 1419 2000 1460 Ecclesia?

1310 1495 1520 1537 lle-spondeo.
1567 1494 1646 1525 Erat
1671 1500 1735 1526 tum
1761 1492 2019 1536 (ὶ11-111118111111113
2037 1492 2202 1531 Ecclesia,

1223 1540 1283 1570 sed
1305 1544 1545 1580 persequentes
1570 1548 1683 1569 veram
1707 1538 1889 1568 don-trinam
1914 1547 1979 1568 non
2000 1541 2093 1567 erant
2105 1546 2201 1567 mem-

1224 1584 1281 1613 hra
1308 1580 1490 1613 Ecclesiae.
1539 1580 1682 1612 Fuerunt
1706 1586 1813 1612 tamen
1837 1579 1903 1618 alii,
1927 1580 1980 1621 qui
2006 1585 2098 1611 eraut
2123 1588 2204 1611 vcra

1223 1626 1370 1657 membra
1400 1623 1591 1662 Ecclesiae,
1626 1630 1660 1654 ut
1686 1622 1806 1662 Maria,
1832 1621 2001 1664 Apostoli,
2031 1629 2062 1654 et
2087 1628 2204 1655 coetus

1224 1669 1277 1699 his
1300 1668 1487 1699 adiunctus.
1534 1667 1737 1709 Quamquam
1763 1667 1985 1698 sacerdotium
2009 1671 2081 1698 erat
2099 1675 2203 1706 penes

1224 1711 1438 1747 Pharisaeos,
1462 1716 1493 1741 et
1518 1711 1745 1748 Sadducaeos,
1768 1710 1887 1752 impios
1910 1710 2069 1744 homines,
2093 1715 2204 1741 tamen

1224 1766 1303 1797 pars
1326 1752 1519 1796 principalis
1543 1754 1730 1787 ministerii,
1765 1754 1798 1783 id
1824 1760 1892 1791 est,
1929 1763 1994 1784 vox
2019 1751 2204 1794 Evangelii,

1224 1798 1283 1830 fuit
1306 1799 1338 1828 in
1363 1807 1442 1828 vera
1465 1795 1637 1833 Ecclesia
1661 1797 1735 1838 quia
1750 1796 1842 1828 Deus
1862 1806 1994 1837 semper
2012 1802 2125 1827 servat
2149 1794 2203 1827 1.Ιί-

1225 1852 1322 1884 quam
1345 1839 1540 1872 Ecclesiam.
1575 1839 1709 1871 Etiamsi
1734 1840 1946 1871 ministerium
1969 1839 2135 1880 publicum
2157 1844 2204 1870 te-

1225 1891 1322 1917 netur
1351 1884 1394 1914 ab
1424 1883 1529 1924 impiis
1563 1888 1594 1913 et
1630 1884 1831 1925 prophanis3
1875 1888 1983 1914 tamen
2013 1879 2204 1923 principalis

1226 1938 1303 1970 pars
1333 1927 1522 1963 ministerii,
1557 1927 1590 1957 id
1615 1933 1685 1964 est,
1720 1938 1785 1957 vox
1810 1926 1996 1963 doctrinae,
2026 1931 2075 1956 est
2099 1934 2202 1966 penes

1226 1981 1339 2002 veram
1363 1968 1559 2000 Ecclesiam.
1604 1968 1797 2009 Cogitemus
1821 1975 1943 2002 autem,
1980 1979 2053 2000 cum
2088 1968 2119 1998 in
2149 1965 2205 1999 illo

1226 2012 1349 2057 populo
1374 2012 1494 2044 suerint
1517 2011 1601 2042 tales
1627 2013 1792 2051 tenebrae,
1816 2012 1911 2042 etiam
1925 2012 1996 2042 istis
2014 2011 2206 2042 novissimis

1227 2056 1432 2098 temporibus
1456 2055 1607 2096 potuisse
1630 2065 1767 2097 magnas
1791 2055 1937 2085 existere
1960 2055 2130 2086 tenebras:
2164 2053 2205 2084 Et

1229 2110 1361 2132 oremus
1391 2097 1517 2136 Deum,
1552 2103 1585 2129 ut
1608 2098 1679 2139 ipse
1702 2103 1828 2129 mentes
1851 2104 1985 2128 nostras
2009 2098 2149 2129 deducat
2173 2098 2205 2128 in

1229 2153 1358 2174 omnem
1382 2142 1572 2172 veritatem:
1606 2142 1692 2172 sicut
1716 2139 1869 2172 Psalmus
1903 2148 1991 2172 orat:
2036 2140 2105 2171 Fac
2138 2150 2205 2170 rum

1228 2196 1323 2218 servo
1345 2189 1400 2216 tuo
1422 2184 1591 2215 secundum
1614 2185 1870 2215 misericordiam
1893 2187 1989 2223 tuam,
2011 2187 2042 2214 et
2053 2183 2205 2225 iustifica-

1231 2230 1332 2261 tiones
1365 2233 1438 2260 ταας
1472 2228 1551 2258 doce
1583 2237 1639 2257 mr.
1687 2227 1879 2269 Cogitemus
1904 2227 1988 2258 'item
2020 2236 2104 2267 opus
2130 2235 2205 2255 esse

1230 2273 1348 2304 studio.
1400 2270 1470 2301 Wir
1492 2272 1617 2301 vzz'iSsmz
1641 2271 1760 2308 lernen,
1784 2280 1817 2301 es
1839 2270 1940 2301 beist:
1968 2269 2062 2301 Hunc
2085 2271 2205 2300 audite.

1232 2316 1315 2347 Man
1337 2324 1422 2346 ntuss
1444 2324 1477 2344 es
1499 2312 1610 2351 haren,
1633 2314 1735 2352 lesen,
1757 2314 1924 2350 „erudirem
1948 2313 2023 2354 auia
2046 2322 2106 2354 per
2133 2323 2206 2342 >er-

1231 2361 1308 2390 bum
1330 2357 1423 2389 Deus
1443 2362 1492 2387 est
1517 2354 1647 2387 efficax.
1697 2357 1901 2398 Eranyelz'um
1923 2361 1971 2388 est
1984 2356 2131 2397 potentin
2147 2354 2209 2386 Dei

1231 2402 1276 2434 ad
1298 2402 1434 2433 salutem
1457 2400 1543 2430 omui
1563 2400 1716 2431 credenti.

1318 2444 1393 2476 Das
1415 2444 1456 2472 ist
1480 2443 1521 2473 de
1544 2444 1690 2474 tenebris
1714 2441 1926 2479 pharisaicis,
1958 2441 1999 2472 de
2021 2441 2207 2484 ignorantia

1233 2487 1498 2519 Pharisaeorum.
1543 2484 1591 2516 llli
1616 2486 1782 2517 dehebant
1805 2486 1904 2523 seire,
1927 2483 2025 2515 aliam
2050 2493 2128 2515 esse
2152 2484 2208 2514 do-

1234 2531 1372 2563 ctrinam
1384 2528 1482 2572 legis,
1494 2527 1591 2569 aliam
1615 2528 1856 2570 promissionis
1881 2535 1912 2559 et
1932 2527 2207 2559 debebantinter-

1233 2573 1355 2615 pretari
1378 2572 1630 2614 promissiones,
1653 2572 1742 2613 quod
1766 2577 1903 2612 propter
1926 2575 2098 2601 venturum
2121 2568 2208 2600 Mes-

1234 2617 1328 2655 siam,
1352 2620 1488 2657 propter
1509 2613 1590 2646 illud
1614 2624 1728 2646 semen
1752 2614 1950 2655 promissum
1963 2612 2129 2649 Abrahae,
2154 2612 2211 2642 de·
