2343 2970
204 179 268 212 975
854 180 964 212 PHlL.
987 180 1090 212 MEL.
1114 179 1303 213 SCRIPTA
1325 178 1589 213 EXEGETICA.

204 274 336 306 dicitur:
371 275 538 312 Iustae'ficatae'
567 275 631 314 fide
659 285 769 314 pacem
802 274 956 305 habemus.
1002 274 1081 306 Vita
1113 276 1185 306 sine

202 316 278 350 Deo
303 324 336 350 et
359 317 482 349 auxilio
507 319 648 359 Spiritus
684 317 791 348 sancti
827 318 891 348 ruit
920 318 952 349 in
988 319 1094 349 omnis
1129 328 1185 360 ge-

201 370 301 393 neres
325 360 475 398 scelera3
499 362 631 403 quando
655 367 764 391 autem
783 360 882 392 homo
896 362 1095 399 renascitur,
1118 368 1184 392 tum
1210 368 1212 389 i

201 404 304 437 habet
337 414 445 436 novos
480 411 587 435 motus
627 409 852 446 congruentes
887 414 962 435 cum
996 403 1074 447 lege
1108 403 1212 441 Dei.i

201 446 292 480 Talis
317 454 368 479 est
391 448 475 479 enim
499 454 619 481 motus,
644 446 750 488 qualis
771 452 823 478 est
847 454 965 478 motor.
1208 445 1211 472 θ’

289 490 461 522 Zachaeus
488 491 523 521 tit
554 491 736 522 membrum
761 489 933 521 Ecclesiae
955 490 1067 522 vivum
1091 491 1184 521 invo·
1208 497 1211 535 j

202 543 284 565 cans
310 534 416 565 Deum
443 533 562 564 fiducia
585 534 794 570 mediatoris;
816 534 1021 575 propositum
1035 533 1120 564 enim
1133 539 1184 564 est
1208 537 1211 556 ⁶

201 576 267 608 hoc
290 578 322 608 in
346 576 500 608 Zachaeo
525 576 723 617 exemplu-n,
748 577 837 618 quod
861 576 1016 607 Christus
1028 575 1110 607 velit
1133 586 1184 608 re-

201 621 313 660 cipere
346 626 564 660 peccatoreS,
599 621 685 651 sicut
720 620 792 660 ipse
825 620 915 651 addit
950 618 1184 661 epiphonema:

200 664 303 695 Filias
324 663 390 692 Dei
412 665 494 693 veuit
515 673 638 692 servare
657 663 704 700 id,
727 662 811 703 qaod
831 664 984 702 perierat.
1208 647 1211 687 l

286 706 383 738 Nune
408 707 577 737 videamus
600 706 780 737 antithesin
814 706 1094 744 adversariorum,
1128 706 1184 744 qui
1208 707 1211 750 J

201 750 301 782 etiam
323 755 393 781 tres
427 756 540 791 partes
563 750 784 790 poenitentiae
798 755 940 789 ponunt:
965 748 986 779 Ι.
1012 748 1186 780 Contritz’o-
1208 754 1211 784 t

199 803 287 831 nem,
317 803 414 834 quam
444 793 598 824 dixerunt
628 793 747 824 mereri
776 793 1005 823 remissionem
1029 797 1183 833 peccato·
1208 792 1211 828 Ξ

200 847 293 873 rum;
316 835 352 866 lt.
378 835 634 876 Confessionem,
662 836 693 867 in
717 846 815 877 quam
838 836 989 867 inserunt
1012 845 1184 865 enumera·
1208 845 1210 879 g

199 880 322 911 tionem
345 880 490 910 omnium
513 878 720 917 delietorum,
746 881 835 910 iuxta
859 877 960 910 illud:
985 878 1086 908 Dat.-
1110 887 1183 909 con-
1208 888 1211 903 t

196 923 312 964 filebor
347 924 507 955 adversas
541 926 570 953 (e
603 925 768 964 peccatum
803 932 902 953 meum
930 925 959 952 et
993 918 1211 953 ἰηιίιείίίίτιηι1

198 976 319 1005 meam,
353 970 383 997 et
414 966 570 997 Dominus
602 967 725 997 remisit
755 967 943 1007 impietalem
966 967 1095 1006 peccati
1114 965 1183 995 mei.
1209 942 1212 990 l

200 1009 291 1051 Ergo
327 1008 497 1041 confessio
531 1015 745 1050 peccatorum
779 1016 830 1040 est
864 1008 1079 1040 necessaria?
1123 1001 1212 1044 lle-i

200 1053 362 1094 spondeo.
409 1052 477 1083 Ista
502 1051 671 1084 confessio
698 1058 750 1084 est
773 1052 980 1083 contritionis
1010 1051 1184 1092 expressio
1209 1049 1212 1076 ¹

201 1106 315 1129 coram
340 1095 415 1126 Deo
440 1094 494 1127 vel
518 1096 613 1127 etiam
637 1105 750 1127 coram
773 1093 938 1132 Ecclesia,
963 1099 997 1125 ut
1012 1093 1184 1125 consessio
1209 1103 1212 1118 ¹

203 1138 357 1170 Zachaei.
403 1139 459 1170 Da
481 1139 582 1170 stelzet
605 1148 641 1170 er
664 1137 796 1180 publice
818 1138 883 1169 ‘rad
901 1137 1046 1179 sprz‘clzt:
1068 1137 1185 1168 icltbz'n
1210 1128 1212 1158 Ι

200 1183 251 1214 ein
274 1181 483 1224 sycophanta
504 1184 569 1213 end
593 1180 808 1213 defraudator
826 1191 986 1223 yewesem
1010 1181 1070 1212 sed
1088 1191 1185 1220 agam

198 1227 445 1268 poenitentiam.
490 1224 543 1257 De
572 1226 637 1257 hae
666 1223 880 1257 consessione
909 1223 1054 1266 loquitur
1078 1223 1181 1265 Chry·
1210 1225 1213 1269 ᾗ

200 1275 382 1300 sostenius.
427 1267 516 1299 Nihil
550 1269 596 1300 ita
629 1267 741 1309 placet
780 1268 887 1299 Deum
916 1268 980 1298 nisi
1014 1265 1184 1298 consessio

199 1313 340 1354 peccati.
376 1311 570 1344 Pertinaces
594 1311 745 1343 homines
768 1313 801 1342 in
827 1309 1022 1342 defensione
1044 1309 1185 1341 idolola-

200 1357 284 1387 triae
308 1362 340 1387 et
363 1355 540 1386 iniustitiae
564 1365 629 1386 non
653 1355 850 1396 perveniunt
872 1355 914 1385 ad
938 1353 1185 1395 poenitentiam.

199 1398 295 1431 Deus
319 1397 409 1436 vult,
444 1406 479 1430 ut
513 1408 756 1440 agnoscamus,
779 1397 868 1440 quod
890 1398 977 1429 iuste
1000 1398 1104 1428 simus
1128 1398 1185 1428 da-

201 1442 314 1474 mnati.
338 1441 447 1472 Tertia
471 1452 551 1483 pars
575 1442 782 1472 contritionis
806 1441 989 1481 papisticae
1008 1446 1059 1472 est
1079 1441 1119 1472 de
1131 1450 1184 1472 sa-

202 1485 455 1526 tz'ssactl'om‘bas,
477 1485 586 1516 dazzon
608 1485 700 1516 sez'nd
718 1485 791 1516 eilel
811 1485 913 1525 Iuyen.

360 1595 584 1627 DOMINICA
607 1593 1024 1632 QUINQUAGESIMAE.
1210 1565 1213 1645 l

438 1653 709 1698 Evangelium
733 1655 868 1687 Lucae
893 1654 943 1686 18.
1207 1650 1213 1811 ¹

1207 1815 1211 1852 l

443 1726 627 1766 Assumpsz‘l
648 1729 752 1755 autem
775 1724 866 1755 Iesus
889 1728 947 1755 etc.

407 1794 507 1834 (conf.
533 1793 607 1825 vol.
620 1793 741 1825 XXIV.
765 1804 798 1835 p.
812 1793 876 1824 434
888 1797 976 1834 sqq.)

288 1871 398 1903 Primo
423 1872 566 1903 onmium
590 1878 669 1903 nota
692 1881 770 1902 esse
797 1871 895 1902 dehet.
918 1870 1102 1901 eommunis
1127 1869 1183 1900 do-

202 1916 307 1947 ctrina
341 1914 583 1946 miraculorum.
641 1914 790 1946 Caussae
825 1920 961 1956 propter
985 1923 1068 1955 quas
1101 1913 1184 1944 reci-

204 1964 315 1990 tantur
333 1957 506 1995 miracula,
529 1964 605 1989 sunt
631 1964 784 2000 quatuor.

290 2001 421 2039 Prima,
456 2002 531 2042 quia
566 2011 639 2031 sum
677 2001 863 2032 testimonia
897 2000 1077 2031 doctrinae.
1123 1998 1211 2030 llic,

206 2050 339 2086 oportet
363 2054 424 2076 vos
451 2043 551 2075 multa
576 2044 802 2081 considerare,
826 2043 920 2075 Deus
943 2042 1045 2074 voluit
1070 2052 1107 2073 se
1130 2052 1186 2084 pa-

202 2087 351 2120 tefacere
374 2098 436 2118 suo
461 2089 585 2124 verbo,
615 2094 645 2118 et
668 2088 801 2118 tradidit
825 2085 1029 2129 singularem
1048 2087 1187 2127 promis-

203 2132 331 2163 sionem
355 2129 550 2167 Ecclesiae,
582 2136 611 2161 et
637 2137 671 2161 ut
694 2129 848 2161 Ecclesia
871 2131 973 2161 sciret
998 2128 1088 2161 illam
1111 2139 1185 2169 pro-

202 2175 394 2206 missionem
420 2184 496 2205 esse
519 2184 636 2205 vocem
659 2172 734 2211 Dei,
758 2174 831 2204 ideo
854 2174 965 2205 addita
988 2178 1067 2204 sunt
1091 2172 1186 2203 mira-

202 2216 290 2256 cula,
313 2224 345 2248 et
369 2224 505 2248 nostrae
535 2224 660 2248 mentes
689 2217 739 2247 sic
763 2217 883 2248 debent
907 2217 1055 2258 cogitare
1089 2215 1119 2246 in
1140 2215 1186 2246 in-

203 2261 378 2292 vocatione
413 2261 454 2292 de
488 2259 578 2299 Deo,
613 2260 701 2301 qnod
725 2260 775 2290 sie
798 2259 939 2291 voluerit
966 2270 1004 2290 se
1037 2258 1187 2300 patefieri

204 2347 472 2379 consideratione
496 2347 579 2377 enim
604 2346 776 2377 doctrinae
799 2347 840 2377 de
863 2344 1030 2377 miraculis
1054 2354 1186 2386 semper

202 2391 445 2432 coniungamus
487 2390 670 2421 doctrinam
705 2389 746 2419 (le
783 2388 1022 2430 patefactione,
1058 2387 1187 2419 scilieet

203 2434 260 2466 ubi
284 2439 315 2464 et
339 2444 404 2475 quo
439 2439 586 2474 tempore
615 2444 652 2463 se
682 2431 875 2474 patefecerit
905 2432 1008 2463 Deus.
1060 2431 1186 2472 Diony-

204 2477 275 2507 sius
288 2476 501 2518 Areopagita,
527 2478 577 2508 vir
599 2477 684 2516 pius,
709 2476 787 2507 citat
811 2476 931 2506 «lictum
950 2485 991 2506 ex
1009 2473 1186 2506 Bartholo-

204 2530 300 2551 maeo
324 2519 502 2561 Apostolo,
526 2520 580 2561 qui
605 2520 700 2552 dixit:
726 2519 931 2560 Eranyelinm
953 2523 1000 2549 est
1017 2519 1142 2559 Ionyum
1156 2521 1186 2548 et

205 2562 310 2601 breve,
346 2563 434 2604 quod
469 2563 674 2594 verissimum
706 2568 775 2600 est,
809 2562 895 2593 sicut
925 2567 956 2593 et
985 2560 1104 2592 oculus
1135 2566 1187 2592 est

203 2616 343 2647 parvum
367 2606 532 2647 quiddam,
555 2612 587 2637 et
610 2612 719 2637 tamen
744 2615 884 2648 magnas
906 2603 1006 2635 habet
1018 2603 1186 2635 utilitates.

292 2648 442 2681 Secunda
465 2660 583 2682 caussa
605 2655 670 2687 est,
693 2650 782 2691 quod
806 2649 872 2680 sint
894 2648 1083 2680 testimonia
1110 2658 1186 2689 pro-

1211 2117 1214 2132 t

202 2305 306 2336 misso
330 2303 423 2342 solio,
447 2303 608 2335 crucifixo
633 2310 661 2334 et
687 2305 887 2335 resuscitato
912 2313 972 2343 pro
996 2302 1104 2333 nobis.
1150 2301 1186 2332 ln

2155 183 2221 215 976

1239 274 1445 313 missionum,
1467 284 1605 316 quarum
1628 273 1714 305 aliae
1736 281 1815 306 sunt
1836 277 2027 316 spirituales
2049 278 2091 308 de
2110 278 2220 310 remis—

1238 319 1333 349 sione
1357 325 1581 358 peecatorum,
1605 317 1783 349 donatione
1807 318 1950 360 Spiritus
1973 321 2083 352 sancti
2107 327 2139 352 et
2163 322 2220 354 bo-

1238 361 1289 392 nis
1312 361 1478 399 aeternis,
1512 360 1597 392 aliae
1626 362 1819 401 corporales
1847 363 1888 394 de
1920 364 2014 395 honis
2039 362 2220 405 corporali-

1239 404 1313 434 bus.
1348 402 1444 434 Deus
1467 403 1566 434 edidit
1585 405 1852 444 promissionem,
1876 411 1908 437 et
1931 405 2001 438 vult
2024 417 2096 438 eam
2110 413 2220 439 notam

1237 456 1332 484 esse,
1361 452 1394 477 et
1416 447 1556 488 agnosci
1581 446 1700 485 tilium,
1731 447 1805 488 quis
1828 449 1870 478 sit
1888 455 1921 479 et
1945 460 2030 491 quae
2052 450 2119 480 sint
2147 450 2220 482 eius

1239 488 1408 521 beneficia.
1455 489 1543 520 Dicit
1567 489 1667 520 tilium
1691 500 1769 521 esse
1793 492 2044 524 instauratorem
2070 494 2156 524 vitae
2167 503 2220 525 ae·

1237 537 1363 569 ternae,
1387 531 1572 563 abolentezn
1596 539 1768 574 peccatum
1802 539 1835 564 et
1858 542 2016 573 mortem,
2050 541 2083 567 et
2116 545 2220 576 saepe

1235 575 1268 606 in
1292 575 1466 606 sanatione
1489 582 1701 616 aegrotorum
1716 576 2099 610 coniunxithaecdicta:
2122 579 2221 611 Fides

1236 622 1293 649 tua
1315 619 1440 649 salvina
1464 623 1494 649 te
1512 618 1604 658 fecit,
1629 627 1658 649 et
1684 618 1745 650 Fili
1774 622 1982 652 remittuntur
2010 622 2069 653 tibi
2083 626 2221 662 peccata

1236 665 1304 699 tna,
1328 662 1382 692 ubi
1406 660 1502 692 simul
1526 668 1629 693 totum
1653 661 1815 694 hominem
1847 669 1941 695 curat
1964 670 1996 695 et
2024 675 2166 706 corpore
2190 671 2222 696 et

1236 705 1355 735 anima.
1401 703 1443 735 Et
1466 705 1515 736 sic
1539 704 1696 736 miracula
1719 713 1796 737 sunt
1819 707 2006 738 testimonia
2028 708 2222 749 promissio·

1237 759 1325 786 num,
1341 747 1430 789 quod
1450 746 1527 779 velit
1550 754 1724 790 utrumque
1748 750 1828 780 (iare
1858 750 1945 781 bona
1976 750 2166 792 corporalia
2189 756 2223 782 et

1237 791 1325 822 bona
1348 797 1493 821 aeterna.

1322 834 1501 865 Promissio
1521 835 1655 874 yratt'ae
1683 844 1743 866 seu
1769 836 1930 866 bonorum
1953 841 2164 867 aeternorum
2188 836 2222 868 in

1237 877 1349 917 specie
1373 882 1423 907 est
1446 875 1639 918 simpliciter
1671 884 1758 915 rata,
1782 879 1871 909 iuxta
1896 877 1991 910 illud:
2023 878 2144 914 Omnis,
2167 880 2225 921 qui

1239 920 1345 951 credie
1364 920 1515 958 insiliam,
1539 919 1634 951 habet
1656 922 1754 952 ritum
1778 925 1957 953 actm-nam.
2004 921 2046 953 Et
2069 923 2222 954 onmibus

1239 964 1432 994 mandatum
1455 969 1515 997 est,
1535 969 1569 993 ut
1595 963 1684 994 hune
1708 963 1810 995 tilium
1823 963 1887 995 Dei
1911 972 2109 1006 agnoscant,
2134 971 2166 996 et
2178 965 2221 996 ab

1237 1017 1278 1038 eo
1303 1012 1418 1047 petant
1441 1007 1669 1038 remissionem
1693 1014 1919 1048 peccatorum,
1942 1007 2222 1046 iustificationum,

1237 1055 1268 1081 et
1298 1048 1536 1080 haereditatem
1563 1050 1651 1080 vitae
1681 1056 1846 1081 aeternae.
1891 1050 2082 1082 Mandatum
2111 1052 2222 1082 immo-

1239 1099 1304 1124 tum
1318 1098 1349 1123 et
1362 1098 1532 1124 aeternum
1544 1098 1610 1123 est:
1634 1092 1728 1123 Hanc
1751 1094 1870 1125 nuilite.
1916 1092 2045 1124 Deinde
2057 1094 2112 1124 dat
2125 1094 2222 1125 etiam

1240 1137 1327 1167 bona
1351 1134 1556 1176 corporalia,
1591 1146 1677 1177 quae
1712 1136 1836 1167 habent
1864 1137 2111 1177 exceptionem,
2146 1138 2241 1178 quia.

1237 1178 1392 1211 Ecclesia
1415 1185 1467 1211 est
1489 1180 1640 1210 subiecta
1665 1179 1801 1210 cruciet
1814 1178 2069 1218 calamitatibus,
2092 1179 2222 1212 ethaeo

1239 1223 1327 1253 bona
1350 1220 1537 1263 corporalia
1556 1222 1612 1253 dat
1630 1223 1662 1253 in
1683 1232 1818 1264 genere,
1841 1223 1897 1264 qui
1914 1223 1945 1253 in
1963 1223 2027 1254 hae
2041 1223 2108 1254 vita
2126 1232 2222 1264 opor-

1239 1271 1285 1297 tet
1305 1275 1382 1296 esse
1404 1264 1601 1299 Ecclesiam,
1626 1266 1678 1296 cui
1702 1266 1755 1296 det
1780 1266 1892 1307 aliqua
1915 1264 2071 1307 hospitia,
2095 1271 2129 1298 ut
2151 1276 2221 1298 ser-

1239 1315 1293 1340 vet
1315 1308 1446 1350 aliquos
1471 1315 1599 1340 coetus.
1645 1308 1783 1350 Oportet
1806 1309 1938 1351 aliquos
1962 1319 2056 1347 esso,
2079 1309 2134 1350 qui
2158 1309 2222 1340 ‹lis-

1239 1358 1330 1390 ctmt,
1354 1358 1386 1383 et
1408 1353 1527 1383 iterum
1549 1349 1693 1393 aliquOS,
1718 1352 1773 1394 qui
1797 1353 1930 1384 docent.
1980 1352 2074 1384 Hane
2104 1361 2223 1384 conso-

1237 1395 1395 1427 lationem
1430 1395 1589 1427 debemus
1619 1401 1747 1433 tenere,
1782 1401 1814 1426 et
1842 1395 1910 1426 fide
1941 1401 2089 1427 statuere
2112 1395 2222 1427 Deum

1237 1437 1309 1469 sore
1332 1438 1531 1479 praesidium
1554 1436 1740 1475 Ecclesiae,
1763 1438 1860 1468 etiam
1881 1448 1954 1468 cum
1972 1437 2115 1468 hnmana
2128 1447 2223 1478 prae·

1239 1481 1324 1512 sidia
1346 1490 1412 1511 non
1436 1486 1514 1510 sunt
1538 1480 1569 1510 in
1594 1487 1789 1521 conspectu,
1814 1481 1903 1511 iuxta
1922 1479 2018 1511 illud:
2052 1480 2123 1511 ,Scit
2156 1482 2222 1512 Do-

1239 1524 1361 1561 minus,
1397 1523 1511 1564 quibus
1545 1533 1627 1563 opas
1659 1524 1817 1554 habeatis.
1862 1524 1982 1554 Nonne
2016 1525 2144 1554 summa
2170 1528 2223 1554 est

1239 1566 1393 1598 miseria?
1427 1575 1491 1596 nos
1520 1576 1588 1596 non
1621 1575 1736 1596 sumus
1760 1566 1842 1597 certi
1871 1566 1913 1597 de
1940 1567 2006 1597 vita
2035 1571 2151 1597 nostra
2179 1574 2222 1597 ne

1239 1620 1304 1640 una
1328 1609 1459 1650 quidem
1484 1608 1583 1646 hora,
1607 1614 1639 1639 et
1663 1615 1772 1640 tamen
1797 1609 2027 1640 excruciantur
2055 1609 2097 1640 de
2121 1609 2222 1647 victu,

1240 1653 1281 1684 de
1304 1651 1520 1683 facultatibus
1543 1653 1681 1691 nostris,
1706 1662 1748 1682 an
1771 1652 1950 1694 posteritas
1973 1657 2088 1683 nostra
2113 1651 2221 1692 possit

1238 1696 1364 1727 habere
1392 1697 1524 1726 victum.
1571 1694 1639 1726 Cur
1672 1705 1739 1726 non
1774 1696 1901 1737 positus
1937 1695 2037 1726 vitam
2070 1701 2221 1726 nostram

1238 1740 1418 1781 dirigamus
1440 1740 1482 1769 ad
1507 1738 1593 1769 hanc
1616 1737 1781 1781 reguiam:
1806 1739 1962 1770 habilitas
1984 1748 2053 1769 esse
2076 1740 2160 1776 Deo,
2189 1741 2221 1769 et

1235 1792 1307 1814 ora.

1323 1823 1541 1866 Evangelium
1566 1823 1666 1855 habet
1695 1825 1947 1865 promissionem
1971 1822 2156 1856 futurorum
2187 1829 2220 1856 et

1236 1868 1460 1910 praesentiunt
1496 1868 1679 1906 bonorum,
1716 1874 1748 1899 et
1782 1874 1890 1899 tamen
1924 1878 1990 1899 non
2019 1877 2152 1909 semper
2186 1869 2220 1898 in

1237 1913 1353 1954 specie
1376 1911 1433 1942 tihi
1457 1910 1521 1941 hot:
1545 1911 1659 1948 datur,
1686 1911 1775 1952 quod
1805 1921 1910 1942 suave
1940 1916 2004 1942 est.
2048 1911 2124 1951 lpse
2147 1909 2220 1941 vult

1237 1966 1314 1987 esse
1339 1955 1490 1986 diversas
1514 1952 1691 1985 facultates
1711 1954 1895 1991 hominum,
1919 1961 1949 1984 et
1973 1954 2038 1984 hoe
2068 1963 2130 1984 suo
2162 1953 2219 1984 mi-

1238 1997 1334 2030 rabili
1365 1997 1504 2029 ces-silio
1532 1997 1688 2035 instituit,
1723 2003 1759 2028 ut
1786 1998 1835 2028 sic
1861 1996 1946 2028 alter
1969 1996 2067 2027 alteri
2090 1997 2219 2028 servire

1239 2042 1355 2083 possit,
1378 2047 1414 2072 ut.
1438 2039 1595 2072 Salomon
1620 2041 1736 2082 inquit:
1763 2040 1863 2071 Dices
1886 2044 1915 2070 et
1938 2049 2068 2081 pauper
2079 2049 2144 2071 una
2161 2039 2218 2071 Iza-

1240 2086 1355 2123 bz'lant,
1380 2084 1536 2115 Dominus
1555 2083 1636 2122 jecit
1658 2088 1835 2124 atramque.
1882 2083 1976 2114 Item:
2000 2085 2064 2115 Iste
2088 2091 2218 2124 pauper

1240 2129 1391 2160 clamarit
1416 2128 1461 2158 ad
1484 2127 1665 2164 Dominam,
1688 2130 1718 2157 et
1742 2127 1811 2167 ipse
1834 2127 1954 2166 eripuit
1976 2136 2054 2157 eum.
2099 2125 2142 2157 Et
2166 2127 2218 2157 be-

1238 2172 1356 2203 neficia
1380 2169 1567 2212 corporalia
1598 2176 1675 2200 sunt
1704 2176 1831 2200 certum
1854 2170 2095 2208 testimonium,
2129 2169 2218 2211 quod

1238 2215 1334 2247 Deus
1359 2213 1437 2245 velit
1462 2223 1524 2244 nos
1549 2214 1705 2244 exaudire
1729 2219 1865 2254 propter
1888 2212 1998 2244 lilium.

1327 2258 1506 2289 Pronzt'ssz'o
1538 2257 1721 2297 spiritualis
1754 2266 1886 2298 semper
1920 2262 1970 2287 est
1997 2260 2068 2286 rata
2101 2260 2134 2286 et
2159 2254 2217 2286 im-

1239 2308 1339 2339 mota,
1363 2301 1459 2332 etiam
1478 2301 1673 2339 corporalis,
1698 2300 1758 2330 sed
1781 2300 1835 2330 ita.
1859 2307 1891 2330 ut
1912 2297 2063 2330 Ecclesia
2081 2298 2123 2329 sit
2140 2298 2217 2330 sub-

1238 2346 1325 2376 iecta
1348 2344 1454 2382 cruci,
1476 2349 1508 2374 ut
1532 2342 1650 2373 Esaias
1674 2343 1790 2383 inquit:
1825 2342 1919 2373 Dabo
1940 2342 2030 2373 rolris
2053 2342 2218 2373 doctorem

1236 2398 1351 2429 panem
1374 2397 1442 2418 cum
1465 2386 1681 2424 trihalatt'mw,
1700 2391 1730 2417 et
1753 2396 1865 2427 aquam
1888 2390 2020 2417 arctam.
2066 2384 2119 2416 De
2141 2393 2217 2426 pro·

1237 2432 1395 2463 missione
1417 2428 1576 2470 spirituali
1601 2430 1677 2460 dicit
1700 2431 1773 2461 Iob:
1798 2429 1934 2460 Etiamsi
1949 2439 1996 2459 me
2012 2428 2146 2466 occidet,
2171 2431 2216 2458 ta-

1238 2484 1305 2505 men
1327 2473 1468 2515 sperabo
1491 2473 1524 2503 in
1547 2483 1625 2509 mvn,
1647 2473 1736 2513 quod
1760 2471 1829 2504 vult
1853 2472 2000 2503 indicare
2023 2471 2216 2513 promissio-

1237 2528 1312 2549 nem
1337 2518 1498 2548 bonorum
1521 2516 1736 2556 spiritualium
1759 2525 1836 2546 esse
1848 2515 2064 2552 retinendam,
2087 2513 2216 2545 etiamsi

1237 2563 1309 2600 ipsa
1333 2557 1518 2601 corporalia
1541 2569 1603 2589 nos
1627 2559 1826 2594 destituant;
1855 2565 1886 2588 et
1911 2563 2028 2599 postea
2051 2559 2215 2598 sequitur:

1243 2604 1457 2635 Veruntamen
1479 2602 1550 2633 vias
1573 2612 1660 2633 meas
1687 2611 1798 2632 coram
1826 2603 1900 2641 ipso
1922 2611 2057 2642 aryaam
2085 2604 2115 2631 et
2145 2601 2215 2641 ipse

1238 2649 1301 2679 eric
1323 2647 1471 2679 salvator
1492 2655 1592 2677 meus:
1617 2651 1648 2676 et
1670 2651 1803 2687 postea:
1828 2644 1902 2677 Νοπ
1923 2644 2090 2676 intrabunt
2106 2652 2216 2675 coram
