2374 2985
253 185 313 215 175

249 280 396 310 umhram
420 279 528 309 indicii
559 280 668 310 divini.
717 279 863 310 Redemit
886 289 967 320 ergo
991 290 1053 310 nos
1077 279 1231 310 Christus

250 332 269 352 a
293 322 525 353 maledictione
551 321 652 364 legis,
687 323 745 353 sed
777 333 842 353 non
877 322 1027 358 sustulit3
1060 323 1136 363 quia
1159 322 1231 354 tulit

248 375 388 406 poena-n
412 375 472 405 pro
495 366 603 403 nobis,
627 366 714 406 quod
738 376 804 396 non
827 372 880 396 est
903 364 1045 403 solvere,
1068 366 1129 396 sed
1153 376 1230 396 0011-
1254 380 1258 409 1

250 408 380 439 firmare
404 406 522 450 legem.
569 408 667 449 Apud
691 407 948 439 Demosthenem
972 407 1148 449 aliquoties
1179 419 1229 439 rc·

248 451 372 492 peritur
390 450 472 482 haec
496 451 629 492 phrasis
652 447 728 481 λύειν
753 451 874 490 ι’όμουςε
896 452 956 482 5811
979 460 1044 481 11011
1063 451 1229 493 signifieat

248 492 372 525 violare
407 493 500 535 leges
537 495 665 534 privato
700 493 843 532 delicto,
877 495 936 524 sed
970 495 1146 535 abrogare.
1193 495 1227 525 ld

251 547 328 567 vero
353 542 461 577 potest
489 536 557 567 fieri
588 537 629 567 de
657 537 806 568 humanis
829 536 970 577 legibus,
1016 538 1081 568 Sed
1106 535 1158 567 lex
1182 538 1227 569 di-

249 582 324 610 vina
359 591 422 610 non
458 589 506 609 051
542 579 655 610 similis
680 579 811 612 tabulae
834 579 954 611 affixae
978 581 1107 621 parieti,
1142 591 1226 622 quae

249 634 308 664 pro
332 623 468 654 arbitrio
494 624 587 664 religi
609 624 726 664 possit.

335 665 500 697 Antinomi
526 667 654 697 dicunt:
678 667 706 696 si
731 667 804 707 quis
828 672 1003 701 scortatur‚
1028 672 1135 697 tamen
1159 677 1224 697 ma·
1250 654 1254 699 i

248 715 301 739 net
325 709 442 739 iustus.
478 708 529 745 Hi,
553 716 708 750 quantum
732 710 773 740 ad
797 709 889 750 ipsos
913 710 1039 747 attinet,
1063 710 1227 751 abrogant

247 762 307 782 580
332 750 447 782 tollunt
474 751 599 793 legem,
633 752 692 782 sed
726 762 791 782 non
826 758 1004 794 propterea
1027 751 1151 784 tollitur
1172 751 1227 783 lex

247 805 283 825 re
306 795 389 836 ipsa.
434 794 688 826 Lacedaemonii
724 794 899 826 solvebant
932 794 1038 837 legem
1073 796 1227 837 coniugii,

247 843 404 878 quantum
428 836 555 868 scilic-vt
577 838 619 868 ad
642 838 733 878 ipsos
757 839 932 876 attinebat,
958 840 1017 869 sed
1041 849 1106 869 non
1131 838 1226 869 tolle-

249 881 344 911 batur
367 887 544 921 propterca
569 881 650 912 ordo
674 881 819 919 divinus,
855 882 910 922 qui
934 888 985 912 est
1008 881 1225 913 immutabilis.

247 922 298 953 De
323 921 452 964 legibus
477 924 679 954 thisaicis
703 931 794 955 recte
818 935 953 965 possum
978 926 1104 957 dicere:
1134 925 1225 956 Chri-

247 972 318 997 stus
353 968 436 997 ἔλυσε
460 963 566 1005 ιόμους
594 968 651 997 τῶν
681 973 860 1009 ψτιρισιιίων.
918 967 959 998 Et
989 968 1037 999 sic
1062 968 1125 999 dici
1149 979 1226 1009 pos-

247 1015 309 1046 set,
335 1010 422 1050 quod
447 1009 613 1041 Lutherus
637 1010 774 1042 solverit
797 1009 890 1052 leges
915 1012 1129 1042 monasticas·
1159 1011 1226 1042 Sed

246 1052 331 1082 idem
366 1053 429 1082 dici
464 1063 529 1083 non
566 1060 675 1093 potest
709 1054 749 1085 de
783 1053 858 1095 lege
881 1055 1002 1085 diw'na.
1048 1054 1121 1085 Hoc
1144 1065 1225 1096 ergo

245 1093 313 1125 vult
333 1096 423 1136 prior
440 1094 496 1126 illa
522 1106 599 1137 pars
623 1097 698 1128 dicti
723 1096 859 1127 Christi:
895 1097 970 1128 Non
1000 1098 1070 1128 reni
1101 1099 1226 1130 soh-ere

246 1138 351 1178 leymn.

337 1329 556 1379 Quomodo
590 1331 731 1385 implet
763 1330 945 1372 Christus
978 1332 1136 1386 legem?

671 1438 824 1478 Primum,
858 1450 919 1471 sua
944 1441 1047 1481 ipsius
1071 1442 1225 1472 obedien-

1184 1484 1225 1514 Et

332 1438 481 1472 Quatuor
507 1439 623 1469 modis.

245 1481 288 1511 tia
310 1481 450 1522 integra.
497 1481 580 1512 Nam
605 1480 658 1512 lex
693 1493 757 1513 non
787 1482 913 1514 frustra
947 1484 1003 1514 suit
1041 1484 1138 1514 edita.

246 1524 388 1564 oportuit
423 1534 501 1555 esse
536 1524 718 1563 hominem,
752 1527 807 1567 qui
836 1525 1044 1558 satisfaceret
1067 1525 1144 1568 legi.
1190 1527 1224 1557 ld

244 1567 405 1607 praestitit
443 1566 616 1605 Christus,
651 1569 705 1610 qui
740 1568 834 1600 solus
868 1570 899 1600 in
925 1580 1048 1612 genere
1083 1570 1224 1601 humano

245 1609 392 1649 perfecte
418 1616 450 1640 et
472 1611 601 1652 integre
625 1613 773 1643 servavit
802 1611 924 1654 legem:
959 1614 1084 1653 Dilifyes
1114 1613 1225 1644 Domi-

244 1662 315 1683 num
343 1652 442 1683 Daenm
467 1657 552 1684 tunm
575 1665 614 1684 (ur
638 1658 704 1685 roto
727 1656 825 1686 corde
849 1660 919 1687 tuo:
950 1656 1118 1693 Secundo,
1142 1657 1225 1688 deri-

246 1701 321 1726 vata
345 1696 377 1726 in
402 1706 440 1726 58
463 1706 590 1736 poena,
627 1708 711 1738 quae
746 1699 859 1730 debuit
892 1710 968 1730 esse
1002 1699 1141 1740 pretium
1166 1710 1225 1741 pro

244 1737 331 1773 aliis5
354 1739 442 1780 quod
467 1739 535 1770 fieri
559 1751 623 1771 non
647 1741 825 1781 potuisset„
861 1742 921 1773 nisi
944 1743 1016 1783 ipse
1038 1743 1157 1774 fuisset
1181 1744 1225 1774 iu·

245 1787 329 1819 stus,
362 1788 395 1812 et
419 1783 491 1813 sine
516 1783 603 1814 omni
627 1791 775 1824 peccato.
822 1783 1014 1826 Cogitemus
1038 1793 1147 1817 autem
1172 1785 1225 1817 hic

244 1824 392 1856 mirabile
427 1832 718 1866 temperamentum
752 1828 998 1860 misericordiae
1028 1834 1060 1860 et
1082 1830 1224 1861 iustitiae

242 1866 316 1898 Dei.
374 1867 468 1899 Multi
506 1868 627 1900 habent
663 1869 723 1901 has
758 1871 948 1912 prophanas
988 1873 1221 1914 cogitationes:

242 1909 336 1941 Deus
371 1918 422 1942 est
451 1912 660 1947 misericors,
696 1924 761 1943 non
797 1921 891 1945 curat
914 1922 1064 1956 peccata.
1111 1915 1223 1947 Facile

243 1953 373 1984 remittit
396 1952 475 1984 illud
510 1965 569 1994 pro
603 1966 664 1986 sua
691 1957 845 1988 bonitate.
893 1958 1016 1989 Verum
1041 1958 1134 1990 Deus
1158 1970 1223 1990 11011

243 2002 366 2027 tantum
392 1998 579 2028 misericors
598 2006 660 2037 est,
685 2000 744 2030 sed
767 1999 863 2031 5111101
886 2002 981 2032 etiam
1006 2002 1130 2040 iustus,
1160 2013 1222 2034 nec

242 2039 375 2070 remittit
399 2048 537 2080 peccata
561 2052 603 2072 ex
627 2039 778 2073 futilitate
803 2044 942 2084 quadam
973 2046 1045 2076 sine
1069 2056 1222 2086 compen-

242 2082 387 2119 satione,
422 2084 480 2114 sed
516 2086 659 2124 oportuit
695 2084 809 2116 Filium
833 2086 895 2117 Dei
919 2086 1051 2119 solvere
1075 2089 1168 2129 Maga
1191 2095 1221 2120 et

242 2126 407 2156 sustinere
442 2125 531 2157 illam
567 2129 730 2169 ingentem
766 2129 847 2159 iram
877 2131 1038 2162 adversus
1070 2139 1219 2172 peccata.

242 2167 386 2199 Remittit
421 2170 551 2210 quidem
586 2171 678 2201 Deus
712 2179 885 2212 peccatum
920 2175 1041 2215 gratis,
1065 2176 1153 2216 quod
1179 2176 1220 2207 ad

242 2221 304 2241 1105
328 2212 454 2249 attinet,
478 2213 536 2243 sed
561 2224 627 2244 non
651 2215 759 2255 quoad
784 2214 893 2246 filium.

328 2254 420 2285 Haec
454 2262 504 2286 cst
540 2267 659 2299 magna
683 2264 715 2288 et
738 2258 932 2290 inexhausta
966 2262 1144 2300 sapientia,
1179 2262 1219 2292 de

241 2307 303 2337 qua
328 2306 521 2329 reverenter
545 2301 756 2340 cogitandum
775 2307 836 2339 851,
860 2307 892 2333 et
912 2303 985 2334 inde
1003 2305 1220 2345 agnoscenda

239 2341 287 2370 ira
311 2339 373 2371 Dei
396 2342 484 2373 seria
506 2342 670 2374 adversus
693 2350 882 2384 peccatum3
917 2352 946 2376 et
970 2348 1138 2387 gratitudo
1162 2358 1219 2378 110-

238 2387 309 2413 stra
341 2385 559 2417 exuscitanda
593 2392 644 2417 est
677 2397 737 2427 pro
767 2387 829 2418 hac
853 2388 1010 2420 immensa
1033 2391 1220 2422 misericor-

239 2426 303 2463 dia,
326 2428 414 2468 quod
438 2427 538 2459 Pater
560 2430 655 2460 mittit
669 2429 795 2467 Filium,
819 2436 853 2461 ut
871 2430 1052 2463 satisfaciat
1076 2434 1220 2465 iustitiae

239 2468 379 2507 divinae,
404 2471 553 2503 den'vata
575 2473 607 2503 in
631 2482 668 2504 se
691 2474 740 2504 ira
764 2478 796 2503 et
815 2484 934 2514 poena,
959 2481 991 2505 et
1014 2477 1101 2517 quod
1117 2477 1218 2508 Filius

238 2512 328 2542 subit
363 2512 426 2544 1100
460 2525 544 2546 01105
569 2523 684 2547 nostra
707 2526 842 2552 caussa3
878 2523 909 2547 et
933 2519 1008 2559 quia
1031 2520 1084 2550 vix
1109 2520 1219 2551 tenuia
1242 2527 1245 2559 j

238 2553 328 2585 initia
351 2556 447 2588 huius
471 2559 654 2598 sapientiae
678 2560 708 2590 in
735 2559 797 2590 hac
822 2560 887 2591 vita
915 2561 1086 2602 percipere
1100 2573 1218 2603 possu-

238 2606 329 2635 1005,
354 2599 512 2631 dehemus
537 2603 673 2633 accendi
699 2603 862 2634 desiderio
882 2602 1018 2635 alterius
1042 2606 1139 2644 vitae,
1162 2606 1217 2638 ubi

236 2648 378 2671 caussas
404 2643 516 2674 hanun
541 2646 754 2677 maximarum
773 2655 881 2677 rerum
902 2645 1053 2688 legemus
1072 2650 1215 2689 scriptas

886 185 995 216 PHlL.
1020 185 1124 216 MEL.
1154 185 1344 218 SCRIPTA
1369 186 1634 219 EXEGETICA.

2205 194 2267 226 176

1256 280 1315 325 {in
1351 281 1422 321 ipso
1456 280 1540 313 Deo.
1591 282 1702 317 Quare
1737 285 1919 323 oportuerit
1953 283 2067 316 Filium
2098 285 2160 317 Dei
2194 287 2264 319 fieri

1255 331 1259 376 1
1285 323 1387 364 λύτρον
1411 335 1471 365 pro
1497 326 1604 356 nobis.
1651 324 1707 355 llla
1738 327 1900 366 sapientia
1931 326 2030 369 longe
2062 329 2122 359 erit
2150 331 2264 369 maior,

1283 376 1378 407 quarn
1399 367 1487 398 scire
1510 371 1629 406 omnia,
1653 378 1871 410 quaecunque
1900 377 1975 401 sunt
2000 372 2030 401 in
2062 378 2131 402 tota
2155 383 2264 405 rerum

1283 415 1410 442 natura.
1456 410 1526 441 Etsi
1559 412 1640 442 haec
1670 422 1800 452 qnoque
1836 411 1971 452 pulchra
2002 421 2097 451 sunt,
2125 422 2156 446 et
2187 416 2263 447 11151-

1281 453 1358 494 gnia
1381 455 1568 485 testimonia
1591 455 1632 484 de
1657 454 1745 492 Deo,
1768 455 1855 486 scire
1879 455 2055 496 qualitates
2076 456 2262 497 herbarum,

1281 503 1389 527 motus
1413 497 1564 535 siderum,
1588 503 1620 528 et
1643 496 1773 528 illorum
1798 497 1946 529 effectus.

1366 555 1478 587 Tertio
1504 555 1615 597 implet
1639 556 1792 588 Christus
1823 556 1930 599 legem
1954 559 2177 597 restituendo,
2201 571 2263 593 seu

1251 620 1253 628 .
1280 597 1453 631 efficiendo
1483 599 1592 641 legem
1622 600 1655 631 in
1690 601 1797 631 nobis.
1850 601 2039 643 liecipimur
2069 604 2153 633 enim
2188 614 2263 644 pro-

1280 649 1353 681 pter
1375 643 1482 683 ipsum
1507 644 1621 685 gratis,
1644 643 1704 674 sed
1729 644 1913 685 recipimun
1939 656 2002 675 non
2023 652 2058 676 ut
2070 655 2261 677 maneamus

1279 685 1311 716 in
1335 687 1495 726 peccatis,
1520 687 1580 717 scd
1612 692 1647 717 ut
1671 687 1885 718 restituantur
1908 688 1938 718 in
1964 689 2060 718 nohis
2084 689 2205 720 iustitia
2228 695 2262 720 et

1279 729 1346 759 vita
1369 735 1516 767 aeterna,
1539 735 1570 760 et
1593 728 1775 760 efficiamur
1797 729 1921 760 similes
1945 729 2025 762 Filio
2043 731 2114 762 Dei.
2152 731 2261 773 Opor-

1280 777 1325 802 tet
1350 772 1448 813 igitur
1470 772 1619 803 inchoari
1642 774 1674 803 in
1699 773 1794 803 nohis
1818 771 1926 813 legem
1957 774 1988 804 in
2020 773 2083 804 hac
2114 774 2200 812 vita,
2228 780 2261 806 et

1279 813 1362 845 haec
1394 815 1559 846 inchoatio
1591 815 1780 856 perficietur
1806 816 1837 846 in
1870 816 1933 847 vita
1961 822 2107 847 aeterna.
2152 817 2262 858 Atque

1279 858 1352 889 ideo
1388 858 1484 889 datur
1518 860 1614 889 nobis
1642 858 1784 898 Spiritus
1819 867 1973 897 sanctus,
2006 867 2041 891 ut
2075 860 2262 892 sanctificet

1279 910 1353 938 1105,
1384 908 1415 931 et
1449 902 1550 933 faciat
1586 912 1647 932 nos
1681 900 1791 942 aliquo
1827 904 1924 933 modo
1959 901 2148 934 conformes
2181 901 2259 944 legi.

1252 938 1255 979 ἰ
1279 943 1375 978 Quod
1399 951 1516 985 postea
1539 946 1668 976 demum
1692 946 1990 983 consummabitur,
2019 956 2093 977 cum
2117 946 2258 978 resusci-

1252 989 1255 1000 ¹
1279 988 1419 1018 tabimur
1441 998 1461 1018 a
1484 996 1599 1019 morte.
1641 988 1692 1018 Ac.
1715 995 1805 1019 recte
1828 989 1878 1019 sic
1903 987 2104 1029 colligimus:

1365 1067 1489 1096 Natura
1517 1066 1679 1096 nominum
1701 1066 1828 1097 condita
1853 1070 1903 1097 ese
1926 1068 1971 1097 ad
2001 1068 2258 1105 conformitatem

1409 1118 1480 1139 cum
1497 1110 1566 1147 leffe
1589 1110 1666 1139 Dei.-

1250 1159 1253 1186 1
1365 1152 1449 1190 Eryo
1472 1155 1621 1191 sequetur
1643 1152 1708 1184 alfa
1731 1154 1794 1182 vita
1817 1153 2017 1183 immortalis.

1367 1228 1457 1259 llaec
1488 1227 1725 1268 consequentia
1758 1226 1860 1258 vaiet:
1895 1228 1988 1268 quia,
2024 1238 2096 1259 cum
2130 1229 2160 1259 in
2196 1229 2259 1261 hao

1280 1272 1344 1302 vita
1368 1281 1433 1302 non
1466 1272 1508 1302 sit
1539 1269 1754 1301 conformitas
1783 1270 1929 1311 integra,
1959 1280 2100 1302 necesse
2131 1278 2180 1302 est
2209 1282 2259 1304 re·

1250 1319 1254 1356 f
1277 1320 1368 1345 state
1391 1312 1488 1345 aliam
1514 1315 1623 1350 vitam,
1648 1314 1678 1343 in
1702 1323 1765 1354 qua
1790 1313 1843 1343 fiet
1868 1314 2118 1345 consummatio.

1251 1379 1253 1424 j
1367 1374 1516 1409 Quartus
1551 1375 1667 1404 modus
1703 1379 1770 1410 851,
1811 1372 1922 1414 implet
1957 1373 2109 1404 Christus
2149 1373 2258 1416 legem

1250 1439 1253 1454 ,
1278 1418 1375 1448 etiam
1399 1416 1564 1453 docendo,
1588 1417 1847 1457 interpretamin,
1873 1415 2019 1446 tollendo
2043 1427 2188 1455 errores,
2210 1427 2258 1449 re-

1277 1460 1450 1502 purgando
1483 1459 1681 1494 doctrinam;
1716 1465 1748 1490 et
1781 1459 1844 1490 hoc
1879 1465 1931 1490 est
1966 1470 2139 1491 commune
2173 1470 2258 1501 opus

1278 1504 1420 1535 omnium
1444 1509 1614 1544 pastorum
1637 1509 1669 1533 ct
1692 1503 1865 1533 doctorum
1889 1503 1920 1533 111
1936 1501 2096 1534 Ecclesia.
2141 1502 2183 1534 Et
2203 1503 2259 1545 qui

1277 1547 1401 1578 habent
1434 1544 1652 1588 singularem,
1686 1556 1744 1576 5811
1778 1546 1932 1576 eximiam
1962 1547 2182 1584 vocationem,
2211 1545 2260 1578 illi

1278 1589 1400 1621 faciunt
1432 1590 1615 1631 insigniter,
1650 1595 1681 1619 et
1717 1599 1836 1631 magno
1871 1599 1944 1620 cum
1979 1599 2153 1620 successu.
2210 1588 2259 1621 In-

1278 1633 1366 1675 genti
1392 1632 1465 1663 zelo
1489 1632 1642 1664 Christus
1672 1631 1724 1662 hic
1748 1633 1845 1663 docet
1875 1642 1985 1662 veram
2014 1631 2098 1674 legis
2128 1638 2258 1663 senten-

1278 1677 1370 1707 tiam:
1403 1677 1456 1707 Vos
1478 1677 1651 1707 Pharisaei
1679 1675 1811 1716 (inquit)
1842 1676 1983 1706 salvisus
2009 1679 2041 1706 et
2068 1677 2259 1715 corrupistis·

1277 1722 1378 1760 leyem
1405 1719 1476 1759 Dei,
1499 1724 1649 1758 quantum
1673 1719 1705 1749 in
1728 1720 1813 1749 robt's
1833 1721 1908 1757 fall.
1954 1717 2072 1748 Dicitis
2097 1716 2154 1749 illa
2176 1719 2258 1750 inte·

1278 1764 1365 1793 riora
1389 1773 1455 1793 non
1479 1772 1556 1793 0558
1577 1769 1728 1802 peccata,
1753 1761 1906 1792 videlicet
1930 1761 2162 1801 dubitati-unes,
2185 1771 2258 1802 pra-

1279 1817 1338 1836 vas
1362 1804 1606 1840 inclinationes,
1630 1815 1695 1835 non
1719 1803 1857 1845 diligere
1870 1803 1977 1835 Deum
1991 1815 2030 1835 ex
2054 1810 2123 1835 toto
2144 1805 2256 1843 corde,

1278 1855 1341 1880 etc.
1402 1847 1556 1879 Similiter
1590 1858 1651 1878 vos
1685 1846 1751 1885 alii,
1786 1848 1839 1888 qui
1870 1846 1968 1878 vultis
2001 1845 2095 1878 liberi
2129 1857 2205 1878 esse
2237 1858 2258 1878 a

1277 1891 1365 1934 lege,
1393 1891 1522 1928 erratis,
1545 1891 1574 1921 51
1597 1891 1670 1922 ideo
1695 1901 1746 1921 me
1770 1891 1892 1931 putatis
1917 1891 2067 1927 venisse,
2092 1896 2126 1920 ut
2149 1891 2257 1931 possi-

1276 1936 1317 1966 tis
1342 1934 1454 1966 laxare
1476 1933 1589 1964 {renos
1614 1934 1856 1974 cupiditatibus.

1365 1995 1435 2027 Hos
1460 2005 1592 2027 errores
1628 1994 1709 2026 tollit
1734 1994 1888 2026 Christus
1924 1995 1954 2025 in
1985 1994 2049 2025 hac
2078 2000 2147 2026 tota
2177 2005 2256 2027 con-

1245 2056 1249 2082 5
1275 2040 1380 2070 010118.
1408 2039 1643 2080 Interpretatur
1655 2045 1883 2079 praeceptum:
1910 2037 1984 2067 Non
2007 2038 2143 2076 occides,
2166 2038 2256 2080 quod

1245 2086 1248 2113 Ι
1276 2082 1447 2114 Pharisaei
1472 2082 1623 2112 dicebant
1654 2079 1829 2122 prohibere
1861 2081 2015 2118 caedem,
2044 2091 2130 2122 qnae
2157 2091 2254 2112 manu

1244 2125 1391 2172 istebat,
1430 2126 1501 2166 ipse
1535 2134 1614 2155 vcro
1648 2125 1792 2155 ostendit
1835 2124 1931 2154 etiam
1967 2124 2047 2154 iram
2089 2124 2254 2162 iniustam,

1245 2169 1401 2206 ¹odium,
1435 2166 1696 2199 malevolentiam
1732 2174 1761 2197 et
1797 2175 1929 2197 caetera
1964 2176 2040 2197 esse
2071 2173 2253 2207 peccatum.

1244 2196 1247 2241 i
1273 2212 1329 2244 Sic
1353 2213 1584 2252 interpretatur
1607 2216 1836 2251 praeceptum:
1861 2209 1937 2240 ,Non
1960 2209 2188 2241 nweclzabertv:
2213 2210 2254 2241 de

1273 2265 1338 2296 quo
1367 2254 1535 2285 Pharisaei
1564 2254 1762 2284 sentiebant.
1799 2253 1885 2294 quod
1921 2259 2045 2283 tantum
2081 2251 2254 2292 prohibeat

1244 2308 1247 2336 ς
1273 2297 1477 2329 adulterium.
1515 2295 1646 2327 lnterim
1672 2306 1734 2326 11011
1759 2296 1947 2327 iudicabant
1970 2305 2045 2326 esse
2069 2302 2253 2336 peccatum,

1244 2338 1393 2383 {ardere
1427 2340 1616 2371 inordinato
1650 2350 1763 2370 :unore
1798 2339 1925 2370 alienae
1961 2337 2118 2376 mulieris,
2151 2344 2184 2370 et
2218 2344 2253 2370 ut

1244 2392 1246 2429 f
1273 2383 1441 2424 Propheta
1463 2381 1625 2424 loquitur,
1650 2382 1821 2413 adhinnit-0
1845 2383 1889 2413 ad
1912 2383 2049 2413 alterius
2079 2382 2250 2422 coniugem.

1243 2436 1247 2470 i,

1243 2471 1246 2502 1

1273 2426 1427 2458 Christus
1457 2436 1538 2456 vero
1568 2425 1660 2456 (101·οι
1693 2426 1790 2456 etiam
1815 2425 1960 2456 flammas
1985 2423 2115 2455 illicitas
2138 2432 2169 2456 et
2193 2424 2251 2455 ob·

1272 2479 1416 2501 scoenas
1457 2469 1676 2509 cogitationes
1716 2478 1792 2499 esse
1827 2475 2010 2511 peccatum.
2060 2467 2098 2498 Et
2128 2468 2177 2499 sic
2210 2467 2250 2498 de

1271 2513 1414 2545 caeteris
1438 2512 1559 2554 arguit,
1583 2518 1615 2542 et
1638 2510 1759 2542 rcl'utat
1781 2522 1914 2542 errores
1929 2510 2195 2542 Pharisaeorum:
2217 2515 2251 2541 et

1242 2565 1244 2572 ⁴
1270 2558 1320 2587 sic
1344 2565 1495 2597 unusque
1518 2553 1690 2585 Ecclesiae
1713 2555 1831 2592 doctor
1855 2565 1972 2586 curare
1996 2554 2112 2591 debet,
2136 2559 2171 2584 ut
2193 2562 2249 2584 ex-

1242 2608 1243 2613 *
1269 2605 1335 2631 stet
1359 2598 1524 2630 sententia
1543 2596 1627 2639 legis
1651 2598 1828 2639 perspicua
1852 2604 1884 2628 et.
1908 2597 2171 2629 incontaminata.

1240 2622 1244 2667 i
1356 2649 1454 2682 Valet
1475 2660 1517 2680 ne
1538 2655 1781 2691 argumentum:
