2343 2970
62 205 125 237 261
750 202 969 235 POSTILLA
991 202 1388 235 MELANTHONIAI'JA.
2015 206 2079 237 262

1183 298 1219 329 In
1243 297 1361 330 schola
1374 297 1557 330 Phorcen<=i
1582 304 1652 330 erat
1675 298 1877 340 praefectus,
1901 299 1956 332 vel
1979 312 2079 342 quae-

1096 347 1183 375 stor,
1209 342 1265 371 aler
1287 341 1364 371 hielt
1395 342 1455 370 das
1488 342 1566 371 auch
1598 342 1671 376 wol,
1705 348 1811 382 ταμίαι
1846 346 1971 382 λαμίαι,
2007 351 2080 376 erat

1096 385 1242 425 Principi
1275 385 1406 416 furatus
1440 383 1659 423 frumentum,
1695 392 1727 417 et
1755 392 1927 427 praeterea
1957 398 2079 419 aureos

1097 434 1252 466 coxerat,
1285 434 1321 460 ut
1354 427 1478 470 aliquid
1508 429 1701 460 abraderet:
1736 429 1858 461 Habuit
1892 430 2079 471 Principem

1095 471 1303 510 Badensem,
1338 472 1504 503 dominum
1527 471 1625 503 valde
1653 473 1716 503 sibi
1747 473 1925 505 addictum.
1982 474 2080 505 Post-

62 516 135 548 auri
158 521 190 547 et
219 515 348 557 argenti
377 514 534 555 decupla;
568 525 633 545 una
667 512 825 544 drachma
859 514 929 544 auri
965 512 1042 544 olim
1096 525 1194 555 quam
1218 524 1273 546 res
1297 514 1407 546 delata
1432 521 1484 546 est
1507 515 1549 546 ad
1573 516 1770 557 prIncipem,
1794 515 1946 549 inclusus
1971 523 2022 548 est
2046 518 2079 549 in

59 558 193 591 valebat
212 559 326 590 decem
346 558 523 589 drachmas
539 558 684 599 argenti:
708 556 850 598 quinque
864 556 1042 588 drachmae
1096 567 1277 589 carcerem.
1322 557 1502 600 Princeps,
1532 564 1568 591 ut
1591 565 1705 599 antea,
1737 558 1845 590 fuerat
1869 570 1949 602 erga
1973 561 2080 601 ipsum

58 601 216 634 valebant
239 604 325 631 einen
348 601 458 630 halben
485 600 695 639 Uezqerischen
724 599 857 639 yulden,
892 599 969 628 oder
993 601 1042 629 ein
1065 620 1070 924 Ι
1096 599 1448 639 benevolentissimum,
1476 602 1521 632 ita
1551 607 1628 632 tunc
1652 603 1750 634 etiam
1774 604 1879 644 (quod
1904 609 1955 634 est
1977 604 2079 634 maxi-

63 300 300 341 cmptionibus‚
339 299 483 340 quinque
522 297 702 329 drachmae
736 296 948 328 solverentur
981 309 1042 339 pro

64 345 245 375 medimno:
279 343 351 372 Das
377 343 419 371 ist
441 342 491 370 ein
512 341 601 370 hamc
623 341 735 375 krone,
766 341 843 369 oder
865 342 914 369 cin
937 340 1043 370 halher

68 386 274 426 Uuyerz'scher
285 385 409 425 qulden.
448 384 487 416 10
504 384 682 415 drachmae
700 382 826 415 faciunt
844 386 911 413 eine
932 384 1042 413 hrone:

63 436 100 462 ut
121 430 277 462 Budaeus
300 433 461 460 numerat.
496 428 605 460 Simus
629 427 772 458 contenti
796 425 851 457 illa
874 426 965 458 sacili
984 438 1042 458 nu-

63 473 266 510 meratione,
300 472 377 513 quia
409 471 563 513 congruit
593 481 666 504 cum
697 471 832 511 antiqua
862 468 1042 501 collatione

58 645 148 675 halbe
170 645 274 675 hrone.
310 645 357 676 Ita
369 644 503 686 Lipsiae
525 642 615 675 valet
637 643 820 674 medimnus
844 653 930 674 unus
955 653 1042 674 com-
1096 653 1182 675 mum
1206 644 1238 674 in
1261 645 1429 686 Principe)
1454 643 1636 676 declaravit
1660 646 1944 685 benevolentiam,
1969 652 2001 683 et
2024 657 2078 678 ac·

58 689 212 720 munibus
235 688 330 719 annis
356 688 396 718 12
419 688 562 730 grossis.
619 686 692 717 Hoc
718 696 806 716 anno
837 686 876 716 15
901 687 1041 728 grossis.

58 731 110 762 Ex
132 732 239 772 pretio
262 732 400 767 videtis,
431 731 520 772 quod
550 729 814 770 computationes
843 727 919 761 illae
943 739 1042 761 verae

58 775 139 805 sint:
164 774 239 805 Non
264 779 353 805 certe
376 773 493 815 procul
515 774 681 804 aberrent.

144 816 205 847 Est
227 818 259 847 in
284 816 459 855 Cicerone,
483 817 572 857 quod
595 815 748 846 medimni
771 816 911 856 pretium
934 816 966 846 in
991 815 1041 846 Si-

59 858 134 891 cilia
151 858 213 891 fuit
238 859 277 890 15
300 861 422 891 nummi
446 860 600 891 sestertii.
645 859 681 889 111
711 858 822 889 Sicilia
845 860 903 888 ists
925 859 1040 896 wolfhi-

1097 688 1199 718 cessit
1221 688 1329 727 ipsum
1352 688 1614 726 incarceratum,
1640 694 1672 719 et
1696 690 1789 721 dixit:
1813 690 1929 724 Manes,
1954 690 2080 719 bictestu

1095 731 1162 759 umb
1185 730 1299 769 ynade,
1325 731 1402 760 oder
1426 731 1585 769 heym-estu
1609 732 1669 760 das
1693 732 1786 761 rech!-
1834 732 1896 764 Est
1918 743 2079 764 memora-

1096 772 1161 804 bile
1186 772 1383 815 exemplum.
1437 773 1496 805 Ille
1520 773 1655 806 volebat
1678 775 1782 806 videri
1806 776 1928 815 iustus,
1952 777 2080 817 putavit

1094 815 1184 847 illam
1209 822 1312 848 artem
1333 816 1518 859 elegantem
1542 818 1605 848 sibi
1628 828 1695 849 non
1720 819 1919 858 nocituram,
1942 830 2080 860 respon·

1095 860 1155 890 dit:
1185 858 1412 892 lllustrissimc
1439 859 1618 901 Princeps,
1649 872 1712 903 ego
1744 861 1824 893 nihil
1850 862 1939 893 aliud
1969 863 2079 903 cupio,

60 902 104 933 ler
125 906 252 942 9ewest,
277 903 358 931 deun
382 902 518 933 Romae.
572 901 710 932 Romani
733 902 777 933 ibi
801 908 950 934 emerunt
973 901 1040 933 sru-
1094 903 1156 933 nisi
1180 903 1352 934 iustitiam:
1377 903 1424 932 Er
1446 903 1528 933 hetta
1550 904 1647 933 sollen
1671 915 1783 943 sayen:
1816 905 1975 944 Gnedi‘sser
1998 906 2079 939 herr,

59 951 212 977 mentum.
259 945 379 977 Adhuc
406 946 440 976 in
469 945 582 977 Sicilia
610 944 731 976 alicubi
756 946 878 976 crescit
901 955 1039 987 sexage-
1093 945 1145 974 ich
1180 949 1250 975 weis
1280 948 1335 975 mit
1364 946 1455 975 Ewcr
1486 946 1618 977 Gnaden
1651 948 1738 977 nicht
1772 959 1805 977 :a
1834 949 1978 978 rechten?
2022 949 2080 978 Ich

58 987 198 1030 euplum.
233 987 325 1020 Haec
349 994 402 1019 GSt
424 998 545 1030 nlagna
567 989 721 1025 {Iberia-8⁴,
755 989 816 1017 das
845 990 894 1017 el'n
917 988 1042 1027 scllc’ffi’l
1093 989 1185 1027 heym·
1206 989 1321 1027 (luade.
1367 990 1456 1021 Abiit
1480 990 1655 1032 Princeps³
1679 998 1711 1022 et
1730 992 1828 1022 dixit:
1852 992 1924 1021 Νιιη
1945 992 1997 1021 dir
2019 991 2083 1021 soll

57 1035 103 1064 60
135 1031 259 1071 scheffcl
287 1031 364 1071 gibt.
423 1031 585 1063 Nummus
614 1031 789 1062 sestertius
819 1031 874 1060 hat
896 1035 919 1063 8
947 1042 1040 1060 unser
1092 1032 1179 1061 recht
1202 1032 1420 1070 widerfahren.
1472 1032 1555 1064 Post
1585 1034 1753 1066 octiduum
1785 1036 2015 1076 suspenditur,
2047 1041 2080 1067 et

54 1075 194 1113 pfemziy.
247 1075 268 1105 4
298 1075 441 1105 sestertii
473 1073 585 1105 valent
614 1084 680 1105 uno
713 1074 859 1105 denario.
915 1074 955 1105 15
987 1085 1038 1105 se·
1092 1081 1210 1115 postea
1230 1077 1445 1114 comburitur,
1462 1083 1600 1118 propter
1619 1078 1891 1117 depravationem
1914 1084 2080 1110 monetae.

56 1118 161 1148 stertii
183 1117 310 1147 machon
333 1117 469 1157 beymdw
492 1118 513 1148 4
537 1117 729 1148 drachmas:
761 1118 841 1146 dmm
870 1128 902 1147 es
930 1119 971 1147 ist
995 1118 1038 1146 «la
1092 1117 1176 1149 Sunt
1205 1118 1367 1150 mirabilia
1395 1120 1535 1150 artificia
1564 1119 1711 1152 furandi:
1746 1120 1793 1150 Es
1822 1121 1877 1151 hat
1906 1121 1976 1151 hein
2004 1132 2079 1157 mas,

55 1160 206 1198 wolfec'ler
239 1171 392 1198 Heu-esen,
428 1161 508 1189 denn
538 1160 688 1191 Athenis.
746 1160 843 1191 Ratio
872 1170 1038 1191 mensura-
1090 1161 1161 1190 kain
1184 1162 1270 1191 ende.

55 1213 145 1241 rum,
174 1204 376 1244 ponderum,
407 1204 603 1243 pretiorum,
637 1202 706 1234 fere
734 1204 854 1234 mansit
885 1205 1038 1235 omnibus
1177 1204 1213 1235 In
1243 1203 1318 1236 aula
1348 1204 1563 1237 Maximiliani
1591 1205 1613 1237 1.
1645 1204 1706 1237 suit
1737 1207 1859 1238 Comes
1893 1206 2016 1239 nobilis
2046 1214 2080 1239 et

55 1247 261 1286 temporibus
285 1245 446 1287 aequalis.
493 1245 692 1277 Tetraebmo
721 1247 818 1277 etiam
848 1245 926 1278 olim
952 1248 1037 1278 vitu·
1091 1257 1245 1288 magnus·
1291 1246 1350 1278 llle
1373 1249 1513 1280 sedebat
1535 1248 1718 1290 aliquando
1737 1251 1824 1291 apud
1844 1250 2080 1292 Imperatorem

55 1287 109 1320 lus
129 1295 181 1320 est
204 1294 352 1330 emptus,
375 1289 442 1318 umb
466 1290 553 1318 einen
575 1288 684 1318 halben
707 1289 818 1320 thaler.
868 1289 1037 1331 Agrorum
1091 1291 1124 1321 in
1147 1300 1280 1329 mensa,
1311 1296 1343 1321 et
1373 1291 1505 1332 quidem
1533 1290 1627 1323 vultu
1656 1293 1743 1324 tristi
1772 1294 1921 1325 sedebat.
1967 1293 2079 1335 Rogat

54 1333 161 1373 pretia
179 1332 383 1371 desylclchen.
420 1331 519 1364 Venit
535 1342 617 1374 ager
633 1333 665 1363 in
683 1332 776 1364 ltalia
795 1332 893 1363 simili
916 1333 1036 1374 pretio,
1090 1332 1353 1372 Maximilianus,
1382 1334 1460 1375 quid
1489 1335 1595 1365 tristis
1624 1335 1740 1367 esset?
1790 1336 1978 1378 Respondit
2008 1337 2076 1368 ille:

55 1384 121 1415 quo
145 1381 177 1405 et
200 1375 254 1406 hie
277 1376 309 1405 in
333 1376 422 1406 bono
452 1374 546 1413 sole,
581 1374 681 1416 quale
709 1381 760 1406 est
787 1375 1036 1417 Thuringicum.
1089 1376 1146 1405 Ich.
1167 1376 1228 1405 hab
1250 1376 1330 1405 mich
1353 1387 1393 1406 an
1416 1377 1508 1406 Ewer
1530 1378 1678 1408 Mm'estet
1702 1380 1896 1418 veryrz‘effen,
1931 1380 1990 1409 Ιιαὸ
2021 1381 2078 1410 cler

54 1416 103 1448 lta
132 1416 225 1449 Deus
260 1424 374 1449 servat
407 1418 439 1448 in
474 1428 596 1459 genere
625 1418 769 1451 humano
801 1418 1037 1461 aequalitatem
1090 1419 1225 1459 selbc'yen
1243 1421 1310 1449 eine
1331 1430 1425 1458 gyrose
1448 1431 1562 1450 summa
1584 1421 1693 1460 yeldes
1715 1423 1883 1452 entwandt.
1920 1423 1956 1455 Si
1977 1423 2078 1455 vultis

55 1461 239 1501 ponderum
263 1466 295 1492 et
317 1461 508 1502 pretiorum.
1090 1462 1168 1494 mihi
1190 1464 1373 1500 remittere,
1403 1474 1468 1505 ego
1491 1462 1575 1496 vcras
1606 1475 1663 1496 ero
1690 1466 1870 1497 animosior
1893 1472 1924 1497 et
1947 1465 2076 1498 fortior.

1090 1505 1330 1546 Respondebat
1353 1506 1551 1548 imperator:
1574 1507 1647 1550 Ego
1670 1509 1842 1540 remittam.
1878 1509 2000 1541 Comes
2019 1520 2078 1551 po-

1091 1548 1237 1588 stulavit,
1257 1556 1292 1580 ut
1316 1549 1569 1582 confirmaretur
1587 1552 1722 1582 donatio
1743 1551 1922 1593 diplomate
1940 1553 2077 1594 scripto.

1090 1591 1337 1624 Maximilianus
1365 1594 1556 1633 respondit,
1589 1594 1636 1624 Er
1658 1595 1750 1625 wolte
1772 1595 1833 1624 ihm
1856 1597 1943 1625 einen
1967 1597 2079 1626 trzmck

271 1633 426 1675 Suntne
457 1634 565 1676 fures
595 1635 815 1690 puniendi?
1091 1636 1202 1675 drauff
1218 1636 1355 1675 brinyen.
1401 1636 1543 1678 Accepit
1565 1637 1664 1679 igitur
1687 1637 1855 1679 cyathum,
1880 1639 2078 1680 propinavit,

1091 1684 1191 1721 atque
1213 1680 1259 1710 ita
1282 1679 1417 1710 remisit.
1470 1680 1596 1711 Omnes
1624 1682 1756 1722 prodigi
1785 1688 1818 1713 et
1847 1682 1978 1723 profusi
2001 1688 2078 1714 sunt

143 1723 200 1755 lia.
247 1722 389 1755 Contra:
1091 1732 1243 1763 rapaces.
1278 1722 1374 1751 Danu
1397 1733 1487 1751 'mann
1505 1724 1550 1752 sie
1572 1724 1658 1752 m'cht
1681 1726 1770 1762 eique
1793 1728 1885 1762 fflisster
1907 1725 2017 1763 haben,
2042 1737 2078 1755 so

1091 1765 1272 1793 nchmensie
1290 1775 1321 1793 es
1339 1765 1454 1794 ander-5
1474 1776 1518 1795 wo
1537 1766 1600 1795 her.
1648 1766 1779 1798 Seneca
1802 1768 1921 1809 inquit:
1948 1768 2010 1802 Qui
2033 1773 2078 1799 est

1086 1808 1247 1846 prodigyus
1270 1818 1345 1836 suae
1367 1809 1465 1843 vitae,
1490 1812 1536 1838 est
1559 1811 1653 1839 ellam
1672 1810 1831 1850 protlt'yus
1855 1810 1983 1841 alienae.
2028 1812 2078 1844 Ita

1091 1860 1146 1881 res
1170 1860 1208 1880 se
1230 1849 1329 1881 habet
1352 1852 1449 1882 etiam
1472 1851 1513 1882 de
1535 1851 1768 1884 facultatibus:
1805 1853 1867 1888 Qui
1892 1859 1943 1885 est
1966 1856 2078 1895 prodi-

1091 1903 1154 1934 gus
1178 1893 1246 1931 sui,
1271 1899 1322 1924 est
1346 1894 1442 1925 etiam
1465 1895 1626 1938 prodigus
1650 1895 1765 1927 alieni:
1800 1896 1842 1928 Et
1866 1899 2075 1931 econtrario:

140 1927 360 1969 Respondeo:
413 1929 503 1961 Nihil
538 1936 589 1962 est
620 1929 806 1963 faciendum
842 1937 958 1963 contra
992 1932 1037 1964 le·
1092 1935 1155 1971 Qui
1178 1942 1230 1968 est
1253 1936 1413 1978 prodigus
1437 1937 1553 1977 alieni,
1577 1944 1630 1970 est
1652 1940 1814 1981 prodigus
1839 1941 1900 1971 sui.

56 1980 147 2013 gem,
178 1971 306 2003 scilicet
333 1973 377 2004 ad
407 1983 471 2003 nos
499 1974 728 2014 pertinentem.
789 1974 910 2006 Politia
936 1974 1037 2014 Mosi,

55 2014 89 2044 in
111 2020 266 2055 quantum
290 2021 342 2046 est
363 2015 489 2057 politia,
506 2027 573 2047 non
596 2017 738 2057 pertinet
760 2019 802 2048 ad
825 2028 899 2056 nos,
916 2019 949 2049 id
973 2025 1037 2056 est,

56 2066 141 2098 quae
164 2063 240 2088 sunt
260 2059 340 2090 iuris
364 2060 507 2099 positivi.
542 2058 684 2092 Moralia
707 2061 750 2092 ad
773 2071 836 2092 nos
855 2062 1038 2102 pertinent3

55 2099 219 2131 Forensia
249 2110 324 2133 non.
370 2101 470 2132 Einen
493 2102 618 2132 solchcn
642 2103 729 2138 «lietb,
760 2103 867 2144 qualis
897 2110 949 2136 est
972 2105 1036 2136 iste
1089 2109 1122 2149 Ε
1130 2125 1158 2150 X
1168 2124 1189 2150 e
1198 2125 1240 2150 ln
1248 2125 1275 2166 p
1284 2111 1326 2151 la
1373 2126 1392 2152 Γ
1400 2127 1421 2152 e
1429 2127 1456 2167 p
1464 2127 1512 2153 re
1522 2114 1549 2153 h
1558 2127 1579 2153 e
1590 2129 1616 2154 n
1626 2129 1643 2154 S
1653 2115 1664 2153 j
1675 2129 1698 2154 Ο
1708 2130 1734 2155 n
1744 2115 1783 2155 is
1825 2116 1853 2155 h
1863 2130 1890 2155 U
1903 2131 1943 2156 ln
1952 2131 1975 2156 a
1984 2132 2009 2156 n
2019 2133 2041 2157 a
2051 2132 2072 2157 e

55 2142 283 2184 dispensator,
307 2144 398 2173 leonte
420 2156 489 2174 man
512 2147 544 2176 in
566 2151 682 2177 nostra
710 2145 840 2187 politia,
869 2147 939 2179 iure
966 2147 1036 2177 hen-

53 2185 142 2259 tchen.
187 2186 261 2217 Lex
291 2187 400 2219 divina
429 2194 554 2221 tantum
582 2189 737 2221 interficit
764 2189 872 2222 furem
901 2201 1035 2233 grassa·
1059 2212 1063 2234 ἱ
1087 2187 1134 2228 in
1142 2187 1180 2228 fi
1190 2203 1209 2228 r
1219 2189 1339 2229 mita
1347 2195 1365 2230 t
1376 2189 1415 2230 is
1425 2222 1433 2241 ⁷
1481 2205 1507 2245 q
1516 2206 1543 2231 u
1553 2205 1577 2232 Ο
1587 2192 1615 2232 d
1651 2207 1694 2232 m
1703 2193 1716 2233 i
1725 2207 1752 2233 n
1762 2207 1806 2233 Or
1845 2207 1863 2233 S
1875 2194 1887 2232 i
1900 2199 1918 2233 t
1959 2210 1980 2234 C
1988 2209 2014 2234 U
2022 2209 2040 2235 1·
2049 2210 2072 2235 a

68 2238 168 2260 orem.

184 1783 279 1813 Nihil
299 1787 343 1813 est
362 1784 543 1821 faciendum
566 1788 676 1814 contra.
699 1785 793 1823 leyem
816 1786 895 1817 Dei:

185 1826 256 1855 Lem
279 1827 386 1856 divina
405 1828 499 1865 punit
518 1828 617 1865 farem
635 1828 830 1867 quadruplo:

185 1869 274 1907 Eryo
295 1880 358 1899 uon
380 1874 426 1899 est
444 1871 688 1909 suspendendus.

141 2271 177 2302 ln
194 2271 279 2304 aulis
298 2272 400 2305 multa
418 2272 499 2305 fiunt
517 2274 635 2307 similia
654 2276 803 2317 aucupiis
822 2277 918 2308 istius
939 2287 1033 2309 oeco-
1208 2281 1376 2307 rerum
1407 2269 1775 2323 spiritualium,
1809 2285 1951 2325 quam

56 2314 154 2345 nomi.
206 2315 281 2347 Non
305 2322 357 2347 est
380 2327 504 2357 parvae
526 2318 625 2358 artis,
654 2320 823 2350 abstinere
846 2321 888 2351 ab
912 2319 1034 2360 alieno,
1645 2347 1652 2354 .

54 2358 250 2397 praesertim
263 2370 336 2390 cum
350 2360 422 2400 quis
434 2361 466 2391 in
485 2366 650 2402 potestate
669 2372 731 2394 sua
748 2363 849 2394 habet
867 2365 1034 2395 tractatio-
1404 2347 1750 2401 corporalium.

54 2409 129 2431 nem
152 2401 313 2441 pecuniae
337 2403 551 2436 dominorum.
594 2404 720 2437 Dicunt
738 2406 780 2437 de
802 2406 900 2437 Duce
923 2406 1034 2439 Fride-

53 2442 124 2473 rico
157 2442 312 2476 Electore
346 2446 514 2486 sapiente,
549 2449 638 2489 quod
672 2449 815 2480 monitus
850 2448 963 2488 fuerit,
998 2456 1034 2482 111
1174 2452 1302 2484 Videtis
1326 2464 1442 2486 omnes
1470 2461 1629 2496 parentes
1659 2455 1733 2497 plus
1757 2465 1891 2494 curare,
1923 2462 1959 2488 ut
1981 2468 2070 2489 com-

53 2486 272 2518 constitueret
294 2487 456 2529 ampliora
478 2490 642 2532 stipendia
664 2493 914 2533 quaestoribus:
946 2494 1033 2535 quia,
1085 2501 1203 2536 parent
1231 2495 1347 2529 liberis
1374 2499 1565 2539 pecuniam,
1600 2510 1698 2541 quam
1727 2505 1764 2531 ut
1790 2500 1924 2531 tradant
1948 2501 2070 2532 doctri-

52 2529 82 2559 si
105 2536 261 2570 egerent,
291 2528 390 2563 facile
420 2531 511 2571 fieri,
539 2539 574 2565 ut
603 2533 727 2576 aliquid
755 2536 853 2567 etiam
877 2537 1033 2578 decerpe·
1085 2549 1171 2570 nam.
1217 2539 1295 2571 Ideo
1319 2541 1477 2572 Horatius
1500 2542 1595 2573 dixit:
1621 2542 1650 2571 O
1673 2544 1754 2571 cives
1778 2544 1868 2578 cives,
1891 2545 2070 2583 quaerenda

52 2577 127 2602 rent
150 2582 191 2603 ex
213 2572 334 2605 alieno.
379 2573 439 2607 llle
461 2578 704 2617 respondebat:
728 2578 801 2618 Eyo
825 2579 954 2610 libenter
975 2580 1033 2610 vel·
1081 2583 1218 2621 pecunia
1246 2585 1399 2623 primum,
1440 2584 1547 2615 Virtus
1578 2589 1653 2624 post
1682 2596 1826 2616 mumnoS.
1883 2587 2069 2628 Praecipua

52 2613 109 2643 lem
132 2616 177 2644 eis
200 2620 285 2646 certa
308 2620 338 2646 et
356 2618 424 2656 fixa
446 2620 604 2658 stipendia
628 2624 833 2657 constituere,
861 2624 891 2653 si
919 2627 1033 2654 certam
1086 2635 1167 2658 cura
1190 2626 1335 2659 debebat
1357 2637 1448 2659 esse:
1471 2626 1624 2660 Edueare
1648 2627 1774 2661 liberos
1797 2636 1932 2661 vestros
1954 2631 1986 2661 in
2011 2631 2069 2661 (10-

52 2661 132 2688 esset
154 2669 206 2689 eos
227 2670 288 2690 non
311 2661 444 2700 amplius
461 2663 537 2693 velle
555 2664 671 2701 furari.
1087 2669 1193 2701 ctrina
1215 2675 1247 2701 et
1266 2669 1441 2713 disciplina
1452 2670 1596 2704 Domini.
1631 2671 1688 2704 Sic
1706 2673 1739 2703 in
1758 2672 1962 2705 Oeconomia
1975 2683 2068 2714 prae-

1772 2732 1827 2758 17·
