2343 2970
190 170 251 202 787

193 271 317 301 ternae,
353 275 418 295 non
443 274 519 295 esse
543 264 727 295 Ecclesiam
759 262 985 304 principaliter
1013 262 1171 305 politiam.

828 170 936 201 Ptin„
960 169 1064 202 MEL.
1088 169 1275 201 SCRIPTA
1298 168 1561 201 EXEGETICA.

1198 291 1201 309 l

2138 170 2202 203 788

1226 263 1316 295 tem?
1360 263 1565 304 Respondeo
1589 264 1630 294 ad
1655 263 1831 296 Maiorem:
1859 264 1948 296 Vera
1972 271 2023 295 est
2046 264 2201 307 Proposi-

191 307 257 338 Sed
283 305 327 338 illi
353 309 542 349 cogitabant
566 307 710 348 politiam
735 305 807 336 sore
827 314 1005 345 aeternam,
1028 313 1060 337 et
1083 306 1171 337 Mes-
1197 314 1200 335 t
1227 307 1289 344 tio;
1323 306 1382 337 sed
1419 307 1658 347 promissiones
1693 306 1888 348 corporales
1919 308 2037 338 debent
2064 306 2202 350 intelligi

189 350 272 380 siam
299 357 467 381 venturam
492 351 533 380 ad
557 360 628 380 eam
654 350 901 380 instaurandam
933 359 972 379 ae
997 350 1170 380 restituen-

190 393 284 430 dam,
319 399 349 424 et
385 394 426 424 cd
460 391 618 433 populum
654 392 751 422 istum
783 391 987 423 liberandum
1012 393 1171 423 servitute

191 434 374 476 corporali:
399 436 483 466 sicut
510 435 618 465 latitas
649 434 900 475 speculationes
931 445 1046 465 omnes
1071 435 1171 466 liabe-

191 531 276 562 quae
301 520 417 552 habeat
445 531 538 551 suum
554 520 737 561 imperium,
762 520 998 552 defensionem.
1023 521 1170 557 Summa,

195 563 266 594 Ηϊν
291 565 399 595 mulsei.
425 564 487 594 alle
507 573 587 603 yvrn
612 565 662 593 ein
682 567 739 603 yut
763 564 850 593 lrlwn
873 563 985 594 haben.

277 605 335 636 llie
372 606 515 648 populus
550 606 661 637 habuit
700 606 889 647 singulares
929 607 1169 647 promissiones

190 651 353 680 bonorum
384 648 618 690 corporalium.
670 648 776 679 Hodie
805 648 960 680 Ecclesia
991 648 1089 680 habet
1116 660 1169 691 ge-

190 691 322 723 nerales
352 692 604 733 promissiones,
672 692 811 733 Oportet
855 702 933 723 esse
967 691 1169 724 Ecclesiam:

190 745 272 775 ergo
298 736 385 766 dabit
411 734 503 766 Deus
527 734 689 776 hospitia:
713 735 770 765 sed
793 746 856 765 non
883 735 1072 776 singulares
1096 746 1169 775 pro-

190 778 366 809 missiones
389 777 550 809 habemus
574 776 751 817 peculiaris
774 777 926 819 politiae,
951 786 981 808 et
1005 779 1110 821 regni,
1134 785 1169 809 ut

189 821 310 852 ludaei.
366 821 462 852 Nunc
486 827 535 852 est
559 819 713 853 Ecclesia
737 822 832 852 etiam
859 822 922 852 sul)
946 821 1074 852 'rui-cis.
1121 821 1168 852 lta

191 865 254 895 sub
279 870 364 895 tetro
388 863 445 895 illo
470 870 624 904 portento
649 864 781 894 Nerone
806 862 860 895 suit
890 863 1052 895 Ecclesia.

279 907 312 937 ln
338 907 437 938 Esaia
460 908 593 938 dicitur:
623 906 718 937 Dabo
740 908 829 938 robis
853 908 1033 945 doctorem,
1058 911 1087 938 et
1109 917 1169 947 pn-

190 959 258 981 nem
282 954 311 980 et
334 960 450 990 aquam
469 960 536 980 cnm
561 950 779 981 trc'bttlatz'one.
826 949 1024 988 Doctorem,
1048 950 1079 981 id
1104 956 1168 987 est,

191 992 349 1024 Messiam
368 992 582 1030 salvatorem,
608 993 647 1023 Ec
671 1003 784 1033 panem
808 998 946 1031 arctum,
971 994 1002 1024 id
1027 999 1089 1030 est,
1114 1004 1169 1023 eu-

190 1037 284 1070 rabo,
318 1042 351 1066 ut
386 1035 535 1066 habeatis
570 1035 711 1077 hospitia
736 1043 765 1067 et
792 1037 930 1074 victum,
965 1037 1101 1072 curabo,
1137 1042 1169 1066 ut

189 1085 319 1110 maneat
343 1085 458 1109 coetus
481 1078 619 1120 aliquis3
655 1081 731 1120 qnia
763 1089 825 1110 non
848 1080 969 1110 mortui
989 1079 1169 1110 laudabunt

191 1126 221 1153 te
243 1122 390 1152 Domine.
419 1122 557 1163 Oportet
577 1132 657 1153 esne
683 1123 767 1153 bena
792 1122 998 1163 temporalia,
1034 1123 1168 1160 victum,

191 1165 461 1196 consuetudinem
497 1166 747 1197 convenientem
782 1165 986 1203 banniolum,
1031 1175 1170 1196 oecono-

192 1209 284 1245 mias,
305 1206 449 1249 politian,
475 1208 553 1238 dass
576 1209 626 1238 (lie
651 1210 713 1239 lent
736 1209 823 1239 leben
847 1208 983 1239 lronnent
1013 1209 1072 1239 scd
1103 1218 1170 1238 non

191 1261 332 1282 necesse
368 1259 430 1288 est,
464 1250 651 1282 Ecclesiam
686 1252 810 1283 habere
846 1262 982 1293 reguum
1013 1259 1043 1282 et
1067 1251 1170 1292 lmpe-

190 1295 289 1331 rium3
313 1294 554 1334 p1·oi·.its.stones
578 1294 780 1335 temporales
803 1301 880 1326 sunt
911 1293 1104 1334 inferiores,
1139 1300 1171 1325 et

193 1335 294 1379 longe
317 1343 393 1378 post
417 1338 554 1377 primam
580 1336 807 1369 collocandae.
878 1337 969 1368 Haec
1000 1338 1171 1369 retinenda

193 1387 256 1417 est,
281 1381 432 1411 omnibus
457 1380 588 1411 auxiliis
613 1380 843 1422 corporalibus
869 1381 1012 1411 amissis.
1047 1380 1171 1422 Corpo-

192 1422 293 1461 rales,
316 1433 377 1454 seu
397 1422 597 1464 temporales
622 1424 740 1455 dantur
759 1430 894 1465 propter
917 1424 1171 1465 promissionem

192 1472 371 1504 aeternam,
395 1472 427 1496 et
450 1476 522 1497 cum
548 1467 744 1508 exceptione
768 1467 995 1508 castigationis
1011 1473 1041 1497 et
1062 1466 1172 1498 crucis

192 1515 269 1541 sunt
292 1507 539 1551 intelligendae.
588 1509 643 1541 Da
671 1509 777 1550 kompt
806 1519 870 1541 nun
893 1512 955 1541 clas
979 1511 1173 1551 Aryument:

435 1607 508 1647 De
541 1607 760 1648 seeundo
793 1607 934 1647 Loco.

276 1698 510 1729 Promr'ssz‘ones
532 1698 664 1728 divinae
685 1701 759 1728 sunt
782 1699 945 1729 immotae:

278 1740 407 1773 ludaeis
421 1739 489 1780 suit
510 1743 675 1782 promissa
697 1741 850 1771 liber-taz.-

278 1784 366 1826 Eryo
399 1784 516 1816 ludaei
547 1783 703 1815 debebam
731 1794 857 1823 semper
891 1794 959 1815 esse
992 1783 1102 1815 liberi:
1133 1787 1175 1821 et,

317 1837 380 1868 per
414 1837 626 1868 consequens,
657 1827 813 1858 debebunt
837 1837 963 1858 movere
981 1827 1065 1858 bella
1085 1836 1176 1857 recu-

322 1871 492 1911 perandae
515 1871 677 1901 Ιίὺενιαιίε
700 1880 813 1901 causa.

278 1938 347 1970 Illis
371 1938 429 1970 suit
454 1939 619 1980 promissa
644 1938 793 1977 libertas,
816 1939 848 1969 id
863 1945 926 1976 est,
950 1948 1088 1980 regnum
1109 1948 1173 1969 non

192 1992 269 2014 esse
291 1982 458 2013 subditum
483 1982 634 2012 servituti
658 1980 787 2013 alienae
807 1982 932 2023 gentis:
956 1982 1037 2012 dass
1055 1982 1101 2012 sie
1125 1983 1175 2012 ein

191 2027 280 2066 eiyen
314 2024 525 2065 Ilerrselzafft
558 2024 675 2063 haben,
721 2026 775 2056 die
815 2025 886 2055 ihre
919 2025 1015 2067 leges
1056 2024 1175 2056 erhelt:

192 2069 344 2111 quamvis
379 2069 476 2099 etiam
512 2067 680 2098 naturales
716 2067 851 2099 Domini
883 2078 986 2108 saepe
1010 2074 1087 2098 sunt
1111 2067 1174 2109 Ty-

192 2112 300 2149 ranni,
335 2111 468 2152 quando
504 2120 569 2141 non
605 2118 739 2142 servant
771 2110 876 2153 leges.
943 2110 1098 2142 Libertas
1123 2116 1174 2141 est

193 2154 404 2186 conservatio
429 2152 551 2194 legum,
576 2154 661 2184 sicut
685 2154 819 2186 dicitur:
855 2154 974 2195 Leyum
1008 2155 1098 2185 servi
1124 2164 1174 2185 su-

192 2208 271 2235 mus,
293 2201 326 2228 ul
352 2197 448 2227 liberi
469 2206 536 2227 esse
558 2197 727 2236 possimus.
790 2196 944 2228 Libertas
973 2203 1023 2228 est
1048 2196 1173 2227 habere

194 2239 384 2271 facultatem
408 2240 521 2271 utendi
545 2240 648 2270 rebus
672 2241 808 2277 nostris,
838 2246 871 2271 et
890 2239 1031 2271 faciendi
1055 2250 1174 2271 secun-

194 2284 269 2315 dum
293 2289 404 2314 certas
429 2282 541 2324 leges:
565 2283 651 2313 nicht
672 2282 859 2314 mutlzvrillen
883 2293 918 2313 :u
943 2283 1083 2322 treiben,
1107 2293 1173 2313 non

195 2333 246 2357 est
269 2336 388 2367 rapere
411 2324 548 2356 alterius
572 2326 764 2366 coniugem.
799 2332 854 2357 aut
878 2324 1065 2367 petulanter
1089 2324 1173 2357 alios

191 2368 339 2401 laedere:
364 2379 397 2400 es
420 2369 500 2399 heis!
523 2368 605 2399 demi
629 2369 690 2399 viel
709 2369 797 2399 melzi-
820 2369 1017 2410 inipirnitaS‚
1051 2368 1174 2407 tacere,

193 2413 347 2453 qu³cquid
372 2413 459 2443 venit
485 2412 515 2442 in
546 2417 699 2449 mentem,
735 2422 935 2452 quocunque
959 2412 1043 2453 rapit
1071 2422 1173 2443 caeca

192 2453 293 2485 libido
329 2462 360 2485 et
394 2454 502 2486 furor:
535 2455 676 2484 ,condem
700 2455 779 2485 dass
802 2464 874 2485 mnu
899 2465 971 2495 may
994 2455 1082 2492 tlmn,
1108 2465 1174 2486 tras

191 2498 292 2534 recht,
313 2498 432 2528 elo-lidi
451 2498 516 2528 wid
539 2497 653 2528 lohliclz
676 2498 733 2537 ist,
762 2498 824 2528 das
847 2498 888 2527 t’s!
911 2498 997 2528 m’rlet
1021 2499 1083 2528 sub
1108 2497 1173 2540 Ty-

192 2542 315 2571 raunis.
385 2540 558 2582 Tyrannus
583 2543 665 2581 rapit
690 2539 881 2578 facultates,
906 2539 1002 2578 filias,
1021 2540 1174 2582 prohibet

192 2583 301 2614 cultus
325 2583 386 2614 Dei
411 2594 511 2614 veros
535 2589 564 2614 et
591 2582 766 2625 legitimos.
803 2582 860 2615 llla
885 2590 961 2614 sunt
987 2584 1172 2624 tyrannica.

191 2625 410 2658 Debebantne
445 2636 527 2668 ergo
562 2626 671 2658 ludaei
705 2625 795 2658 bello
820 2636 1019 2668 recuperare
1043 2625 1172 2657 liberta-

1226 360 1298 380 cum
1323 350 1516 390 exceptione
1539 350 1766 391 castigationis
1790 357 1820 380 et
1845 351 1965 382 erucis.
2013 350 2201 391 Propositio

1226 399 1297 423 erat
1323 402 1415 423 vera:
1453 391 1600 433 Populus
1625 393 1759 424 habebit
1782 392 1927 434 politiam
1953 404 2058 435 usque
2081 394 2122 424 ad
2147 394 2201 425 ad-

1196 461 1199 470 ,
1225 442 1357 466 ventum
1383 435 1544 466 messiae:
1570 436 1649 466 aber
1671 444 1758 466 utinm
1781 437 1828 466 sie
1849 445 1883 466 es
1905 446 1941 467 :tc
1960 437 2044 477 97·οὺ
2060 436 2203 476 macheu,

190 489 279 509 mus:
311 477 452 509 libenter
489 476 647 508 vellemus
682 477 805 508 habere
839 477 939 508 talem
973 476 1170 516 l-Lcrlesiam,
1195 473 1199 527 l
1224 488 1309 509 mus-s
1332 478 1408 510 Gott
1431 478 1592 518 strasl'en,·
1616 485 1647 508 vt
1668 479 1761 510 dicit:
1792 478 1937 509 Vz'silabo
1964 480 1997 510 in
2020 481 2116 520 virqa
2138 480 2197 510 z'm'-

1224 523 1364 562 quilules
1383 531 1508 552 eorum:
1532 522 1787 552 misericordiam
1811 526 1914 552 autem
1937 532 2035 553 meam
2058 532 2122 554 non
2145 533 2202 554 au-

1219 563 1328 604 feram
1353 564 1394 595 ab
1417 566 1472 595 eis.
1519 564 1598 595 Gon
1622 564 1686 595 lzelt
1709 566 1776 595 sein
1806 564 1909 602 ll'ort,
1933 576 2005 596 cum
2029 564 2086 596 illa
2109 576 2202 597 exce-

1223 608 1335 649 ptione
1359 607 1600 649 castigationis,
1624 614 1760 648 propter
1782 614 1930 648 peccata.
1970 607 2133 649 Tempore
2158 608 2201 640 le-

1223 651 1344 681 remiae
1368 649 1477 681 deleta
1503 649 1561 681 suit
1585 650 1710 691 politia,
1747 656 1777 681 et
1813 658 1919 681 tamen
1954 649 2108 682 Ecclesia
2131 650 2203 693 glo-

1224 694 1345 724 riosius
1365 700 1397 724 et
1420 692 1625 734 splendidius
1650 691 1726 724 alibi
1741 700 1791 723 est
1816 700 2026 731 conservata,
2051 704 2146 735 quam
2170 694 2202 725 in

1224 735 1425 767 Palaestina.
1471 736 1526 766 llla
1552 743 1623 767 crat
1646 740 1789 778 τιμωρία,
1814 737 1888 777 quia
1914 743 2100 767 meruerant
2126 747 2202 778 poe-

1225 790 1283 809 nas
1308 786 1443 820 propter
1467 778 1566 810 multa
1591 789 1741 820 petet-ata,
1766 778 2012 821 idololatriam,⁸
2030 778 2202 815 adulteria,

1223 821 1388 859 libidines,
1421 833 1553 860 usuras,
1582 822 1764 860 avaritiam,
1790 829 1821 852 et
1845 828 1978 863 propter
1995 824 2103 854 ‘neces
2126 833 2203 853 san-

1223 873 1350 896 ctorum
1375 872 1405 895 et
1427 864 1677 906 prophetarum.
1745 865 1839 895 Sicut
1865 865 2047 896 Hieremias
2071 876 2202 897 enume-

1223 914 1271 938 rat
1295 914 1435 948 peccata
1460 907 1515 938 illa
1539 914 1704 949 tamquam
1730 918 1871 938 caussas
1902 918 2094 948 poenarum.
2119 908 2204 940 Sunt

1224 961 1303 981 vero
1337 957 1368 981 et
1403 949 1487 981 aliae
1516 949 1727 987 afflictione&
1762 960 1847 991 quae
1879 961 1944 981 non
1969 956 2045 981 sunt
2069 952 2202 992 proprie

1222 998 1379 1034 τιμωρίαι,
1402 995 1460 1024 sed
1485 993 1670 1032 ὁοκιμασίαι,
1695 999 1730 1023 ut
1743 992 2046 1034 quandoal'ssigitur
2070 994 2201 1035 loseph.

1222 1036 1300 1067 item
1324 1035 1462 1074 Daniel,
1497 1037 1580 1067 wit-d
1606 1036 1687 1067 ancli
1711 1047 1775 1077 wey
1795 1034 1962 1076 qesitlnvt:
1998 1038 2073 1077 quia
2110 1036 2203 1068 Deus

1223 1078 1292 1110 vult
1315 1086 1452 1110 sanctos
1477 1080 1626 1110 exerceri
1650 1080 1681 1109 in
1707 1080 1934 1110 commonibus
1947 1078 2085 1110 aliorum
2108 1081 2202 1112 timo-

1224 1123 1281 1153 riis
1305 1129 1336 1153 et
1359 1124 1487 1163 poenis.
1537 1122 1608 1154 Das
1631 1122 1712 1153 beist
1736 1122 1887 1162 exceptio
1912 1125 2034 1152 crucis.

1311 1165 1431 1197 Servat
1460 1171 1567 1197 autem
1604 1165 1696 1196 Deus
1732 1165 1828 1196 eiiam
1863 1166 1894 1196 in
1924 1165 2142 1206 castigatione
2171 1171 2203 1196 et

1225 1219 1325 1240 cruce
1359 1219 1437 1239 ¹suas
1472 1209 1731 1249 promissiones,
1763 1215 1797 1239 ut
1818 1209 1946 1248 captivo
1971 1209 2040 1250 regi
2061 1207 2205 1239 {oachim

1224 1252 1380 1289 abducto,
1415 1258 1523 1282 tamen
1560 1251 1768 1282 benefaciunt
1805 1261 1902 1293 reges
1933 1249 2151 1292 Babyionici;
2173 1256 2207 1282 et

1225 1294 1281 1325 ille
1304 1295 1376 1335 ipse
1399 1293 1545 1336 populus
1565 1296 1595 1325 in
1622 1295 1811 1334 captivitate
1835 1294 1965 1332 eminet,
2000 1300 2031 1324 et
2056 1292 2206 1335 gloriose

1226 1345 1374 1368 orna‘ur:
1410 1344 1456 1375 ut,
1493 1337 1626 1379 quando
1660 1339 1692 1368 in
1719 1335 1934 1367 consessione
1957 1335 2003 1367 illi
2028 1342 2206 1368 servantur

1226 1381 1257 1411 in
1292 1378 1430 1411 fornace
1465 1381 1580 1421 igneo,
1615 1379 1734 1411 Daniel
1770 1381 1855 1411 inter
1888 1379 2005 1410 leones
2036 1386 2205 1410 servatur:

1226 1422 1317 1454 multi
1331 1434 1429 1465 reges
1443 1429 1694 1454 convertuntur.
1719 1423 1775 1453 Sic
1788 1428 1955 1462 postremo
1971 1429 2120 1462 tempore
2132 1427 2205 1453 erat

1226 1476 1386 1507 oppressa
1415 1464 1531 1507 politia
1560 1466 1707 1507 ipsorum
1727 1466 1789 1496 sub
1814 1465 1952 1506 lmperio
1971 1464 2205 1505 Romanorum,

1226 1515 1258 1540 et
1280 1509 1343 1550 ipsi
1374 1519 1497 1551 magno
1520 1508 1629 1540 studio
1661 1514 1867 1539 attraxerunt
1896 1508 2061 1548 praesidia
2087 1506 2205 1539 Roma-

1225 1562 1354 1582 norum.
1400 1551 1577 1592 Pompeius
1600 1549 1660 1582 suit
1684 1556 1823 1582 vocatus
1846 1551 1888 1581 ab
1913 1550 2069 1581 Hit-cano.
2114 1550 2206 1582 Sicut

1227 1595 1447 1634 imperatores
1483 1594 1604 1625 Graeci
1649 1599 1854 1624 attraxerunt
1887 1592 2030 1631 'rm-cas,
2075 1594 2130 1634 qui
2163 1603 2206 1624 ex

1228 1639 1308 1667 Asia
1326 1638 1358 1667 in
1383 1636 1549 1678 Europam
1580 1637 1806 1668 traiecerunt:
1841 1635 1924 1667 tales
1958 1635 2108 1677 hospites
2138 1645 2205 1667 non

1227 1679 1327 1711 facile
1346 1687 1488 1721 possunt
1511 1680 1595 1718 eiici,
1630 1680 1716 1711 sieut
1740 1678 1815 1711 olim
1840 1679 1962 1710 dietum
1986 1685 2037 1710 est
2061 1679 2102 1710 de
2125 1678 2206 1710 Her·

1229 1723 1313 1754 cule.
1359 1722 1399 1754 Et
1423 1722 1507 1754 haec
1530 1729 1606 1754 sunt
1641 1723 1840 1753 occasiones
1867 1722 2055 1753 mutationis
2085 1731 2206 1764 regno-

1228 1777 1310 1797 rum.
1376 1766 1534 1798 Homines
1562 1765 1757 1807 plerumque
1783 1765 1905 1797 hahent
1934 1770 2074 1796 attracta
2097 1771 2130 1796 et
2151 1774 2206 1796 ac·

1230 1809 1351 1841 cersita
1375 1808 1473 1840 mala.
1520 1809 1575 1840 Sic
1599 1809 1698 1851 igitur
1721 1808 1831 1840 ludaei
1855 1814 2060 1839 attraxerunt
2084 1808 2205 1839 Roma·

1229 1863 1310 1888 nos3
1330 1851 1503 1884 voluerunt
1527 1851 1652 1883 habere
1675 1858 1810 1883 externa
1833 1850 1974 1882 auxilia:
2013 1851 2087 1881 ideo
2110 1850 2206 1882 Deus

1228 1896 1353 1937 punivit
1377 1905 1453 1933 eos,
1488 1901 1520 1926 et
1543 1901 1650 1926 tamen
1675 1896 1822 1926 servavit
1850 1892 2042 1925 mirabiliter
2064 1893 2206 1935 promis·

1229 1939 1355 1969 sionem
1390 1939 1486 1969 etiam
1523 1936 1755 1979 corporalem;
1790 1938 1849 1968 sed
1879 1947 1952 1968 cum
1987 1937 2206 1978 castigatione

1229 1982 1375 2012 servavit
1397 1980 1596 2019 Ecclesiam,
1622 1986 1653 2011 et
1677 1981 1765 2011 dedit
1788 1980 1966 2019 αὐτονομίαν
1988 1980 2019 2010 in
2044 1979 2147 2017 cultu,
2173 1979 2205 2010 id

1228 2031 1292 2062 est,
1328 2022 1516 2055 facultatem
1551 2023 1671 2065 agendi
1695 2024 1876 2054 secundum
1911 2021 2004 2064 leges
2039 2022 2203 2064 proprias.

1228 2067 1319 2098 Deus
1353 2067 1396 2097 ita
1432 2068 1597 2108 oppressit
1621 2075 1680 2096 eos
1704 2066 1877 2102 servitute,
1907 2072 1942 2096 ut
1975 2065 2133 2096 adimeret
2156 2066 2204 2096 eis

1227 2120 1346 2151 regna:
1371 2111 1445 2150 quia
1470 2109 1585 2141 ludaea
1607 2115 1677 2139 erat
1701 2109 1836 2140 redacta
1854 2109 1885 2138 in
1911 2107 2049 2139 sormam
2073 2108 2203 2148 provin-

1228 2153 1314 2184 ciae:
1346 2152 1414 2183 ll't'e
1436 2153 1483 2183 ,xie
1506 2152 1588 2183 (ιιιοῖι
1612 2161 1721 2192 sayen.
1775 2151 1851 2182 Non
1875 2152 1947 2182 licet
1970 2151 2062 2182 nobis
2084 2150 2206 2192 interfi-

1228 2206 1300 2226 cere
1318 2205 1523 2236 quemqnam5
1558 2195 1588 2225 id
1621 2202 1689 2232 est,
1724 2205 1788 2225 non
1813 2195 1975 2225 habemus
1999 2194 2204 2235 superlorem

1228 2239 1503 2275 iurisdictionem3
1537 2238 1597 2269 sed
1622 2243 1729 2269 tamen
1750 2236 1880 2280 reliquit
1904 2238 1952 2268 eis
1976 2235 2140 2277 templum,
2169 2243 2204 2267 ut

1228 2283 1258 2313 in
1284 2292 1324 2313 eo
1348 2281 1525 2313 doceretur
1547 2279 1710 2322 populus,
1730 2286 1762 2311 et
1786 2281 1900 2312 tierent
1924 2279 1988 2311 alia
2013 2279 2204 2311 necessaria

1227 2326 1269 2356 ad
1293 2324 1427 2356 cultum.
1496 2323 1695 2358 Zacharias,
1731 2323 1862 2354 Simeon
1894 2330 1925 2354 et
1955 2321 2009 2354 alii
2034 2329 2149 2353 sancte
2172 2327 2204 2353 et

1227 2369 1279 2408 pie
1314 2368 1503 2404 docebant,
1534 2367 1792 2404 sacrificabant,
1830 2377 1897 2397 non
1931 2366 2203 2407 impediebantur.

1227 2409 1396 2452 Templum
1431 2410 1575 2441 habebat
1598 2409 1789 2449 αὗται-ομιάν,
1823 2411 1882 2441 sed
1907 2409 2077 2450 pecuniam
2101 2409 2143 2439 ad
2166 2417 2205 2439 so

1227 2454 1366 2485 Romani
1391 2451 1638 2484 transtulerunt.
1662 2453 1734 2484 fuit
1749 2463 1830 2495 ergo
1849 2453 1982 2483 inuncta
2006 2451 2204 2492 promissio,¹

1227 2498 1287 2528 sed
1313 2495 1501 2538 corporalia
1514 2496 1633 2527 damur
1652 2507 1727 2528 cum
1746 2496 1942 2536 exceptione
1962 2494 2202 2536 castigationis.

1313 2539 1443 2570 Deinde
1477 2539 1664 2579 respondeo
1695 2539 1736 2570 ad
1771 2538 1949 2570 Minorem:
1992 2538 2204 2568 Renum-unt

1227 2587 1293 2614 tam
1316 2584 1373 2614 diu.
1395 2583 1585 2619 libertatem,
1609 2583 1710 2613 donec
1723 2580 1792 2621 lm’t
1811 2582 1993 2622 promissa:
2016 2581 2047 2611 id
2066 2587 2127 2615 est,
2150 2590 2202 2611 us-

1227 2637 1291 2668 que
1314 2626 1356 2657 ad
1381 2625 1525 2657 Messiae
1548 2626 1737 2657 adventum-
1807 2624 2001 2656 Habuerunt
2029 2630 2139 2654 autem
2163 2621 2200 2653 li-
