2374 2985
226 198 284 230 111

311 290 525 333 Respondeo.
571 289 694 321 Verum
729 296 796 324 est;
831 289 923 321 solus
958 288 1052 319 Deus
1088 295 1137 319 est
1173 288 1204 318 in

225 334 383 366 infinitum
396 334 599 371 misericors,
623 339 654 363 et
678 343 739 363 nos
763 332 841 363 nihil
866 331 1002 373 perfecti
1028 330 1205 366 habemusg

225 378 283 408 sed
308 375 468 418 particula
502 377 585 408 sicu!
618 386 682 406 non
713 375 875 417 significat
912 372 1143 415 aequalitatem
1174 374 1205 404 in

226 419 441 462 perfectione,
478 420 536 450 sed
573 419 738 459 significat
772 417 899 449 similes
935 426 1085 447 caussas.
1131 416 1205 447 Non

225 464 344 495 dieitur
368 463 421 493 hic
445 463 485 493 de
506 463 664 503 gradibus
690 460 914 502 perfectionis.
939 460 997 490 sed
1017 460 1057 490 dc
1076 459 1206 491 caussis

224 506 479 542 misericordiae,
505 516 589 546 quae
613 505 735 535 debent
759 514 835 534 esse
859 501 999 538 similes3
1023 503 1099 543 quia
1111 502 1205 533 Deus

226 557 274 580 est
300 547 414 591 regula
442 549 604 579 virtutum.
941 583 945 587 „

312 592 453 622 Possum
478 591 588 621 dicere
613 590 726 622 iudici:
758 589 812 620 sins
836 590 952 626 iustus,
983 588 1069 618 sicut
1098 586 1204 626 Deus,

223 634 310 675 loqu·
328 635 389 665 :ido
414 634 453 664 dc
479 634 616 665 caussis.
675 632 767 663 Deus
802 631 1028 662 misericordia
1063 629 1206 662 afficitur

224 688 304 717 erga
327 687 433 717 genus
457 675 633 707 humanum
663 674 810 716 lapsum,
845 674 904 705 scd
934 684 999 704 non
1024 683 1105 715 erga
1127 673 1205 704 Dia-

224 721 338 755 bolos;
362 720 436 761 quia
455 730 596 750 caussae
614 725 689 749 sunt
715 719 879 753 diversae,
904 726 990 758 quae
1013 717 1207 748 discernunt

223 764 306 794 inter
331 761 569 800 crudelitatem,
592 761 868 797 miscricordiam,
902 766 934 790 ct
958 758 1205 801 indulgentiam.

222 806 328 837 Debet
368 806 464 836 iudex
499 804 635 835 afficere
670 803 833 844 supplicio
869 809 1002 840 sontes,
1039 803 1093 844 qui
1128 809 1204 833 sunt

224 848 445 884 insanabiles3
480 858 597 879 rursus
632 848 728 878 debet
762 847 913 887 mitigare
937 856 1096 886 poenam,
1131 855 1205 887 pro-

224 899 298 933 pter
333 892 491 922 rationem
526 889 740 931 probabilem.
809 890 840 920 Si
883 895 982 920 nocet
1018 888 1115 920 alicui
1150 895 1206 920 aut

222 935 328 976 perdit
351 945 424 965 eum
447 934 519 965 sine
542 934 627 964 iusta
645 942 779 969 caussa,
802 938 852 962 est
872 930 1027 963 crudelis.
1054 931 1090 962 Si
1112 942 1204 973 pror-

222 988 281 1009 sus
305 988 370 1008 non
395 978 484 1017 punit
509 975 705 1013 sceleratos,
728 980 845 1016 peccat
867 974 1083 1015 indulgentia.

313 1159 421 1208 Quid
456 1159 675 1213 respondes
716 1159 768 1198 ad
807 1167 1110 1211 argumentum:

391 1251 517 1282 Iustitia
539 1252 598 1282 dat
617 1251 763 1290 aequalia
786 1251 987 1289 aequalibus:

392 1304 479 1333 Deus
503 1312 565 1333 nou
588 1303 643 1333 dat
666 1302 814 1342 aequalia
830 1302 1031 1341 aequalibus:

391 1355 477 1392 Ειῃο
500 1357 548 1385 est
578 1357 611 1384 in
634 1363 672 1385 eo
696 1347 966 1393 prosopolepsz‘a?

219 1448 303 1483 Quia
327 1457 392 1478 non
416 1448 592 1479 miseretur
626 1445 771 1485 Diaboli,
806 1447 867 1478 sed
901 1447 1006 1488 perdit
1036 1458 1109 1478 eum
1134 1448 1206 1479 sine

218 1491 433 1522 remissione:
457 1496 489 1521 et
512 1496 620 1521 tamen
644 1490 812 1521 hominum
836 1489 1021 1521 miseretur.

305 1533 506 1574 Respondeo
540 1534 583 1564 ad
617 1532 804 1564 Minorem:
838 1534 965 1565 Diaboli
998 1538 1030 1564 et
1061 1535 1206 1565 homines·

220 1587 283 1609 non
306 1581 383 1608 sunt
403 1578 563 1616 aequales.
610 1576 791 1608 Peccatum
813 1575 948 1608 Diaboli
978 1585 1029 1607 cst
1054 1574 1206 1617 blasphe-

218 1621 292 1651 mia.
360 1619 519 1651 Homines
553 1624 734 1660 peccarunt
773 1618 973 1651 infirmitate.
1040 1618 1207 1651 Differunt

218 1668 327 1694 autem
353 1661 559 1703 blasphemia
582 1668 614 1693 et
637 1662 821 1693 infirmitas.
863 1662 940 1694 Ideo
965 1672 1039 1694 cum
1063 1672 1207 1694 caussae

217 1706 282 1736 sint
305 1705 495 1742 dissimiles.
519 1706 691 1746 exequitur
713 1705 807 1737 Deus
832 1706 1043 1737 severissime
1065 1715 1207 1746 poenam

218 1749 383 1779 adversus
418 1748 596 1779 Diabolum
612 1771 621 1787 s
666 1754 699 1780 et
739 1749 846 1789 parcit
887 1749 1004 1791 generi
1050 1749 1207 1787 humano,

218 1792 414 1832 praesertim
444 1790 528 1822 Filio
556 1791 619 1822 Dei
654 1792 877 1823 intercedente
910 1802 970 1833 pro
1007 1790 1205 1829 hominibuS‚

219 1841 251 1866 et
276 1835 446 1866 derivante
469 1835 501 1865 in
526 1844 563 1865 se
585 1836 677 1865 iram.

305 1877 429 1908 Eadem
454 1884 503 1907 est
531 1878 719 1919 responsio,
743 1878 770 1908 si
794 1878 867 1919 quis
892 1878 1041 1909 obiiciat:

360 1940 460 1969 Virtus
483 1939 575 1969 ‹la-bet
595 1948 667 1969 esse
690 1939 741 1969 sui
762 1940 891 1969 similis:

348 1983 417 2012 ,l'mz
441 1984 538 2019 iyllztr
571 1982 706 2012 debebat
736 1991 807 2012 esse
833 1980 922 2011 Deus
954 1984 1006 2011 sue'
1038 1981 1206 2012 dissimilis

393 2025 425 2054 ἱη
451 2024 625 2054 abiicienda
640 2024 786 2055 Dmbolo,
811 2029 843 2055 ec
864 2024 1048 2063 recipiendo
1070 2024 1204 2055 homine.

307 2091 520 2132 Respondeo.
567 2091 719 2122 Caussae
743 2089 868 2122 faciunt
898 2090 1203 2123 dissimilitudinem.

220 2134 354 2166 Diaboli
378 2135 509 2166 suerunt
542 2134 723 2175 blasphemi
754 2135 795 2165 ab
820 2135 920 2165 initi0.
977 2134 1083 2165 Homo
1109 2135 1204 2166 dece-

220 2184 295 2220 ptus.
321 2189 340 2208 a
362 2177 525 2215 Diabolo,
562 2176 675 2218 lapsus
706 2184 775 2216 est,
810 2183 840 2208 et
866 2175 967 2208 Filius
996 2177 1059 2208 Dei
1089 2178 1203 2218 depre-

221 2227 314 2252 catus
350 2227 400 2251 est
436 2232 495 2261 pro
532 2230 654 2262 genere
684 2219 844 2256 humano,
880 2226 912 2251 et
948 2219 1067 2252 obtulit
1101 2231 1138 2252 se
1162 2220 1204 2251 atl

220 2262 492 2295 satisfiaciendmn
516 2264 585 2294 irae
607 2262 680 2294 Dei.
734 2263 790 2295 Sic
814 2262 974 2304 Princeps
1004 2264 1103 2295 debet
1127 2273 1204 2295 esse

219 2307 410 2338 misericors
442 2305 604 2347 probabili
633 2307 768 2337 ratione.
827 2305 951 2337 Contra
986 2307 1085 2337 debet
1118 2307 1203 2347 rigo-

220 2359 287 2381 rem
322 2350 464 2381 iustitiae
498 2359 673 2388 exercere,
718 2360 793 2382 cum
828 2359 892 2381 non
928 2356 979 2380 est
1019 2348 1203 2390 probabilis

222 2402 341 2424 caussa
363 2393 584 2435 mitigationis.

310 2436 440 2477 Lipsiae
475 2442 543 2467 erat
578 2434 796 2473 adolescens,
830 2435 884 2476 qui
922 2433 1027 2465 fuerat
1062 2433 1200 2466 furatus.

224 2479 252 2508 ts
277 2480 385 2510 stabat
410 2480 441 2510 in
466 2479 598 2516 iudicio,
621 2484 654 2510 ct
676 2479 806 2509 ridebat
829 2477 969 2509 iudicem
994 2488 1067 2509 cum
1091 2488 1202 2509 asses-

222 2522 366 2553 soribus.
430 2523 660 2557 Quaerebatur
694 2531 736 2552 ex
770 2531 827 2559 eu,
870 2522 918 2552 An
951 2530 1013 2552 uon
1047 2525 1205 2552 metueret

221 2568 305 2596 vilae
326 2566 428 2596 suae?
482 2565 734 2606 Respondebat:
773 2565 878 2601 Quare
900 2566 1096 2595 metuerem?
1130 2574 1201 2595 cum

221 2611 337 2645 sciam,
377 2609 461 2648 quod
496 2619 559 2639 mm
599 2608 742 2640 audeant
780 2617 829 2638 me
867 2608 1025 2647 supplicio
1057 2608 1200 2646 afficere,

220 2656 355 2691 propler
377 2653 634 2683 adolescentiam.
689 2650 792 2682 Iudex
827 2655 904 2691 post
932 2649 1201 2681 deliberationem

856 190 980 226 Ptin„
1004 193 1106 225 MEL.
1131 191 1317 224 SCRIPTA
1340 190 1602 223 EXEGETICA.

1254 2521 1314 2552 sed
1342 2518 1496 2562 prohibet
1529 2519 1715 2550 inordinata
1748 2519 1878 2550 iudicia.

1252 2564 1373 2596 iudicia
1406 2568 1482 2594 sunt
1516 2562 1635 2594 iudicia
1668 2561 1751 2600 Dei,
1793 2562 1866 2593 ideo
1907 2562 1991 2594 haec
2024 2571 2090 2592 non
2125 2561 2235 2602 prohi-

1253 2608 1382 2639 bentur.

2179 193 2240 224 112

1258 285 1416 324 habitam,
1439 286 1535 317 iussit
1559 296 1632 318 eum
1655 287 1833 326 suspendi3
1856 293 1885 317 et
1902 294 1991 319 recte
2004 285 2093 326 fecit,
2109 288 2185 330 quia
2196 288 2240 320 ad

1259 329 1429 370 superiora
1453 327 1572 361 delicta
1602 330 1781 360 accedebat
1805 329 2003 370 petulantia,
2033 336 2063 361 et
2095 337 2240 362 contem-

1258 378 1334 412 ptus
1358 372 1582 414 magistratus.
1640 372 1681 403 Et
1715 378 1765 404 est
1799 371 1920 415 alioqui
1954 374 2040 414 apud
2076 373 2240 406 Iuriscon-

1259 414 1367 446 sultos
1391 414 1523 457 regula:
1549 416 1643 453 Quod
1663 416 1783 447 malitia
1804 419 1952 456 suppleat
1971 421 2120 448 aetatem.
2165 417 2240 448 Non

1260 456 1378 489 fuisset
1402 457 1457 489 ille
1481 468 1679 499 suspensus,
1703 459 1730 489 si
1755 459 1904 490 modeste
1923 460 2123 500 deprecatus
2149 465 2241 491 esset

1259 500 1390 542 culpam
1425 501 1620 539 admissam,
1656 507 1687 532 et
1711 503 1918 542 promisisset
1949 512 1985 534 se
2009 503 2183 535 honestius
2208 508 2241 534 et:

1258 542 1445 586 diligentius
1470 550 1635 575 recturum
1660 555 1782 575 mores.

1343 586 1587 619 maximilianus
1635 588 1759 628 primus
1812 586 1955 619 habebat
2007 588 2242 628 Secretarium,

1257 640 1354 672 quem
1378 630 1535 672 diligebat
1559 637 1694 671 propter
1717 629 1915 672 elegantiam
1939 642 2067 663 manus·
2116 631 2148 662 Is
2172 632 2241 663 imi-

1257 679 1346 704 tatus
1371 673 1626 714 chirographum
1651 673 1880 714 Imperatoris,
1910 674 1961 705 bis
1985 680 2076 706 terve
2098 674 2241 716 Impera-

1259 717 1340 747 toris
1374 716 1507 747 nomine
1541 717 1724 757 scripserat
1763 717 1805 747 ad
1839 716 1992 749 Iacobum
2021 717 2242 756 Fue-charum,

1258 764 1291 790 et
1313 760 1386 800 ipse
1408 758 1522 790 literas
1554 759 1738 797 obtulerat,
1774 758 1948 800 postulans
1983 759 2107 802 aliquot
2139 759 2242 792 millia

1257 812 1433 833 aureorum
1470 808 1593 833 mutuo.
1660 801 1866 841 Fuccharus,
1901 813 1975 835 cum
2004 802 2109 835 semel
2143 809 2242 845 atque

1258 846 1374 877 iterum
1398 845 1545 876 dedisset
1568 846 1763 887 pecuniam,
1799 848 1989 887 suspicatus
2024 852 2076 878 est
2109 847 2241 878 tandem

1257 887 1379 930 aliquid
1402 887 1528 919 fraudis
1564 889 1719 920 subesse.
1778 888 1876 920 Venit
1910 890 2009 931 igitur
2032 890 2074 921 ad
2097 889 2241 930 Impera-

1258 936 1381 968 torem,
1421 937 1450 962 et
1487 930 1744 973 chirographum
1783 932 1812 962 ei
1846 931 2009 970 exhibuit,
2048 933 2134 974 quod
2167 943 2241 964 cum

1257 974 1396 1005 vidisset
1419 974 1619 1015 Imperator:
1653 976 1758 1011 Haec,
1793 975 1912 1016 inquit,
1945 981 2034 1007 certe
2056 981 2107 1007 est
2126 986 2242 1007 manus

1258 1027 1340 1057 mea3
1364 1018 1489 1057 qnando
1512 1028 1586 1049 rero
1605 1019 1813 1057 scripserim,
1839 1021 1955 1050 nescio.
2005 1018 2098 1049 Iubet
2125 1018 2242 1049 vocari

1258 1060 1498 1098 secretarium,
1527 1066 1558 1091 et
1581 1061 1763 1101 interrogat.
1785 1071 1877 1091 eum:
1910 1063 2097 1093 Portus-line
2123 1065 2157 1092 tu
2184 1062 2243 1093 lzoc

1257 1112 1360 1134 meum
1383 1103 1631 1143 cln'royrapleum
1664 1104 1800 1134 Iacobo?
1822 1105 1967 1144 Portavi,
2000 1105 2103 1145 inquit
2127 1103 2241 1136 Secre-

1257 1146 1372 1176 tarius.
1420 1147 1467 1176 An
1496 1156 1538 1177 ea:
1560 1147 1724 1185 mandato,
1759 1146 1879 1187 inquit,
1912 1146 2115 1187 Imperator?
2159 1146 2242 1178 Tum

1258 1188 1468 1220 Secretarius
1494 1198 1742 1229 expavescenS,
1775 1195 1807 1219 et
1830 1189 2007 1230 procidens
2031 1196 2108 1221 ante
2132 1199 2243 1231 genua

1257 1231 1486 1272 Imperatoris,
1519 1232 1632 1272 petivit
1661 1232 1799 1262 veniam.
1852 1232 2034 1273 Imperator
2057 1238 2243 1264 commotus

1257 1275 1427 1316 precibus,
1461 1275 1586 1305 remisit
1610 1273 1658 1305 illi
1680 1274 1825 1313 factum,
1862 1281 1894 1306 et
1918 1275 2012 1307 dixit:
2047 1277 2164 1314 Abeas,
2186 1284 2244 1307 nec

1258 1322 1435 1349 rexerim-ts
1457 1319 1609 1357 deinceps
1633 1321 1667 1349 m
1685 1328 1755 1348 mea
1777 1327 1887 1357 regma.

1344 1359 1521 1400 Euripides
1543 1361 1636 1391 dicit:
1659 1361 1807 1391 Incidere
1830 1364 1863 1392 in
1886 1364 2067 1401 sapientem
2086 1364 2242 1401 victorem,

1258 1408 1307 1435 est
1328 1413 1477 1442 maynmn
1500 1403 1622 1435 bonum.
1669 1402 1844 1444 Sapientes
1868 1405 1929 1435 viri
1951 1410 2030 1436 sunt
2052 1404 2242 1436 misericor-

1259 1447 1330 1484 des,
1353 1446 1429 1488 quia
1452 1447 1575 1484 vident,
1599 1446 1654 1478 ubi
1678 1446 1721 1477 sit
1748 1447 1961 1487 parcendum.
2015 1445 2158 1478 Carolus
2182 1446 2243 1478 lm-

1257 1495 1403 1531 perator‚
1427 1490 1555 1520 etiamsi
1578 1500 1660 1521 usus
1685 1495 1736 1520 est
1758 1490 1936 1521 severitate
1959 1490 2125 1522 adversus
2148 1489 2242 1521 Prin·

1259 1533 1349 1574 cipes
1373 1532 1590 1569 Germaniam
1614 1538 1723 1564 tamen
1746 1533 1936 1564 moderatus
1960 1538 2013 1564 est
2034 1533 2127 1564 iram.
2163 1532 2247 1565 Seio‘

1257 1576 1290 1606 in
1325 1576 1445 1607 castris
1479 1576 1541 1617 ipsi
1577 1586 1654 1607 esse
1688 1586 1839 1614 suasum,
1873 1582 1907 1607 ut
1940 1576 2066 1607 iuberet
2101 1574 2244 1607 interfici

1258 1618 1386 1650 Ducem
1411 1618 1589 1650 Iohannem
1623 1618 1839 1657 Fridericum,
1874 1619 1935 1650 sed
1968 1629 2034 1650 non
2069 1617 2173 1650 voluit
2195 1618 2243 1650 uti

1257 1661 1314 1693 illa
1338 1672 1466 1692 summa
1488 1663 1677 1694 severitate.
1712 1661 1862 1693 Alterum
1886 1668 2099 1703 praeceptum
2121 1663 2155 1693 in
2177 1660 2244 1692 hoc

1258 1711 1350 1737 textu
1374 1710 1440 1736 est:
1465 1707 1567 1738 Nolite
1590 1707 1743 1737 iudicare.
1785 1705 1876 1736 Item:
1899 1705 2005 1736 Nolite
2015 1706 2242 1737 condemuare.

1258 1897 1329 1936 Ad
1370 1897 1479 1950 quod
1525 1903 1787 1951 praeceptum
1828 1896 2019 1950 Decalogi
2067 1895 2243 1950 pertinet

1557 1975 1634 2014 hoc
1666 1973 1905 2013 mandatum
1923 1973 1941 2013 ’ζ

1344 2073 1489 2104 Pertinet
1531 2073 1571 2104 ad
1607 2078 1843 2113 praeceptum:

1257 2118 1480 2148 testimonium.
1528 2116 1740 2157 Sequiturne:

1890 2074 1959 2104 Non
2000 2073 2088 2104 dices
2119 2075 2241 2112 falsum

1390 2176 1538 2208 Christus
1557 2176 1705 2216 prohibet
1728 2176 1780 2206 liic
1802 2176 1935 2207 iudicia:

1385 2229 1471 2267 Eryo
1509 2229 1643 2259 damnat
1674 2227 1797 2258 iudices
1831 2231 1863 2258 et
1900 2229 2126 2266 magistratus,
2160 2229 2241 2259 tollet

1426 2288 1551 2320 poenas
1573 2281 1738 2317 malornm,
1773 2279 1878 2310 abolet
1899 2278 2111 2310 ministerium
2134 2279 2237 2309 Eran-

1423 2333 1518 2370 yelii,
1559 2334 1590 2361 et
1629 2333 1663 2361 in
1696 2331 1760 2361 rita
1790 2333 1921 2370 privata
1957 2332 2121 2370 praecipi!
2159 2330 2237 2360 mlu-

1426 2376 1588 2416 lotiones?

1340 2477 1416 2508 Non
1439 2475 1591 2518 prohibet
1605 2474 1758 2507 Christus
1782 2475 1900 2507 iudicia
1929 2476 2081 2507 ordinata
2104 2485 2122 2506 a
2147 2474 2234 2505 Deo:

1934 2518 2052 2549 Omnia
2086 2519 2236 2549 ordinata
