2343 2970
202 154 268 187 843
838 153 950 185 PHlL.
974 152 1078 184 MEL.
1103 150 1291 184 SCRIPTA
1315 150 1579 184 EXEGETICA.
2150 153 2215 186 844

203 260 297 288 care,
332 250 474 281 irritare:
511 249 672 288 σκυλάκια,
707 252 824 288 izmyen
857 249 1020 279 hundlein.

202 425 286 456 Lass
308 424 362 454 ilm
385 433 424 453 zu
444 423 585 461 frieclev,
619 424 746 460 spotten
780 423 850 451 sein
872 421 964 451 daz-u.
1021 419 1110 451 Usus
1133 424 1185 449 est

201 467 306 498 verbo
330 465 461 506 insigni.
509 464 543 494 ln
567 462 736 493 Matthaco
759 464 862 494 sleleet
882 463 952 502 das,
974 463 1052 494 dass
1075 472 1112 494 er
1135 465 1186 493 ins

202 511 303 541 lmuss
325 509 369 540 ist
388 511 544 543 lwmmen,
569 507 610 537 (la
633 507 710 537 sind
730 507 783 537 die
806 505 973 536 Tibicines
993 506 1184 544 yescanclen‚

203 552 336 591 αὐλῆιαι,
358 552 419 582 das
443 553 493 584 ist,
517 551 570 580 die
593 551 688 581 wee‘se
707 559 875 588 yezcesen:
903 549 1093 580 cecinerunt
1116 558 1184 579 mo-

202 595 266 627 dos
291 594 463 636 lugubres,
487 596 546 624 wie
569 595 629 624 wir
653 602 845 633 campanam
878 594 997 623 lemen.
1054 590 1185 622 Musica

201 638 234 670 in
258 637 350 669 luctu
373 636 593 667 adhibebatur
617 636 760 666 omnium
775 634 919 676 gentium
934 634 1183 665 consuetudine.

201 680 259 713 lsti
276 679 420 712 Auletae
439 678 627 721 significant
653 676 902 710 consolationes
920 676 1181 719 philosophicas.

259 783 337 830 Wie
368 783 469 829 loeis!
497 784 571 829 der
602 782 716 827 lettre
748 794 841 827 fers
872 782 922 826 e'm
959 780 1134 839 limato?

296 871 420 909 Visaque
441 878 512 900 cnm
528 868 650 908 yerm’tu
669 869 758 907 fetyie
778 868 943 907 imlt'ynaea
965 867 1023 898 sub
1045 867 1187 898 umbras.

201 940 237 971 ln
270 936 468 980 Evangelio:
504 937 701 969 Resurreoeic
731 947 751 968 a
785 939 933 975 mortuis,
972 936 1121 967 ascendi!
1145 936 1190 966 ad

202 985 316 1015 coelos.
363 983 428 1013 Des
452 985 519 1012 ens-t
548 983 590 1012 ist
618 990 684 1011 vox
709 979 867 1017 rationis,
901 980 962 1010 clus
995 980 1099 1009 ander
1123 988 1187 1009 vox

201 1024 387 1067 Evangelii,
410 1025 486 1056 siml
507 1033 607 1062 (leyen
630 1024 796 1054 einander.
852 1021 1022 1062 Sapientia
1046 1021 1188 1052 humana

202 1068 358 1110 relinquit
382 1068 412 1098 in
436 1067 594 1098 miseriis:
629 1076 694 1097 vox
718 1064 892 1107 Evangelii
913 1063 1106 1095 consolatur
1129 1064 1186 1094 ho-

201 1113 332 1149 minem,
356 1116 386 1142 et
407 1111 502 1142 docet
527 1115 650 1140 certam
674 1108 915 1139 liberationem.
983 1109 1100 1139 Belealt
1119 1108 1189 1138 class

201 1157 300 1188 sehon
323 1155 481 1194 ezernpel,
506 1154 537 1183 in
561 1163 627 1193 quo
652 1158 702 1182 est
726 1151 824 1182 nobis
842 1151 1016 1192 proposita
1035 1151 1187 1181 doctrina

201 1197 434 1240 applicationis
458 1196 724 1237 promissionum.
781 1194 874 1225 Sicut
902 1192 958 1224 ille
981 1193 1085 1224 lairus
1111 1203 1188 1224 con-

201 1238 285 1283 {u'gtt
308 1241 350 1272 ad
375 1240 560 1276 Christum,
595 1244 628 1269 et
661 1244 732 1269 orat
767 1247 828 1279 pro
863 1247 925 1268 sua
959 1236 1041 1267 filia:
1077 1236 1126 1266 sic
1156 1241 1187 1267 et

201 1295 264 1315 nos
289 1283 520 1325 confugiamus
554 1282 596 1313 ad
631 1280 748 1312 Filium
782 1280 857 1319 Det,
891 1286 923 1311 et
956 1289 1088 1311 oremus
1125 1290 1186 1320 pro

202 1334 271 1359 tota
294 1327 449 1358 Ecclesia
473 1323 665 1357 incessabili
690 1324 824 1366 gemitu,
848 1329 878 1354 et
901 1333 962 1364 pro
986 1324 1082 1354 nobis
1104 1322 1186 1364 ipsis

202 1380 345 1413 quoque.

202 1482 262 1514 EX
289 1480 551 1513 RHAPSODlA
582 1478 688 1510 ANNI
714 1477 1051 1509 PRAECEDENTIS
1074 1476 1187 1508 MOR-

505 1522 597 1554 TEM
621 1522 661 1554 D.
688 1521 886 1553 PfflLlPPi.

205 1605 321 1657 Quae
355 1603 431 1645 fuit
462 1604 643 1644 omnium
675 1603 942 1658 pulcherrima
980 1601 1117 1656 politia
1149 1602 1189 1641 in

500 1678 649 1718 genere
688 1662 892 1703 humano?

290 1758 425 1799 Loquor
458 1757 522 1787 iam
547 1756 588 1787 de
611 1765 677 1786 uno
706 1754 838 1795 oppido.
894 1752 1074 1794 Proponite
1092 1753 1189 1783 vobis

202 1801 379 1842 imaginent
397 1799 496 1830 huius
521 1798 720 1829 narrationis
751 1798 792 1829 de
822 1796 943 1837 oppido
967 1795 1186 1836 Capernaum.

202 1845 251 1876 Ibi
275 1844 334 1875 fuit
357 1841 601 1884 pulcherrimus
625 1847 747 1881 status,
779 1840 911 1882 quando
936 1840 1131 1880 capitaneus
1155 1844 1188 1869 et

202 1894 321 1930 pastor
345 1891 421 1917 sunt
444 1885 538 1915 amici
563 1884 703 1922 Christi,
739 1890 771 1914 et
800 1883 953 1915 Christus
983 1881 1188 1914 familiariter

204 1941 281 1963 cunt
314 1930 395 1971 ipsis
430 1928 529 1966 vivit,
567 1929 652 1969 regit
685 1938 800 1958 eorum
835 1924 990 1964 consilia,
1026 1931 1058 1956 et
1093 1932 1187 1956 ornat

204 1980 390 2014 utrumque.
436 1971 553 2002 Nonne
576 1976 667 2001 esset
697 1970 938 2011 pulcherrimus
961 1975 1070 2000 status
1093 1968 1187 2009 regni

205 2017 309 2048 vestri
339 2015 394 2051 tad
414 2012 606 2044 Polonicuin
636 2013 794 2044 (loinitem
826 2013 986 2050 dicebat),
1022 2012 1051 2043 si
1086 2010 1188 2052 Regis

206 2066 239 2092 et
261 2058 419 2100 Episcopi
449 2055 587 2087 alicuius
616 2056 785 2097 praecipui
815 2054 1004 2087 voluntates
1028 2064 1188 2095 congrue-

206 2109 279 2134 rent
309 2112 382 2133 cum
407 2099 559 2137 Christo,
592 2101 787 2140 praesertim
820 2099 849 2129 si
884 2104 974 2129 esset
1008 2098 1188 2129 auctoritas

207 2153 311 2182 tanta,
336 2151 367 2175 ut
393 2142 447 2174 alii
473 2144 678 2174 intuerentur
713 2141 873 2183 exempla.
931 2141 1025 2172 Sicut
1048 2151 1113 2171 non
1138 2146 1189 2171 est

208 2189 341 2220 dubium
366 2184 522 2227 populum
545 2186 694 2216 intuitum
719 2196 795 2215 csse
830 2184 947 2215 horum
978 2185 1074 2215 trium
1104 2184 1188 2214 viro-

207 2243 280 2264 rum
317 2228 485 2270 exempln,
525 2235 554 2258 ot
585 2227 642 2259 illa
678 2229 824 2270 ingentia
859 2226 1034 2261 miracula,
1069 2228 1189 2267 quibus

209 2275 362 2307 Christus
393 2273 523 2303 ornavit
552 2271 728 2313 hospitium
764 2281 870 2302 suum.
929 2270 1059 2301 l’nstori
1090 2268 1188 2300 filiam

208 2317 381 2350 revocavit
416 2326 455 2346 ex
490 2321 611 2351 morte3
646 2320 678 2345 et
707 2315 833 2344 sanavit
870 2313 941 2344 site
966 2312 1083 2350 tilium,
1118 2312 1189 2343 ‚sive

1071 245 1185 278 Plato:
1210 248 1212 255 '

203 294 333 326 indocti
362 295 510 325 lacerant
543 294 722 331 doctrinas,
756 295 839 323 sicut
870 290 1016 321 σκυλάκια
1044 289 1185 332 ῥακίὸαςε
1209 318 1212 342 ¹

202 341 263 369 wie
285 337 338 368 die
361 339 476 375 innyen
498 337 650 367 lutmllein
668 335 720 366 (lie
736 336 865 374 lumpen
882 336 1080 365 zerree'ssen:
1102 335 1186 365 Luss
1210 349 1212 354 >

201 381 258 412 ilm
276 383 457 417 unvexe'ret,
492 388 592 417 sayen
621 381 669 409 sie
691 387 730 408 zu
753 379 826 408 isam.
882 376 918 407 ln
941 376 1033 408 Luca
1058 386 1129 416 cap.
1151 376 1182 407 8.
1209 393 1212 432 Ι

1238 247 1301 277 bus
1321 246 1441 284 dubiis,
1464 246 1703 286 pertinentibus
1722 247 1764 278 ad
1782 248 2071 290 gubernationem:
2094 248 2216 280 Pastor

1237 289 1336 320 etiam
1360 299 1432 322 eum
1456 290 1497 321 de
1521 290 1671 321 doctrina
1690 288 1857 323 allocutus
1881 297 1944 322 est.

1407 377 1529 428 Quod
1561 377 1636 418 fuit
1667 394 1817 419 nomen
1849 380 2044 421 Pastoris?

1323 461 1439 501 Iairns,
1463 461 1494 491 id
1518 467 1580 499 est,
1604 460 1824 499 illuminatus;
1847 463 1922 504 quia
1935 461 2087 494 Christus
2106 462 2220 495 docuit

1237 513 1321 541 eum,
1355 514 1501 535 accensa
1525 511 1576 535 est
1599 506 1630 535 in
1656 514 1696 535 eo
1716 503 1771 536 lux
1796 505 1981 537 doctrinae.
2040 505 2219 547 Proponite

1236 548 1334 578 vobis
1358 547 1444 578 hanc
1463 548 1639 589 imaginem
1660 546 1902 588 pulcherrimae
1926 547 2069 589 politiae.
2109 548 2219 580 Credo

1236 590 1269 663 {n
1293 595 1362 621 toto
1387 600 1510 632 genere
1534 591 1678 622 humano
1699 601 1765 622 non
1788 590 1894 623 fuisse
1917 589 2140 632 pulchriorem
2162 602 2220 632 po-

1249 633 1346 664 itiam.

1269 676 1276 683 ·
1393 633 1520 666 Dicitur
1544 634 1585 664 de
1609 634 1811 676 Augustino,
1843 640 1979 676 optasse
2003 644 2077 666 eum
2108 635 2223 667 videre

1236 681 1309 707 tria.

1446 764 1659 815 Quaenam
1691 766 1820 806 voluitl
1849 765 2015 808 videre?

1328 847 1356 878 1.
1377 845 1545 879 Christum
1578 849 1612 879 in
1647 858 1764 889 carne3
1798 849 1830 880 2.
1855 848 1995 880 Paulum
2024 849 2223 881 concionan-

1238 896 1317 929 tem3
1342 890 1372 921 3.
1398 890 1534 922 Romam
1557 891 1749 929 florentem,
1782 891 1890 933 qualis
1920 892 1981 923 fuit
2010 891 2065 923 vel
2088 893 2224 924 vivente

1239 934 1397 975 Scipione
1426 940 1519 968 (tunc
1543 936 1629 965 enim
1658 935 1829 976 imperium
1859 935 1999 966 maxime
2021 936 2145 973 floruit)
2169 933 2225 967 vel

1240 982 1401 1019 regnante
1432 977 1605 1019 Augusto,
1640 978 1703 1008 etsi
1733 988 1772 1008 eo
1795 985 1943 1019 tempore
1977 977 2052 1018 plus
2085 979 2129 1009 ibi
2161 978 2223 1010 fuit

1239 1020 1400 1051 vitiorum.
1457 1020 1612 1052 Florente
1647 1020 1798 1061 Scipione
1832 1019 1934 1052 multo
1966 1020 2025 1052 fuit
2053 1019 2225 1062 pulchrior

1239 1069 1364 1094 status:
1394 1063 1501 1099 minus
1530 1063 1740 1104 turpitudinis
1771 1062 1847 1101 fuit,
1883 1069 1914 1094 et
1941 1062 2016 1105 plus
2039 1065 2225 1105 gravitatis,

1240 1107 1374 1148 quando
1398 1106 1510 1147 Scipio
1541 1105 1600 1138 fuit
1625 1116 1754 1138 censor.
1800 1106 1872 1148 Ego
1901 1105 2003 1148 longe
2033 1105 2223 1139 maluissem

1239 1149 1352 1181 videre
1383 1155 1506 1181 statum
1540 1150 1651 1191 oppidi
1687 1150 1912 1190 Capernaum,
1955 1148 2063 1191 qualis
2103 1148 2224 1183 suisset

1240 1193 1426 1224 reverentia
1449 1203 1531 1234 erga
1555 1193 1737 1229 Christum,
1763 1192 2010 1230 Centurionem,
2034 1199 2066 1224 et
2088 1193 2223 1225 lairum:

1240 1236 1293 1277 qui
1318 1241 1491 1276 respectus
1515 1236 1548 1267 in
1572 1236 1758 1267 hominibus
1778 1246 1858 1276 erga
1881 1234 1957 1266 illos
1982 1234 2109 1266 fuisset.
2155 1237 2225 1269 Dae

1239 1280 1363 1316 belcalt,
1392 1280 1461 1310 und
1488 1280 1612 1319 (larbey
1634 1280 1698 1310 den
1723 1288 1856 1309 versum
1881 1277 2016 1310 Psalmi:
2050 1281 2090 1310 In
2112 1289 2224 1311 conve-

1239 1324 1356 1354 mendo
1378 1323 1490 1363 Reges,
1513 1328 1577 1354 etc.
1618 1321 1665 1353 lbi
1689 1327 1741 1352 est
1764 1322 1944 1363 descriptio
1967 1321 2080 1363 optimi
2103 1328 2221 1355 status.

1476 1411 1601 1451 Estne
1633 1410 1760 1450 oratio
1791 1409 1995 1464 congrua?

1326 1492 1387 1524 Est
1409 1492 1541 1533 phrasis
1565 1492 1732 1524 Hebraea:
1767 1494 1812 1525 Es
1840 1496 1901 1525 solt
1927 1493 1997 1524 also
2019 1494 2152 1525 stelzen:
2187 1493 2227 1525 Ue

1239 1540 1429 1569 conveniant
1460 1546 1570 1576 reyes,
1605 1541 1635 1567 et
1669 1536 1806 1576 populus
1836 1540 1870 1567 in
1904 1545 2011 1567 unum·
2068 1535 2135 1566 Iste
2171 1541 2224 1567 est

1241 1581 1388 1621 optimus
1411 1585 1529 1617 status,
1553 1579 1685 1620 quando
1709 1579 1874 1616 dominus,
1897 1588 1957 1610 seu
1970 1577 2041 1609 Rex
2061 1584 2113 1610 est
2130 1579 2223 1620 pius3

1241 1629 1274 1654 et
1304 1628 1355 1654 est
1389 1633 1455 1654 una
1489 1627 1522 1653 et
1555 1622 1672 1653 eadem
1708 1622 1877 1654 invocatio
1912 1622 2001 1664 regis
2035 1628 2067 1652 et
2096 1620 2222 1663 populi,

1242 1666 1394 1697 serviens
1419 1665 1573 1697 Domino.
1619 1667 1653 1697 ln
1673 1665 1739 1695 vita
1759 1663 1894 1696 multum
1924 1670 1976 1695 est.
2004 1665 2223 1703 miseriarum,

1241 1715 1350 1740 tamen
1381 1709 1514 1750 quando
1549 1719 1668 1750 magna
1703 1719 1781 1748 pars
1812 1709 1844 1739 in
1875 1707 1985 1749 aliqua
2009 1706 2123 1749 politia
2145 1706 2222 1739 talis

1242 1760 1304 1790 est,
1325 1759 1401 1783 tunc
1425 1758 1475 1783 est
1499 1752 1616 1793 ingens
1641 1752 1780 1788 bonum3
1811 1752 1899 1782 sicut
1926 1751 1958 1782 in
1981 1749 2148 1792 aliquibus
2171 1761 2223 1782 re-

1242 1796 1397 1837 gionibus
1428 1801 1505 1826 sunt
1545 1795 1712 1836 principes
1746 1800 1837 1825 recte
1871 1795 2066 1825 invocantes
2099 1793 2224 1831 Deum;

1241 1839 1362 1870 habent
1392 1837 1548 1879 populum
1586 1848 1650 1869 una
1681 1844 1712 1869 et
1748 1838 1865 1869 eadem
1895 1847 1979 1868 voce
2012 1837 2223 1868 invocantem

1240 1881 1368 1918 Deum;
1404 1881 1555 1912 homines
1590 1881 1801 1912 honestiores
1837 1886 1968 1911 tuentur
2002 1878 2221 1920 disciplinam,

1241 1935 1280 1957 eo
1304 1924 1384 1956 nihil
1409 1931 1458 1956 est
1491 1925 1522 1955 111
1552 1924 1617 1956 hac
1641 1925 1705 1955 vita
1730 1922 1858 1954 melius,
1905 1923 2019 1954 Genus
2043 1922 2223 1954 humanum

1240 1975 1292 2000 est
1316 1974 1567 2010 congregatum,
1591 1974 1626 1999 ut
1638 1965 1924 2008 alii-aliosdocere
1940 1966 1980 1996 de
1992 1964 2066 1997 Deo
2080 1965 2222 2007 possint.

1379 2071 1458 2117 We'e
1489 2071 1648 2116 laeeissen
1679 2071 1743 2116 die
1775 2082 1867 2115 rers
1898 2069 2080 2127 Staeyele'e'?

1374 2159 1472 2197 thue
1495 2157 1577 2188 alios
1595 2159 1652 2187 aliz·
1673 2157 1712 2187 (le
1735 2158 1900 2194 reliiyiom’
1922 2157 2086 2191 docerent,

1374 2201 1547 2239 Contaeyuas
1564 2202 1672 2239 pieta-s·
1696 2202 1789 2230 iussu
1805 2200 1925 2230 habere
1946 2199 2066 2229 domos.

1241 2270 1325 2301 Tota
1349 2268 1552 2299 consociatio
1576 2274 1607 2298 et
1631 2268 1697 2298 vita
1726 2267 1879 2298 divinitus
1910 2272 1961 2296 est
1992 2265 2154 2303 ordinata,
2189 2270 2224 2297 ut

1242 2313 1392 2344 homines
1429 2313 1512 2342 inter
1541 2320 1578 2340 se
1614 2311 1755 2341 doceant
1785 2310 1826 2341 de
1856 2308 1945 2343 Deo,
1980 2309 2222 2350 gubernatores

208 2362 392 2393 mii-istrum
416 2359 637 2396 centurionis,
671 2358 701 2387 id
727 2357 815 2398 qnod
845 2356 943 2397 paulo
967 2364 1044 2387 ante
1067 2354 1190 2386 factum
1214 2361 1218 2403 ᾗ
1243 2356 1379 2387 flectant
1402 2353 1558 2396 populum
1591 2354 1632 2384 ad
1657 2354 1856 2395 agnitionem
1881 2352 1959 2389 Dei,
1995 2358 2027 2382 et
2061 2351 2102 2382 ad
2127 2351 2223 2382 disci-

210 2404 278 2435 fuit.
343 2402 432 2433 llaec
468 2401 678 2432 resuscitatio
712 2398 799 2430 facta
834 2405 883 2429 est
919 2399 1068 2430 secundo
1103 2406 1218 2429 aimo·

210 2445 478 2489 praedicationis.
515 2443 736 2475 Resuscitatio
761 2443 880 2473 viduae
906 2441 994 2472 facta
1017 2448 1066 2472 est
1087 2442 1190 2483 primo

210 2500 316 2521 anno:
341 2488 471 2525 Lazari,
494 2489 589 2518 tertio
613 2497 699 2518 aimo
723 2485 990 2527 praedicationis.
1037 2487 1080 2516 lta
1099 2484 1191 2515 siu-i-

212 2539 284 2564 stus
315 2531 503 2571 ingentibus
534 2528 698 2561 miraculis
726 2529 853 2560 ornavit
884 2528 1060 2568 hospitium
1085 2538 1190 2558 suum.

212 2575 292 2606 Mihi
317 2585 383 2605 11011
407 2575 539 2604 dubium
565 2580 632 2610 est,
669 2573 745 2614 quin
781 2572 821 2603 de
846 2570 1004 2611 plurimus
1037 2570 1191 2600 obscuris

212 2620 313 2650 rebus
349 2615 575 2648 consuluerint
599 2616 785 2647 Dominum.
836 2613 1036 2656 Capitaneus
1073 2614 1114 2644 de
1143 2624 1192 2644 re—

1243 2399 1376 2439 plinam.
1446 2397 1508 2428 Die
1537 2399 1651 2436 femen
1690 2398 1829 2428 senonen
1864 2396 2043 2425 sententias
2077 2397 2140 2426 solt
2170 2395 2224 2425 ilar

1244 2442 1354 2473 Herm
1391 2442 1558 2472 merclren:
1593 2440 1668 2480 quia
1704 2447 1779 2470 sunt
1812 2436 2146 2469 connnoncfactiones
2182 2437 2224 2468 de

1244 2483 1414 2526 principali
1438 2492 1538 2523 opere
1554 2483 1585 2513 in
1600 2483 1678 2513 rita:
1703 2481 1868 2518 videlicet,
1892 2490 1957 2522 quo
1982 2481 2123 2511 debeant
2146 2489 2224 2511 esse

1245 2529 1369 2559 directa
1387 2525 1581 2568 principalia
1604 2526 1635 2555 in
1661 2526 1737 2556 vita.
1773 2524 1844 2555 Vos
1869 2525 1950 2554 estis
1975 2534 2015 2554 ex
2038 2522 2223 2554 nobilitate:

1245 2571 1373 2602 debetis
1396 2570 1555 2611 cogitare,
1580 2569 1668 2609 quod
1687 2567 1779 2599 Deus
1802 2565 1960 2609 praefecit
1984 2576 2056 2603 VOS,
2079 2573 2112 2597 ut
2130 2574 2224 2607 prae-

1245 2613 1385 2645 luceatis
1419 2610 1542 2654 populo
1573 2612 1604 2642 in
1628 2612 1799 2648 docendo,
1831 2611 1864 2642 111
1895 2610 2122 2642 confirmanda
2146 2608 2222 2646 fide,
