2343 2970
190 165 254 196 215

279 258 354 290 Ideo
369 258 583 290 confirmandi
601 265 676 290 sunt
688 259 848 300 animi,}ut
867 264 958 290 certo
976 263 1173 295 statuamus,

191 303 280 345 quod
306 302 379 333 Deo
404 312 502 332 curae
526 303 567 332 sit
591 303 685 333 etiam
711 301 794 332 haec
816 301 882 332 vita
906 299 1108 342 c‹›1·p01·ali5‚
1140 307 1173 331 et

191 347 281 388 quod
302 344 378 376 velit
403 346 498 375 nobis
523 356 654 387 quoque
679 346 757 375 dare
783 346 870 375 bona
897 343 953 374 illa
983 345 1170 385 petentibus

191 396 223 420 et
243 388 308 419 fide
331 390 610 429 exspectantibus.
647 387 823 419 Discanius
848 387 944 418 etiam
958 385 1092 418 solvere
1110 386 1170 418 has

191 433 412 463 obiectiones.

234 517 339 549 Nemo
362 517 527 556 satisfacit
546 519 622 555 leat:

233 563 319 601 Eiyo
339 561 574 600 promissiones
592 561 740 590 bonnrmn
754 561 977 599 corporalium,
996 568 1079 599 qnae
1096 564 1174 591 sunt

276 606 403 643 leyales,
426 608 502 634 suu(
523 605 661 635 mutiles.

276 688 477 730 Respondeo
500 688 542 719 ad
565 688 777 719 antecedens.

187 775 303 807 Filium
329 775 560 812 Mediatorem,
590 780 657 805 tum
676 775 772 805 etiam
796 773 950 805 inchoata
975 784 1077 815 opera
1101 773 1169 814 pla-

188 824 264 850 cent
286 818 362 855 fide,
387 825 521 858 propter
547 818 686 848 eundem
712 817 938 855 Mediatorem,
969 818 1105 858 perinde
1129 828 1169 848 ac

188 863 216 893 si
246 860 312 903 legi
341 859 632 891 satisfecissemus.

188 906 333 946 praemia
356 914 417 934 sua
440 904 536 934 etiam
562 904 591 933 in
616 902 679 933 hac
702 904 781 934 vita.

274 947 414 984 Deinde,
439 947 466 977 si
490 945 658 988 politicum
682 945 767 988 legis
791 956 886 977 usum
905 947 1076 988 inspicias,
1101 956 1169 978 ser-

188 997 244 1022 vat
266 990 360 1021 Deus
384 989 470 1020 hanc
494 988 642 1031 regulam
667 989 697 1020 in
722 990 884 1020 communi
908 990 991 1028 vita,
1016 996 1051 1021 ut
1074 996 1167 1021 ornet

187 1034 342 1074 praemiis
362 1033 456 1063 etiam
482 1033 634 1063 virtutem
658 1031 838 1073 politicam,
862 1034 1096 1064 etecontrario
1111 1044 1168 1074 pn-

187 1078 232 1108 nit
255 1078 377 1108 atrocia
405 1074 521 1106 <lelicta
544 1076 713 1106 atrocibus
746 1077 878 1117 poenis:
914 1083 961 1114 ut,
994 1076 1084 1107 Nero
1114 1074 1169 1107 vel

187 1120 316 1150 tandem
340 1120 469 1160 punitur
493 1118 700 1150 horribiliter.
749 1118 891 1156 Contra,
928 1119 1039 1160 Scipio
1072 1120 1168 1150 bone-

187 1163 283 1200 ficus,
307 1164 424 1200 iustus,
448 1169 573 1199 castus,
608 1163 691 1203 gerit
715 1172 769 1192 res
794 1162 1066 1203 gloriosissimas
1113 1163 1169 1192 Sic

188 1212 297 1237 servat
324 1205 415 1236 Deus
451 1206 547 1236 etiam
583 1203 715 1246 politice
750 1205 837 1235 lianc
864 1204 1030 1247 regulam:
1073 1205 1172 1237 Beate·

187 1253 287 1287 miles,
310 1252 458 1288 quonium
477 1253 600 1279 terram
621 1249 836 1288 possidebunt.

271 1291 376 1323 Multo
396 1292 500 1332 magis
525 1297 718 1322 sanctorum
741 1291 927 1322 obedientia
950 1291 981 1321 in
1005 1290 1169 1329 Ecclesia,

187 1336 240 1376 qui
272 1341 349 1366 sui-,t
384 1333 604 1371 reconciliati,
638 1332 747 1375 placet
783 1333 874 1372 Dec,
908 1340 939 1365 et
973 1333 1073 1365 habet
1108 1344 1169 1365 sua

185 1379 351 1419 praemia,
386 1383 421 1408 ut
444 1376 666 1418 Eleemosyna
700 1377 818 1408 viduae
841 1377 1046 1418 Sareptanae
1080 1387 1169 1408 com-

948 1421 1056 1461 pascit
1087 1430 1169 1458 eam,

186 1427 346 1462 pensatur
369 1421 556 1462 ingentibus
586 1420 767 1451 beneficiis.
824 1419 916 1452 Deus

186 1470 286 1507 auget
308 1463 464 1501 latinam,
501 1464 677 1494 resuscitat
701 1463 771 1494 eius
791 1461 908 1494 filium:
943 1463 991 1494 lta
1025 1470 1059 1493 tu
1096 1473 1168 1494 cum

186 1508 246 1539 das
270 1506 539 1549 Eleemosynam,
563 1507 665 1537 debes
689 1513 781 1537 certo
805 1512 964 1544 statuere,
989 1507 1077 1548 quod
1093 1505 1168 1537 Deo

186 1549 316 1592 placeat
338 1551 403 1582 hoe
428 1560 529 1590 opuS,
564 1556 595 1580 et
626 1550 715 1591 quod
746 1550 890 1580 vicissim
913 1550 1006 1580 Deus
1037 1548 1168 1580 futurus

187 1595 230 1624 sit
252 1604 334 1635 erga
356 1600 389 1624 te
412 1592 594 1630 beneficus,
618 1594 702 1623 sicut
726 1599 817 1624 recte
837 1593 1000 1624 diciturin
1019 1591 1085 1623 illis
1098 1591 1168 1634 pul·
1192 1575 1198 1640 ἔ

1193 1635 1296 1666 idam
1331 1633 1463 1669 animal,
1498 1635 1587 1676 quod
1621 1636 1788 1666 nominant
1816 1636 1984 1673 (fillonem,
2019 1635 2051 1665 id
2080 1640 2205 1666 tantum

187 1635 357 1668 cheri-imis
380 1635 555 1678 Rliythmis
577 1635 801 1667 Germanicist

229 1724 369 1755 Kirclzeu
384 1723 488 1761 yelzen
511 1725 631 1753 seumet
655 1723 757 1753 nicht.-

231 1767 381 1797 Almosen
401 1767 503 1804 geben
526 1769 633 1795 armet
653 1766 756 1796 nicht:

232 1810 369 1840 Unreclzt
387 1813 446 1847 yut
462 1810 566 1848 fasaelt
585 1809 678 1839 nicht.

273 1894 366 1925 Deus
386 1894 529 1925 custodit
550 1899 582 1924 et
605 1900 703 1933 auget
726 1894 873 1934 privatas
893 1899 923 1924 et
947 1892 1096 1934 publicas
1121 1891 1167 1923 fa-

188 1937 326 1969 cultates
351 1943 486 1978 propter
508 1935 750 1967 liberalitatem.
787 1937 856 1975 His,
872 1937 925 1977 qui
947 1936 1166 1967 benefaciunt

186 1980 379 2013 Ecclesiae.
413 1981 503 2010 addit
528 1979 621 2009 Deus
644 1978 745 2010 multa
769 1981 874 2013 bona;
909 1985 938 2009 et
968 1990 1166 2021 quamquain

188 2023 378 2065 affliguntur
402 2022 613 2064 aliquamdiu,
638 2029 745 2052 tamen
767 2028 994 2053 sustentantur
1014 2022 1166 2053 mirabili-

187 2074 245 2098 ter.
293 2066 353 2097 llic
377 2076 457 2107 ergo
483 2066 634 2096 obiicitur
658 2064 794 2096 alterum
819 2071 1064 2107 arguitientum:

233 2152 322 2184 Deus
352 2151 469 2193 affliyit
491 2152 674 2190 Ecclesiam,
705 2156 737 2182 et
757 2152 853 2191 punit
873 2152 1033 2189 homines,
1068 2154 1166 2182 etium

272 2196 495 2227 sanctissimos
501 2207 512 2226 .·

230 2238 319 2278 Eryo
333 2238 465 2278 frustra
485 2242 639 2278 petunfwr
661 2238 742 2268 bona
765 2239 954 2277 corporalia.

274 2324 475 2365 Respondeo
504 2324 548 2354 ad
577 2323 796 2354 antecedens:
831 2322 973 2353 Exercet
1007 2329 1037 2353 et
1072 2322 1165 2363 punit

189 2367 281 2399 Deus
309 2369 403 2398 etiam
429 2372 564 2397 sanctos
590 2376 682 2403 suos,
717 2367 802 2397 sicut
835 2364 892 2396 lob
928 2366 1046 2406 inquit:
1083 2366 1165 2404 Scio,

187 2413 272 2450 quod
298 2421 361 2442 non
393 2413 505 2449 parcis
534 2411 732 2449 delinquenti
738 2420 747 2439 .-
781 2414 812 2440 et
847 2407 968 2450 singuli
1003 2409 1164 2439 habemus

188 2453 316 2493 lapsus,
341 2458 581 2484 commerentes
605 2462 754 2493 poenam.
801 2451 867 2482 Sed
891 2457 998 2482 tamen
1023 2461 1088 2482 non
1111 2462 1162 2482 ac-

189 2496 298 2528 cendit
334 2496 427 2527 Deus
462 2501 562 2526 totam
597 2496 678 2527 iram
713 2504 823 2534 suam3
864 2494 992 2535 mitigat
1024 2504 1165 2535 poenam

189 2540 365 2581 agentibus
387 2539 634 2580 poenitentiam,
659 2544 691 2570 et
702 2538 936 2569 invocantibus
959 2546 1013 2573 se;
1036 2544 1080 2575 et,
1103 2537 1165 2568 nisi

189 2582 371 2623 mitigaret,
405 2593 471 2612 non
502 2591 679 2622 possemus
708 2581 871 2612 sustinere
894 2589 1038 2621 poenaS,
1075 2580 1166 2611 iuxta

190 2625 310 2656 (lictum
336 2623 473 2655 Psalmi:
497 2625 535 2656 Si
556 2628 740 2665 iniquitates
761 2625 997 2661 observaveris,
1020 2622 1165 2661 Domine,

841 164 951 195 Ptin..
976 164 1075 194 Msst..
1102 163 1284 194 SetttPTA
1314 162 1574 193 Exsstffi'rttut,

824 687 947 719 Verum
971 694 1038 726 est,
1074 689 1101 718 si
1125 687 1170 719 le-

188 731 307 775 galiter
330 730 509 773 intelligas,
532 732 590 762 sed
610 732 743 772 quando
762 741 877 762 sumus
890 732 1015 772 recepti
1035 738 1170 772 propter

679 859 809 891 Habent
834 861 933 902 igitur
957 861 1045 892 bona
1068 871 1170 902 opera
1193 890 1198 927 ¹
1223 886 1242 903 ξ,

2143 166 2208 198 216

1225 261 1296 298 quis
1318 258 1503 289 sustinebit:
1527 258 1622 299 quasi
1647 257 1751 296 dicas,
1775 259 1803 289 si
1822 257 1927 290 velles
1946 260 2063 301 exequi
2079 270 2206 301 poenas

1225 311 1352 332 summo
1376 301 1446 332 iure
1469 311 1529 342 pro
1554 301 1777 342 magnitudine
1794 309 1982 333 nostrorum
2002 301 2207 343 delictorum,

1225 354 1340 375 omnes
1370 344 1552 385 periremus
1584 343 1741 375 funditus.
1788 345 1878 376 llaec
1902 346 2062 388 mitigatio
2086 357 2207 387 poena-

1225 398 1295 418 rum
1320 388 1416 418 etiam
1440 393 1490 418 est
1515 388 1678 427 promissa
1703 389 1733 418 in
1748 387 1945 430 Evangelio,
1969 395 1999 419 et
2025 391 2208 421 certissime

1195 427 1200 466 l
1225 430 1321 461 datur
1350 431 1445 461 etiam
1475 429 1614 472 singulis
1646 432 1799 462 membris
1828 430 2002 463 Ecclesiae
2032 433 2206 474 agentibus

1195 470 1199 537 i
1224 474 1457 514 poenitentiam
1482 480 1511 504 et
1535 475 1723 515 petentibus
1746 475 1991 517 mitigationem.

1310 558 1380 590 Hae
1404 565 1480 590 sunt.
1502 561 1700 600 praecipuae
1724 561 1905 598 doctrinae,
1929 562 1969 592 ad
1994 571 2078 602 quas
2102 560 2207 603 appli-

1224 602 1330 633 canda
1354 609 1404 633 est
1428 602 1511 633 haec
1535 602 1688 637 historia,
1724 602 1850 635 scilieet
1881 605 1921 635 dc
1945 614 2008 635 usu
2032 603 2206 635 miraculo·

1223 656 1305 683 rum,
1330 652 1358 676 et
1381 647 1422 677 de
1446 646 1634 677 discrimine
1658 647 1929 687 prontissiomtni3
1953 647 2097 688 inprimis
2115 658 2207 686 vero.

1224 689 1390 729 quomodo
1416 690 1654 729 promissiones
1680 690 1840 721 bonorum
1869 691 2088 731 corporalium
2113 689 2207 722 intel-

1222 730 1375 774 ligendae
1400 733 1474 763 sint.

1311 817 1431 848 Postea
1460 818 1491 848 in
1523 818 1586 849 hac
1615 819 1687 860 ipsa
1718 818 1856 849 historia
1885 818 2007 850 multae
2031 824 2107 850 sunt
2129 820 2207 850 ima·

1224 861 1329 892 (vines,
1376 860 1531 902 Apostoli
1555 862 1751 893 distribuunt
1776 872 1881 904 panes
1905 861 2028 903 populo
2047 868 2206 903 acceptos

1222 915 1263 935 ex
1286 914 1383 934 manu
1398 903 1531 935 Christi.
1573 904 1664 935 llaec
1688 911 1738 936 est
1762 905 1877 946 pulcra
1901 904 2061 946 allegoria
2087 906 2207 947 guber-

1222 948 1366 978 nationis
1390 946 1574 979 Ecclesiae.
1622 947 1776 979 Cltristus
1797 950 1850 979 dat
1875 949 2028 986 verbum,
2051 947 2206 989 Apostoli

1223 991 1254 1021 in
1291 991 1471 1021 ministerio
1507 999 1691 1032 proponunt
1724 997 1755 1022 et
1790 990 1955 1032 explicant
1991 991 2206 1022 auditoribus.

1222 1032 1351 1064 Deinde
1375 1043 1478 1073 panes
1503 1039 1685 1075 augentur,
1719 1041 1751 1065 et
1782 1033 2039 1075 multiplicantur
2067 1032 2206 1065 mirabili

1223 1082 1254 1107 et
1279 1075 1411 1107 occulto
1435 1077 1552 1112 modo:
1576 1077 1624 1106 sic
1649 1077 1797 1108 doctrina
1829 1078 1947 1109 crescit
1970 1087 2033 1108 usu
2057 1083 2087 1108 et
2112 1087 2206 1109 exer·

1223 1119 1386 1150 citatione.
1443 1118 1490 1149 Fit
1522 1119 1554 1149 in
1579 1120 1775 1151 docentibus
1795 1119 1850 1150 lux
1874 1121 1994 1158 maior,
2030 1128 2061 1152 et
2085 1122 2205 1151 crescit

1222 1163 1252 1192 in
1279 1162 1482 1193 discentibus
1506 1160 1694 1194 intellectus
1717 1164 1819 1194 verbi.

1310 1247 1389 1279 Plus
1415 1249 1511 1278 etiam
1535 1246 1744 1289 relinquitur,
1781 1259 1876 1290 quam
1907 1254 2062 1290 quantum
2086 1258 2206 1289 panum

1222 1292 1314 1332 prius
1348 1291 1510 1322 adfuerat.
1568 1290 1639 1322 Hoc
1670 1292 1810 1332 pertinet
1841 1293 1881 1322 ad
1907 1291 1994 1322 hanc
2013 1291 2204 1333 promissio-

1222 1344 1314 1366 nem:
1338 1336 1431 1373 Date,
1451 1339 1483 1366 el
1500 1335 1628 1366 dabitur
1651 1336 1746 1366 cobis.

1309 1420 1484 1451 Postremo
1509 1420 1624 1451 dicitur
1647 1420 1711 1459 hic,
1737 1418 1881 1452 collecta
1892 1418 1996 1451 fuisse
2008 1418 2204 1462 fragmenta.

1222 1462 1295 1494 Hoc
1313 1461 1465 1503 exemplo
1486 1464 1736 1494 commendatur
1754 1464 1850 1494 nobis
1863 1463 2074 1504 parsimonia.
2111 1463 2205 1494 Deus

1221 1505 1292 1536 vult
1315 1516 1377 1537 nos
1401 1504 1548 1547 frugales
1573 1516 1667 1544 esse,
1696 1517 1762 1538 non
1792 1505 1862 1537 vult
1885 1506 1956 1538 fieri
1980 1505 2204 1548 profusiones.

1222 1547 1303 1580 Vult
1327 1549 1465 1591 agnosci
1490 1559 1508 1579 a
1528 1550 1623 1580 nobis
1639 1550 1725 1580 dona
1747 1555 1777 1581 et
1790 1550 1952 1581 beneficia
1964 1560 2037 1587 sua,
2061 1555 2092 1581 et
2114 1554 2205 1580 recte

1221 1593 1382 1632 usurpari.
1431 1590 1587 1622 Scribunt
1615 1593 1646 1622 in
1676 1591 1788 1623 ultima
1812 1592 1976 1623 Sarmatia
1999 1602 2077 1623 esse
2101 1592 2205 1633 quod-

1222 1684 1329 1715 vorat,
1352 1683 1385 1708 ut
1409 1688 1495 1718 pene
1520 1684 1643 1718 crepet.
1690 1679 1811 1709 Postea
1841 1678 1927 1708 intra
1957 1679 2039 1708 duas
2063 1678 2204 1709 arbores

1223 1731 1260 1751 se
1283 1721 1434 1758 intrudit,
1468 1726 1503 1751 ut
1531 1721 1563 1751 in
1593 1721 1756 1762 angustiis
1785 1719 1849 1752 illis
1874 1730 1990 1752 rursus
2016 1720 2124 1752 eiiciat
2148 1729 2206 1751 seu

1192 1763 1197 1807 l
1222 1764 1375 1794 extrudat
1400 1764 1524 1794 cibum:
1555 1763 1653 1804 paulo
1682 1770 1757 1805 post
1789 1765 1908 1795 iterum
1938 1764 2089 1795 esuriens
2112 1763 2206 1801 redit,

1193 1809 1196 1817 ·
1222 1813 1253 1836 et
1272 1816 1388 1837 rursus
1413 1812 1509 1837 vorat
1534 1805 1611 1837 illos
1632 1808 1754 1838 crudos
1793 1809 1886 1839 cibos
1912 1813 2078 1838 extrusos.
2114 1805 2206 1837 Haec

1223 1856 1271 1880 eezt
1295 1850 1404 1891 imago
1428 1848 1605 1880 heluonum
1635 1857 1667 1881 et
1691 1850 1985 1891 intemperantium.
2033 1849 2128 1881 Sicut
2158 1849 2205 1879 vi-

1222 1893 1336 1923 demus
1360 1893 1392 1923 in
1413 1891 1497 1923 aulis
1522 1893 1604 1931 lieri,
1628 1899 1663 1924 ut
1677 1892 1777 1935 aliqui
1800 1904 1866 1925 uno
1891 1893 1943 1923 die
1968 1893 2018 1923 bis
2042 1898 2136 1923 terve
2158 1891 2204 1922 in-

1221 1937 1398 1973 ebrientur,
1422 1942 1453 1966 et
1477 1936 1617 1966 subinde
1633 1942 1797 1974 evomant,
1821 1943 1851 1967 et
1871 1946 1947 1966 mox
1966 1942 2073 1966 tamen
2086 1935 2203 1966 iterum

1219 1979 1432 2020 ingurgitent.

1306 2063 1341 2094 ln
1366 2063 1522 2094 universa
1541 2064 1608 2094 vita
1627 2062 1761 2094 multum
1788 2064 1885 2095 situm
1911 2070 1962 2094 est
1985 2064 2017 2094 in
2041 2068 2133 2095 recta
2152 2072 2202 2094 ra-

1220 2109 1308 2139 tione
1331 2107 1438 2137 victus
1459 2106 1701 2144 constituenda,
1725 2117 1810 2148 quae
1834 2107 2027 2138 necessatia
2050 2113 2112 2145 est,
2136 2115 2200 2136 non

1219 2150 1327 2181 solum
1352 2155 1487 2190 propter
1510 2147 1742 2187 valetudinem,
1766 2151 1826 2180 sed
1847 2151 1943 2181 etiam
1966 2153 2001 2181 ut
2024 2149 2121 2180 animi
2144 2158 2202 2179 no—

1220 2194 1278 2224 stri
1303 2193 1367 2223 sint
1391 2192 1498 2223 idonei
1523 2198 1553 2223 et
1578 2193 1643 2232 apti
1668 2193 1709 2223 ad
1735 2193 1948 2236 cogitandum
1980 2202 2033 2224 res
2059 2192 2200 2228 divinas,

1220 2244 1251 2268 et
1275 2236 1316 2267 ad
1339 2235 1570 2266 invocandum.

1308 2321 1451 2352 Pertinet
1485 2320 1581 2351 etiam
1606 2320 1791 2362 exemplum
1816 2320 1993 2363 colligendi
2015 2319 2202 2362 fragmenta

1219 2365 1260 2396 ad
1304 2362 1654 2395 commonefactionem
1693 2365 1734 2395 de
1775 2365 2014 2398 conservandis
2055 2362 2201 2405 reliquiis

1219 2408 1390 2439 doctrinae
1423 2407 1456 2437 in
1491 2406 1662 2445 Ecclesia,
1696 2417 1739 2439 ne
1773 2408 1920 2438 sinamus
1953 2407 2074 2448 scripta
2110 2403 2201 2438 utilia

1218 2451 1364 2493 priorum
1387 2450 1520 2480 interire
1544 2450 1685 2491 ignavia,
1711 2456 1766 2482 aut
1789 2450 1897 2481 studio
1921 2450 2117 2482 novitatum:
2141 2448 2201 2479 sed

1219 2504 1304 2536 quac
1338 2498 1430 2525 recte
1451 2498 1529 2524 sunt
1552 2494 1689 2531 tradita,
1724 2503 1948 2535 propagemus
1982 2493 2024 2524 ad
2058 2491 2197 2534 posteri-

1217 2543 1328 2568 tatem.
