2374 2985
221 180 264 211 59

221 271 383 304 violenter
415 271 533 302 trahat.
590 270 740 301 Pictor-es
763 269 807 301 illi
831 270 1094 310 Noribergenses
1117 279 1192 309 pec-

222 321 348 352 carunt,
382 324 454 344 cum
489 312 702 354 indulgebant
735 314 804 343 suis
829 312 1126 353 imaginationibus,
1162 317 1193 341 et

220 357 487 389 vociferabantur
520 366 557 386 se
591 366 656 386 non
689 366 792 396 posse
816 356 962 386 credere.
1007 354 1072 394 lpsi
1096 355 1192 384 debe-

221 401 300 431 bant
333 409 518 439 repuguare
553 399 760 435 dubitationi,
805 404 836 428 et
870 397 1068 427 diffidentiae
1101 406 1191 427 suae.

221 442 267 473 lta
300 453 362 473 nos
386 443 543 471 debemus
577 441 662 471 hanc
694 440 911 471 obedientiam
939 439 1028 476 Deo,
1060 444 1096 469 ut
1119 449 1192 470 cum

220 486 369 516 audimus
392 482 619 524 Evangeliuim
642 484 901 523 acquic-scamus.

307 528 446 561 Quando
469 526 636 567 arguimur
652 526 760 556 audita
785 535 868 555 voce
891 524 1009 561 divina,
1034 524 1192 555 debemus

220 580 405 611 agnoscere
432 575 585 609 peccata,
619 574 650 598 et
673 566 931 598 incredulitatem
962 572 1127 603 nostram,
1161 572 1193 596 et

221 613 380 643 desistere
403 622 422 642 a
446 611 614 651 proposito
637 610 806 650 peccandi.
859 609 915 640 Sic
947 620 1019 639 cum
1043 609 1192 640 audimus

220 653 481 686 consolationem
505 664 544 683 ex
569 653 787 693 promissione
809 649 1000 692 Evangelii,
1034 652 1192 682 debemus

220 698 372 728 assentiri
397 696 480 733 Deo,
503 702 533 725 ct
557 701 680 736 petere,
703 701 736 725 ut.
759 693 863 731 Deus,
892 695 946 734 qui
969 693 1068 724 trahit
1091 694 1192 724 corda

221 750 280 780 per
303 740 451 775 verbum,
476 740 648 768 couiirmet
671 748 731 767 nos
751 737 872 776 Spiritu
896 742 1022 767 sanem.
1067 736 1193 767 Tenea-

219 793 291 813 mus
314 782 374 812 has
399 779 544 821 regulas:
579 782 699 817 (luania
729 780 827 817 111091'8
850 784 946 818 paler
968 783 1072 810 vester
1093 781 1194 810 coele-

219 826 278 855 stis
311 825 570 863 ‹lamcslu'1-itmu
603 828 746 853 sanctum
768 822 956 861 petentibus.
1012 821 1069 852 Et:
1104 821 1194 852 Dens

221 868 326 906 efficit,
350 870 382 895 nt
405 866 514 904 velitis,
539 866 622 896 idem
645 866 761 904 efficiet
784 868 886 904 etiam,
912 869 946 895 nt
962 864 1153 903 perficiat&-

305 908 365 940 llle
398 909 496 938 miser
529 907 626 938 homo
650 908 850 937 Franciscus
885 907 1001 946 Spiera
1034 917 1100 937 non
1133 905 1194 937 fuit

220 957 308 983 reete
331 952 509 987 institutus,
535 961 608 981 cum
632 951 662 979 in
686 949 835 980 maximis
860 948 1030 980 doloribus
1058 947 1194 980 indulsit

219 995 289 1026 suis
319 994 586 1025 dubitationibus.
642 992 705 1026 Qui
738 990 913 1022 adsuerunt
946 992 993 1029 ei,
1028 992 1194 1023 debebant

218 1037 281 1077 ipsi
303 1045 487 1078 proponere
503 1035 687 1065 mandatum
705 1034 859 1071 divinum,
881 1039 916 1065 ut
938 1034 1066 1065 audiret
1078 1032 1192 1064 Filium

218 1079 294 1110 Dei.
348 1078 523 1109 Debebant
546 1087 665 1117 urgere
686 1077 948 1117 promissionem,
982 1077 1069 1117 quod
1092 1075 1193 1107 Filius

218 1121 281 1152 Dei
304 1119 382 1152 velit
404 1130 464 1150 nos
494 1121 715 1160 trepidantes,
750 1118 948 1156 imbecilles,
979 1124 1011 1150 et
1044 1119 1192 1149 infirmos

219 1165 357 1205 erigere.
401 1163 577 1193 Debebunt
600 1173 672 1193 eum
697 1162 835 1195 docere,
862 1172 928 1192 non
951 1162 1193 1201 exspectandos

219 1216 294 1238 esse
327 1212 440 1246 raptus
468 1204 643 1242 violentos,
678 1204 737 1234 sed
772 1204 895 1234 debere
931 1214 1002 1234 eum
1037 1204 1193 1234 resistere

219 1255 251 1280 et
294 1258 481 1289 repugnare
521 1248 722 1278 dubitationi.
795 1246 884 1277 Idem
927 1256 990 1277 nos
1036 1247 1192 1277 debemus

220 1292 360 1328 discere,
395 1291 525 1331 quando
547 1300 661 1320 sumus
684 1290 715 1320 in
740 1295 854 1326 morte,
884 1294 916 1319 et
938 1289 1095 1319 sentimus
1120 1299 1193 1331 gra—

218 1335 373 1365 vissimas
397 1333 606 1364 tentationes.

305 1376 515 1407 Habebamus
559 1374 612 1405 hic
648 1373 811 1404 hominem
849 1374 1023 1414 quendam,
1061 1382 1124 1414 ego
1159 1378 1192 1404 et

218 1418 379 1450 Dominus
402 1424 523 1458 pastor,
547 1418 602 1458 qui
625 1420 712 1455 (cum
731 1415 981 1447 consolaremur
1004 1422 1091 1451 eum)
1116 1426 1193 1447 con-

218 1462 388 1493 tumaciter
408 1460 642 1501 respondebat:
677 1459 793 1494 Qualis
823 1464 912 1490 esset
935 1458 1027 1490 Deus
1049 1459 1130 1496 iste,
1165 1458 1193 1488 si

218 1514 270 1535 me
291 1514 357 1534 non
380 1509 495 1544 posset
518 1502 694 1533 damnare?
728 1501 808 1531 Erat
830 1502 926 1541 impia
943 1512 1021 1538 vox,
1041 1510 1193 1542 pugnans

220 1556 294 1578 cum
316 1547 498 1577 iuramento
520 1544 600 1575 Dei:
641 1546 708 1575 Viro
732 1554 795 1582 eqo,
828 1547 902 1575 nolo
930 1549 1059 1575 mortem
1076 1554 1193 1582 pecca-

219 1590 311 1626 toris,
333 1590 391 1619 sed
412 1592 445 1618 ut
467 1591 674 1618 convertatur
695 1590 726 1617 et
748 1588 842 1617 rival.

305 1629 553 1662 Stenckfeldius
588 1630 682 1660 etiam
724 1628 858 1659 clamat:
892 1630 1052 1668 Exspecta
1095 1630 1195 1659 donec

219 1673 308 1706 Deus
330 1678 360 1705 te
382 1674 493 1704 trallae
512 1674 555 1703 acl
574 1672 814 1704 com-ermonem.
871 1670 936 1702 Alii
959 1671 1086 1708 dicunt,
1116 1670 1195 1701 nihil

219 1726 320 1757 agere
348 1715 512 1746 hominem
551 1715 583 1745 in
618 1715 845 1745 conversione.
908 1714 975 1744 Sed
1008 1712 1101 1744 suror
1135 1719 1195 1750 est,

219 1760 265 1790 ita
288 1759 407 1789 dicere.
467 1757 605 1798 Semper
641 1756 705 1787 hoe
734 1766 848 1787 verum
872 1763 923 1787 est
946 1756 1036 1786 initio
1060 1766 1195 1787 conver-

221 1801 323 1833 sionis
347 1806 378 1832 et
401 1806 530 1841 postea,
555 1801 734 1831 Pracennte
754 1803 870 1837 yratz'a,
901 1803 1067 1829 comitante
1089 1801 1195 1829 rolma-

220 1849 293 1876 tate.
348 1842 512 1874 Voluntas
537 1849 824 1883 quantumcunque
857 1840 996 1878 infirma,
1030 1842 1128 1871 debet
1150 1839 1195 1871 lu-

221 1886 316 1923 ctari,
349 1891 383 1916 ut
416 1886 631 1922 assentiatur,
665 1889 697 1915 et
730 1883 887 1915 luctando
921 1884 1031 1914 vincat
1068 1883 1194 1914 dubita-

220 1929 342 1960 tionem
366 1933 400 1959 et
421 1926 643 1957 diffidentiam.
698 1926 813 1967 Neque
836 1927 1011 1957 conversio
1035 1932 1103 1963 est,
1138 1931 1195 1956 aut

220 1970 256 2002 fit
277 1969 358 2008 ulla,
381 1971 511 2011 quando
534 1979 600 2000 non
623 1974 674 2000 est
705 1968 795 1999 lucta
826 1975 942 2000 contra
970 1967 1191 1999 diffidentiam.

220 2012 292 2051 Ille,
316 2013 370 2053 qui
392 2022 459 2043 non
482 2010 659 2043 reluctatur
675 2011 878 2049 dubitationi,
901 2012 1027 2051 respuit
1046 2012 1193 2042 verbum.

220 2055 282 2087 Est
305 2061 413 2086 autem
434 2055 517 2093 fides
538 2065 578 2085 ex
600 2055 722 2085 auditu,
745 2055 872 2085 auditus
889 2064 950 2094 per
971 2055 1106 2084 verbum.

305 2097 380 2128 Non
404 2103 560 2136 operatur
582 2097 718 2127 verbum
736 2097 880 2136 magice,
914 2097 973 2127 sed
1006 2096 1034 2126 si
1068 2096 1195 2133 audias,

223 2140 363 2181 cogites,
385 2139 592 2176 assentiaris,
614 2148 779 2179 repugnes
808 2139 1094 2179 imaginationibus
1119 2148 1195 2169 cou-

221 2183 330 2214 trariis
353 2183 468 2212 verbo.
523 2181 596 2212 Hoc
626 2191 699 2212 cum
733 2180 836 2217 sacis,
869 2181 962 2211 Deus
986 2186 1037 2211 est
1065 2179 1221 2218 efficax„

221 2225 322 2256 trahit
344 2231 388 2262 te,
411 2230 441 2255 et
464 2224 614 2255 accendit
647 2222 753 2253 fidem.
810 2223 883 2254 Hoc
911 2224 1098 2254 verecunde
1117 2223 1196 2253 diei-

220 2273 274 2299 tur
300 2277 321 2298 a
349 2267 558 2298 Nazianzeno
591 2265 643 2296 his
666 2266 792 2297 verbis:
832 2267 938 2297 Omnis
970 2268 1072 2296 virtus
1104 2269 1152 2296 est
1175 2276 1197 2295 a

221 2310 308 2349 De03
345 2311 443 2340 datur
481 2314 585 2341 autem
623 2308 740 2340 voeatis
776 2312 807 2339 et
845 2308 1062 2339 annuentibus.
1118 2307 1198 2339 Vult

222 2353 345 2390 dicere,
380 2352 544 2382 hominem
574 2361 675 2392 posse
709 2361 908 2392 repugnare3
943 2351 1003 2380 sed
1037 2360 1109 2380 cum
1132 2351 1197 2381 hoc

221 2395 312 2433 facit,
335 2405 401 2424 non
426 2394 637 2425 convertitur.
673 2394 811 2434 Oportet
824 2403 903 2433 ergo
921 2402 1065 2423 annuere
1084 2394 1196 2423 verbo.

309 2436 345 2468 Si
367 2435 478 2468 David
501 2443 724 2477 repugnasset
752 2434 972 2466 consolationi
996 2434 1196 2475 Prophetae,

221 2480 387 2521 periisset,
409 2480 493 2510 sicut
517 2478 607 2510 Saul.
663 2478 730 2509 Sed
764 2488 830 2508 non
854 2482 1025 2518 repugnat,
1054 2476 1197 2508 luctatur

247 2522 343 2559 otius,
366 2527 400 2552 ut
421 2521 632 2558 assentiatur,
666 2527 697 2551 et
719 2519 875 2551 luctando
910 2521 1019 2552 vincit.
1075 2519 1110 2550 ln
1132 2520 1196 2551 hac

238 2570 311 2596 ueta
345 2564 485 2604 Spiritus
519 2565 626 2595 sancti
660 2569 710 2594 est
744 2562 882 2600 efficax,
916 2563 971 2603 qui
1004 2572 1078 2593 cum
1101 2562 1197 2593 datur

223 2607 321 2638 nobis
343 2605 439 2638 simul
461 2611 563 2638 mutat
586 2615 659 2638 nos.
713 2605 788 2637 Non
821 2605 906 2636 enim
934 2605 979 2636 itu
1008 2610 1060 2636 est
1082 2605 1116 2635 in
1138 2604 1195 2636 ho-

860 176 972 208 PHlL.
994 175 1097 207 MEL.
1120 173 1305 206 SCRIPTA
1328 172 1588 204 EXEGETICA.

2177 175 2220 207 60

1245 266 1342 302 mine,
1376 266 1461 297 sicut
1494 267 1626 307 ponitur
1659 268 1762 298 vestis
1796 268 1827 298 in
1861 277 1982 298 arcam.
2037 266 2134 298 Fiunt
2156 269 2219 299 ista

1246 307 1352 346 simul,
1376 309 1464 349 quod
1488 309 1628 349 Spiritus
1651 315 1787 340 sanctus
1807 315 1909 340 mutat
1933 309 2046 346 corda⁷
2076 315 2108 341 et
2129 311 2218 351 quod

1246 349 1344 381 homo
1366 351 1479 391 incipit
1501 362 1614 393 agere,
1638 358 1671 382 et
1694 362 1879 393 repugnare
1903 351 2112 383 diffidentiae.
2153 353 2219 384 Sed

1246 403 1312 424 non
1345 399 1421 424 sunt
1466 394 1677 425 deducendae
1718 401 1844 425 mentes
1878 396 1920 425 ad
1954 394 2219 426 Emhusiasticm:

1247 442 1382 476 raptus,
1417 437 1510 477 quasi
1535 436 1676 477 Spiritus
1710 442 1846 468 sanctus
1880 439 1951 468 sine
1986 436 2075 469 lucta
2105 444 2219 469 nostra

1246 477 1368 509 efficiat
1393 480 1655 510 conversionem.

1330 520 1516 562 Diligenter
1538 522 1636 561 igitur
1669 522 1734 552 hoc
1756 527 1970 560 mementote,
2004 523 2093 563 quod
2126 522 2219 554 Deus

1244 563 1376 594 inchoet
1410 566 1679 604 conversionem,
1725 570 1755 594 et
1796 565 1884 605 quod
1925 571 2033 595 tamen
2069 571 2219 605 oporteat

1245 606 1406 637 accedere
1444 607 1673 637 assensionem
1712 613 1870 637 nostram.
1930 606 2039 638 Nolite
2074 608 2221 649 cogitare

1247 649 1497 679 conversionem
1531 659 1607 680 esse
1643 654 1766 679 motum
1803 648 1979 680 violentum
2012 651 2044 680 in
2078 650 2218 681 homine·

1247 690 1370 721 Paulus
1394 700 1553 730 expresse
1575 693 1695 732 inquit:
1733 692 1820 723 Deus
1842 694 1911 731 dal,
1945 697 1983 723 ut
2012 694 2132 725 velitis:
2165 693 2221 723 ubi

1246 739 1353 763 autem
1389 732 1475 764 velle
1507 740 1573 772 est,
1609 735 1652 764 ibi
1681 741 1733 765 est
1768 735 1927 775 quaedam
1961 737 2123 765 assensio.
2179 735 2221 766 Et

1245 782 1378 806 veteres
1423 776 1555 806 dieunt:
1603 777 1692 807 Dens
1720 777 1872 808 volentem
1914 779 2030 809 trahit:
2068 776 2172 808 Ἓλκει
2203 777 2218 808 ὁ

1247 818 1326 855 δεὸς,
1350 817 1428 849 ἀλλὰ
1450 819 1627 858 βουλόμενον
1646 820 1732 849 ἕλκει.
1767 820 1839 850 Hoc
1863 825 1913 850 est
1937 821 2065 861 signum
2088 821 2220 851 tractio-

1246 861 1296 891 nis
1320 861 1462 898 divinae,
1496 863 1626 902 quando
1660 868 1712 892 est
1746 863 1776 892 in
1808 863 1903 893 nobis
1938 863 2154 900 desiderium,
2188 869 2221 893 et

1246 902 1332 934 velle
1355 904 1517 934 assentiri.
1563 904 1603 934 Et
1632 915 1827 945 quamquam
1846 905 1911 935 hoc
1933 905 2040 945 ipsum
2063 904 2149 935 velle
2169 910 2219 936 est

1245 945 1424 984 infirmum,
1459 952 1566 977 tamen
1601 948 1741 977 tenenda
1775 953 1827 978 est
1862 946 2060 978 consolatio:
2106 947 2220 978 Linum

1242 990 1408 1028 s'umiymts
1441 998 1502 1019 mm
1539 994 1717 1030 eztz'nyuec,
1763 994 1794 1021 et
1827 992 2012 1021 arundinem
2035 996 2220 1029 quassatam

1245 1041 1310 1062 nou
1331 1032 1516 1070 confringet.

1331 1073 1422 1104 Haec
1446 1074 1554 1104 ‹unnia
1578 1075 1752 1114 cogitanda
1775 1080 1866 1109 sunt,
1903 1086 1975 1106 cum
2005 1074 2059 1106 hic
2091 1075 2219 1106 dicitur:

1246 1115 1405 1155 Compelle
1427 1119 1556 1147 intrare.
1600 1117 1752 1158 Agamus
1774 1123 1880 1148 autem
1904 1119 2027 1158 gratias
2047 1115 2127 1148 Filio
2145 1117 2221 1155 Dei,

1246 1159 1334 1198 quod
1357 1164 1448 1189 tanta
1471 1165 1519 1189 est
1554 1159 1656 1199 ipsius
1682 1160 1822 1197 bonitas,
1856 1167 1891 1190 ut
1914 1159 2049 1201 colligat
2072 1160 2133 1190 sibi
2158 1159 2220 1190 Ec-

1247 1199 1384 1231 clesiam
1418 1211 1457 1231 ex
1493 1202 1630 1239 misera,
1667 1201 1829 1242 squalida,
1863 1208 1896 1232 et
1929 1203 2092 1233 immunda
2127 1200 2221 1233 faece

1247 1244 1378 1283 generis
1402 1243 1547 1280 humani,
1575 1250 1607 1274 et
1629 1245 1715 1274 adeo
1740 1245 1804 1274 sitit
1831 1249 1977 1275 nostram
2000 1244 2158 1282 salutem,
2186 1250 2220 1275 ut

1246 1286 1342 1316 etiam
1365 1286 1566 1326 trepidantes
1590 1296 1652 1317 nos
1676 1285 1753 1317 velit
1776 1287 1837 1317 sibi
1861 1287 2051 1327 adiungere.

1332 1328 1367 1358 In
1391 1328 1455 1359 tine
1479 1329 1610 1359 dicitur:
1643 1331 1744 1360 Locus
1776 1332 1919 1367 repletus
1946 1334 2005 1360 est.
2051 1328 2098 1360 lbi
2121 1329 2221 1370 signi·

1246 1370 1376 1401 ficatum
1411 1377 1462 1401 est
1495 1372 1707 1401 constitutum
1740 1381 1818 1402 esse
1851 1377 1979 1411 tempus
2014 1370 2221 1402 collectionis

1246 1412 1429 1451 Ecclesiae,
1465 1419 1496 1444 et
1530 1420 1646 1453 postea
1680 1412 1823 1444 futurum
1856 1424 1934 1445 esse
1966 1413 2064 1444 finem
2087 1420 2119 1443 et
2141 1414 2221 1444 iudi-

1246 1456 1347 1491 ciumg
1371 1456 1411 1486 de
1435 1466 1499 1496 quo
1523 1456 1620 1486 etiam
1644 1454 1700 1486 illa
1724 1457 1826 1486 verba
1854 1455 2047 1497 loquuntur:
2077 1455 2151 1485 Non
2166 1466 2222 1495 yu-

1244 1501 1373 1530 stabunc
1403 1499 1450 1529 illl
1482 1499 1545 1529 τίνί
1575 1508 1704 1529 coenum
1739 1508 1846 1530 meam.
1901 1498 2104 1529 Denuntiant
2136 1499 2222 1529 enim

1245 1541 1330 1572 haec
1353 1542 1454 1572 verba
1477 1541 1696 1571 tristissimam
1719 1540 1944 1572 exclusionem
1957 1552 2015 1572 seu
2029 1541 2222 1572 eiectionem

1246 1594 1286 1615 ex
1310 1594 1413 1625 regno
1437 1582 1584 1614 coelesti.
1640 1584 1712 1618 Qua
1742 1584 1994 1614 comminatione
2027 1582 2149 1624 singuli
2172 1584 2222 1614 sic

1246 1625 1336 1657 affici
1359 1627 1490 1663 debent,
1524 1632 1559 1656 ut
1593 1626 1770 1656 flectantur
1793 1627 1833 1656 ad
1868 1626 2029 1667 agendam
2052 1625 2221 1666 poeniten-

1247 1670 1340 1700 tiam:
1363 1669 1448 1699 sicut
1471 1668 1701 1699 universaliter
1723 1669 1797 1699 ideo
1817 1674 2044 1708 proponuntur
2066 1679 2107 1699 ac
2130 1677 2222 1708 repe-

1247 1717 1356 1742 tuntur
1391 1712 1659 1742 comminationes
1694 1711 1947 1748 severissimae,
1988 1716 2022 1741 ut
2057 1710 2109 1740 his
2142 1710 2222 1740 moti

1248 1754 1467 1785 exuscitemur
1490 1754 1531 1784 ad
1555 1764 1667 1784 euram
1696 1759 1727 1784 et
1755 1752 1999 1784 solicitudinem
2027 1752 2222 1793 impetrandi

1247 1798 1455 1827 aversionem
1479 1806 1670 1837 poenarum,
1693 1806 1772 1826 vera
1795 1796 2005 1835 poenitentia,
2039 1795 2159 1835 pietate
2181 1805 2221 1825 ac

1246 1840 1355 1870 studio
1380 1839 1528 1870 discendi
1551 1837 1736 1880 Evangelii,
1770 1838 1904 1869 assidua
1937 1844 1970 1869 et
1999 1837 2126 1869 ardenti
2148 1846 2221 1878 pre·

1247 1882 1386 1912 catione.

1364 2042 1584 2073 DOMINICA
1616 2040 1668 2071 111.
1702 2038 1814 2071 POST
1846 2038 2102 2071 TRlNlTATlS.

1468 2132 1743 2176 Evangelium
1772 2132 1906 2164 Lucae
1937 2132 1992 2163 15.

1299 2229 1352 2260 De
1378 2238 1436 2260 ove
1459 2231 1489 2258 et
1516 2226 1674 2258 drachma
1697 2227 1835 2264 amissa,
1867 2229 1898 2256 et
1924 2225 1990 2267 filio
2015 2225 2165 2266 prodiyo.

1333 2305 1417 2336 Tota
1449 2302 1533 2334 haec
1577 2303 1695 2334 concio
1730 2308 1781 2333 est
1832 2300 2053 2341 pulcherrima
2085 2306 2220 2342 propter

1247 2349 1395 2389 insignes
1421 2346 1599 2387 imagines3
1634 2356 1771 2386 quarum
1794 2346 1897 2385 prima
1919 2350 1988 2381 est,
2022 2344 2063 2375 de
2085 2350 2220 2384 pastore

1249 2396 1401 2433 gestante
1423 2399 1518 2421 ovem
1546 2388 1579 2418 in
1609 2388 1770 2423 humen-153
1803 2386 1925 2425 altera,
1959 2387 1999 2418 de
2021 2387 2145 2417 amisso
2169 2387 2221 2417 de-

1249 2434 1359 2469 nario;
1393 2431 1499 2468 tertia,
1524 2431 1564 2461 de
1589 2431 1718 2461 duobus
1742 2428 1827 2467 tiliis,
1861 2430 2001 2471 prodigo
2035 2436 2067 2459 et
2089 2427 2219 2470 frugali.

1248 2476 1309 2507 Est
1331 2481 1439 2506 autem
1462 2472 1659 2513 applicanda
1682 2471 1765 2503 haec
1799 2473 1915 2503 concio
1951 2473 1993 2503 ad
2027 2470 2113 2503 illam
2135 2472 2220 2512 prin-

1249 2518 1389 2560 cipalem
1422 2516 1628 2553 sententiam,
1662 2522 1694 2546 et
1727 2515 1921 2553 doctrinam,
1956 2524 2040 2556 quae
2073 2523 2220 2554 compre-

1247 2560 1400 2592 henditur
1427 2560 1459 2590 in
1483 2558 1587 2589 dicto:
1628 2556 1705 2588 Vico
1727 2567 1802 2598 eqo,
1836 2558 1909 2588 uolo
1942 2561 2075 2589 mortem
2106 2565 2219 2597 pecca-

1247 2604 1340 2640 toris,
1362 2602 1420 2634 sed
1440 2605 1475 2632 ut
1498 2604 1706 2632 convertatur
1734 2604 1764 2631 et
1786 2600 1884 2631 vit-al.
1942 2599 2034 2635 Quae
2067 2604 2118 2631 est
2145 2609 2220 2640 pro-
