2374 2985
251 199 310 232 191

336 294 397 326 Hic
421 295 567 336 cogitate
590 294 687 325 etiam
712 295 753 325 de
775 293 999 335 magnitudine
1030 291 1229 324 consolatio·
1254 296 1257 305 ¹

250 339 312 369 nis.
357 338 443 369 Sunt
468 338 551 368 duae
575 347 723 368 summae
746 338 959 368 tentationes:
995 335 1068 366 Una
1092 342 1161 373 est,
1189 337 1231 366 de

249 381 472 422 magnitudine
496 381 623 421 pcccati
643 379 782 411 alicuius
807 379 1001 421 singularis:
1032 377 1136 409 altera
1167 384 1231 415 est,

249 426 291 456 de
320 424 590 465 particularitate.
648 422 812 454 Diabolus
843 423 951 453 turbat
981 431 1043 452 nos
1067 421 1229 452 eiusmodi

250 468 521 508 cogitationibus:
548 466 616 497 Ah!
643 467 670 496 si
690 477 756 496 non
780 466 924 496 haberes
955 465 1052 495 istum
1076 474 1230 502 naevum,
1254 486 1256 494 t

248 510 343 542 Deus
374 510 431 540 tibi
461 515 547 540 esset
571 510 742 550 propitius
800 508 907 540 Dauid
931 507 1071 548 cogitat!
1106 506 1176 537 Ab:
1200 507 1229 538 si

248 564 314 584 non
337 551 453 594 lapsus
477 562 572 583 esses
596 553 628 583 in
657 551 870 589 adulterium,
899 552 928 581 si
958 561 1023 581 non
1054 551 1228 591 rapuisses

245 597 300 628 isti
325 606 417 627 suam
441 605 598 633 uxorem,
623 601 653 626 et
677 606 750 626 eum
773 593 1019 631 interfecisses,
1049 592 1143 624 Deus
1171 593 1227 623 tibi
1253 612 1254 615 =

247 645 412 682 parceret.
476 639 542 669 lsta
580 639 648 669 vita
677 649 743 669 non
778 638 847 668 abit
881 637 953 668 sine
987 637 1115 667 erratis.
1172 637 1227 667 Sic

249 683 477 723 unusquisque
511 680 609 712 habet
644 687 770 718 errata,
804 680 903 710 habet
934 678 1056 710 multos
1087 689 1227 710 naevos.

248 725 414 757 Diabolus
439 724 543 766 intigit
564 734 698 755 morsus
728 730 876 761 atroces,
908 729 943 754 ut.
973 720 1117 763 impellat
1147 720 1228 753 mul-

248 776 301 800 tos
325 769 356 798 in
380 768 651 809 desperationem.
688 767 925 798 (“01111·31513111
949 766 1163 797 tentationem
1187 765 1229 796 de

247 811 472 853 magnitudine
495 810 632 842 alicuius
657 810 795 851 peccati,
815 809 966 840 Christus
991 809 1128 850 opponit
1151 817 1229 839 con-

248 854 462 886 solationem:
488 854 556 892 th
571 853 644 892 plns
667 854 724 882 tibi
746 854 929 887 remittitur,
949 863 984 881 eo
1006 851 1078 891 plns
1101 851 1227 890 diligis:

248 908 287 930 eo
312 899 417 939 magis
448 898 554 928 cernis
579 897 836 938 magnitudinem
860 895 1109 927 misericordiae
1132 894 1206 925 Dei.

334 958 472 998 Semper
495 958 652 988 debemus
671 957 861 987 meminisse
878 956 977 987 huius
996 955 1087 986 dicti:
1114 954 1228 984 Gratia

249 1001 396 1030 exuberat
425 1011 521 1039 supra
553 1004 725 1039 pecc-alum.
776 999 923 1040 Semper
950 1000 993 1029 ita
1026 998 1061 1029 fit
1093 996 1227 1029 collatio

246 1044 375 1084 peccati
400 1049 429 1074 et
456 1045 581 1085 gratiae
606 1044 637 1073 in
661 1043 846 1084 Scriptura,
868 1049 899 1073 ut
917 1042 1024 1084 gratia
1042 1042 1083 1071 sit
1097 1041 1226 1072 victrix.
1252 1052 1253 1063 ¹

247 1087 283 1118 Si
317 1092 429 1118 essent
458 1085 630 1128 aequalia,
664 1092 837 1126 peccatum
873 1091 905 1116 et
939 1084 1064 1127 gratia:
1098 1084 1127 1115 si
1161 1094 1227 1115 non

246 1131 363 1161 victrix
386 1136 476 1160 esset
501 1129 627 1171 gratia,
664 1128 817 1160 Christus
841 1127 965 1159 frustra
996 1128 1160 1164 venisset,
1197 1132 1227 1157 et
1251 1138 1253 1171 3

249 1179 339 1204 esset
361 1172 469 1204 sutura
494 1173 594 1203 dubia
618 1173 766 1203 victoria.
808 1172 875 1203 Sed
900 1169 1023 1202 Paulus
1048 1170 1125 1201 dicit
1148 1179 1227 1201 esse
1250 1175 1253 1211 ξ

245 1216 346 1247 1310111
370 1216 550 1253 victoriam,
568 1222 602 1246 ut
625 1216 784 1247 exuberet
807 1226 907 1256 supra
931 1220 1115 1255 peccatum.
1160 1212 1227 1244 De-
1250 1217 1253 1256 ξ

246 1260 361 1291 bemus
387 1259 536 1300 cogitare
559 1257 683 1289 nullum
702 1264 826 1289 tantum
847 1268 923 1289 esse
943 1264 1129 1298 peccatum,
1150 1256 1226 1297 quin
1250 1259 1253 1280 ²·

244 1301 346 1333 Filius
369 1301 431 1333 Dei
456 1302 499 1332 sit
521 1302 635 1332 maior.
681 1301 739 1332 Est
764 1299 963 1332 contumelia
987 1301 1150 1330 adversus
1174 1298 1226 1329 Fi·
1250 1283 1252 1344 Ι

246 1344 322 1376 lium
346 1345 426 1382 Dei,
452 1345 612 1387 cogitare,
636 1346 724 1386 quod
747 1343 872 1376 nullum
896 1350 1069 1384 peccatum
1093 1342 1136 1373 sit
1158 1352 1225 1373 ma-

245 1390 296 1420 ius
322 1387 404 1420 filio
429 1387 502 1419 Dei.
548 1388 640 1419 Haec
663 1393 714 1418 est
737 1388 801 1419 ista
824 1386 931 1419 dulcis
954 1386 1105 1424 historia,
1128 1395 1226 1427 quam

245 1430 343 1462 hodie
366 1430 483 1473 legite,
519 1438 550 1462 et
574 1431 761 1462 exuscitate
785 1441 846 1462 vos
870 1431 968 1462 etiam
991 1430 1034 1461 ad
1057 1429 1226 1470 poeniten-

246 1475 340 1505 tiam.
364 1474 477 1513 fidem,
501 1480 531 1505 et
556 1474 808 1506 invocationem.

310 1671 548 1703 EXCERPTA
568 1670 632 1703 EX
655 1670 924 1703 RHAPSODHS
948 1667 1155 1701 ALlORUM

619 1730 854 1762 ANNORUM.

333 1817 518 1849 Conversio
554 1825 603 1848 est
639 1818 800 1859 quaedam
830 1816 984 1854 mutatio,
1019 1817 1051 1846 in
1082 1826 1148 1857 qua
1172 1824 1227 1845 ne-

247 1871 343 1892 cesse
367 1867 436 1898 est,
461 1862 546 1892 sicut
569 1862 601 1891 in
626 1860 862 1898 calefactione,
887 1860 958 1890 fieri
982 1859 1136 1890 diversos
1160 1868 1228 1888 mo-

248 1910 318 1936 tus:
345 1914 487 1935 necesse
516 1911 567 1935 est
597 1914 676 1935 esse
704 1903 990 1935 mortificationem
1019 1908 1051 1932 et
1080 1901 1227 1933 vivifica-

245 1948 379 1978 tionem.

335 2006 457 2049 Aliqua
478 2008 630 2039 contritio
655 2007 844 2038 necessaria
869 2015 916 2037 est
949 2006 1020 2036 sine
1043 2004 1112 2036 ulla
1136 2004 1228 2036 dubi-

248 2051 387 2082 tatione:
413 2051 489 2091 quia
512 2050 606 2081 Deus
636 2049 705 2080 vult
736 2048 889 2090 intelligi,
919 2054 950 2079 et
978 2046 1118 2089 agnosci
1146 2049 1228 2078 iram

247 2104 341 2125 suani
375 2093 538 2124 adversus
574 2100 745 2134 peccatum
775 2094 807 2123 in
834 2092 1000 2123 Ecclesia.

247 2147 310 2168 nos
335 2137 447 2167 vivere
469 2136 502 2166 in
526 2142 610 2167 tetra
634 2136 829 2174 securitate,
863 2142 892 2166 et
925 2135 1135 2177 neglectione
1158 2134 1228 2164 irae

249 2190 346 2217 suae,
370 2180 460 2210 iuxta
482 2177 577 2210 illud:
601 2178 767 2208 Remittunt
790 2180 834 2208 eis
853 2183 986 2217 pet-cata
1010 2188 1077 2215 sim,
1102 2178 1141 2206 tt'e
1163 2178 1227 2216 qui-

247 2222 302 2252 bus
325 2222 513 2252 erubeseunt.
560 2221 639 2252 Vult
662 2223 693 2252 in
716 2223 813 2252 nobis
837 2232 912 2252 esse
937 2220 1079 2262 aliquam
1100 2220 1228 2251 Contri-

247 2266 386 2305 tionem3
418 2266 450 2296 id
470 2271 536 2303 est,
564 2264 707 2306 aliquem
732 2264 880 2296 dolorem
904 2270 935 2295 et
957 2273 1132 2305 pavorem:
1161 2274 1228 2294 non

248 2307 317 2340 vult
344 2318 404 2339 nos
426 2309 538 2340 vivere
562 2309 592 2339 in
616 2306 673 2339 illa
697 2308 870 2339 barbarica
894 2309 1090 2344 securitate,
1112 2307 1145 2337 in
1169 2305 1226 2337 illo

249 2358 440 2393 contemptu
476 2358 508 2383 et
542 2350 699 2393 neglectu
732 2351 800 2381 irae
835 2361 930 2385 suae,
969 2349 1075 2391 qualis
1111 2355 1162 2380 est
1195 2349 1227 2380 in

248 2395 365 2436 impiis.
422 2394 462 2426 Et
495 2401 671 2436 propterea
706 2392 859 2425 Ecclesia
889 2394 1035 2435 inprimis
1071 2398 1227 2424 oneratur

247 2437 436 2480 ingentibus
461 2437 717 2475 calamitatibus,
740 2444 776 2468 ut
799 2438 904 2478 magis
928 2437 1050 2478 cogitet
1073 2436 1226 2467 iudicium

250 2486 282 2511 et
304 2482 387 2512 iram
410 2481 473 2512 Dei
496 2482 657 2513 adversus
680 2486 864 2522 peccatum.

335 2541 489 2570 Iudicium
518 2552 537 2570 a
567 2541 658 2571 domo
689 2541 818 2570 Domini
840 2540 962 2579 incipit.
1019 2539 1086 2569 11110
1110 2548 1226 2569 omnes

251 2583 454 2615 calamitates
478 2585 509 2615 in
535 2595 658 2626 genere
682 2584 842 2621 humano,
866 2589 941 2614 sunt
966 2589 1131 2623 tamquam
1155 2592 1227 2612 car-

251 2637 307 2657 cer
337 2625 439 2668 legis,
476 2633 508 2658 et
531 2637 660 2668 poenae
683 2634 914 2669 peccatorum,
949 2631 981 2657 et
1005 2624 1226 2656 commonefa-

252 2670 378 2701 ctiones
402 2670 443 2701 de
466 2671 514 2701 ira
539 2669 619 2708 Dei,
650 2677 683 2701 111
712 2669 882 2702 retrahant
911 2679 973 2700 nos
996 2669 1038 2699 ad
1061 2669 1226 2709 poeniten-

891 198 1000 230 Pfflth
1026 197 1128 230 MEL.
1151 196 1340 230 SCRIPTA
1361 196 1627 230 EXEGETiCA.

1253 994 1254 1003 ¹
1280 980 1359 1012 lum.

1252 1035 1254 1047 ·
1280 1032 1330 1055 est
1354 1026 1385 1055 in
1410 1025 1478 1062 his,
1513 1026 1567 1066 qui
1592 1032 1669 1056 sunt
1693 1027 1763 1056 sine
1788 1025 1920 1063 dolore,
1947 1026 2001 1066 qui
2026 1024 2117 1056 nullo
2141 1023 2259 1056 dolore

1058 2092 1132 2122 Non
1159 2090 1228 2121 vult
1254 2093 1255 2099 ¹

2208 200 2269 233 m

1256 307 1257 339 t
1283 293 1371 324 tiam.
1406 291 1584 324 Manasses
1608 292 1666 325 suit
1690 293 1808 334 impius
1833 303 1905 331 rex,
1929 294 2049 325 occidit
2071 295 2266 336 prophetas,

1283 334 1465 366 immolavit
1489 335 1592 375 filios,
1622 336 1736 367 babuit
1764 335 1935 367 horribilia
1964 343 2115 378 peccata:
2147 344 2267 378 postea

1283 384 1335 409 est
1358 379 1521 410 abductus
1546 380 1698 420 captivus
1721 380 1763 410 ab
1787 378 1950 410 hostibus.
1987 379 2045 410 llla
2069 390 2188 421 magna
2212 391 2265 412 ca-

1255 418 1257 425 ’
1282 420 1413 452 lamitas
1448 427 1479 452 et
1514 423 1647 463 propria
1677 427 1709 453 et
1743 422 1853 464 regni,
1886 422 1947 453 tuit
1977 423 2170 464 castigati0‚
2200 434 2266 465 qua

1280 464 1342 496 suit
1365 465 1552 496 admonitus
1577 466 1617 496 de
1640 466 1688 496 ira
1708 464 1783 504 Dei,
1806 471 1839 496 et
1861 466 2050 497 admonitus
2075 467 2185 506 coepit
2208 477 2265 498 ex-

1282 517 1476 548 pavescere.
1524 507 1600 537 Cum
1628 508 1818 542 indicamur,
1854 519 1874 537 a
1902 508 2037 537 Domino
2068 510 2264 548 corripimur,

1281 560 1318 580 ne
1342 561 1407 580 cum
1430 551 1490 579 Ιιοι·
1513 552 1625 580 mundo
1646 561 1816 590 pereamus.
1864 551 1924 582 Hic
1947 550 2072 583 Paulus
2097 551 2189 584 clare
2214 553 2261 584 di·

1284 594 1342 625 cit:
1367 595 1456 635 quod
1478 594 1552 625 ideo
1577 595 1757 636 castigetur
1779 592 1952 633 Ecclesia,
1975 601 2009 626 ut
2034 602 2260 627 convertatur.

1282 636 1357 668 Non
1382 643 1433 668 est
1456 638 1686 678 cogitandum,
1716 637 1790 668 Deo
1819 636 1953 678 placere
1982 636 2072 669 illam
2095 637 2263 670 carnalem

1281 681 1510 714 securitatem,
1547 681 1806 718 contumaciam,
1843 681 2014 711 insaniam.
2072 680 2133 711 Est
2156 679 2263 719 furor,

1281 734 1347 754 non
1383 724 1504 754 habere
1539 723 1681 765 aliquem
1715 734 1850 754 5011511111
1885 724 2012 754 timoris
2046 729 2078 754 et
2117 725 2263 765 pavoris,

1281 776 1355 797 cum
1379 767 1441 797 ista
1466 768 1587 797 misera
1611 773 1728 798 natura
1752 773 1817 797 tam
1841 764 2004 807 profunde
2027 776 2136 798 mersa
2158 767 2201 798 sit
2229 768 2261 797 in

1280 811 1437 850 peccatis.
1484 808 1754 841 Circumferimus
1777 816 1842 840 tam
1867 808 1970 841 multa
1992 815 2130 851 peccata
2153 810 2186 841 in
2207 820 2262 840 na-

1254 864 1255 869 *
1280 858 1373 890 tura,
1408 851 1543 884 multum
1571 852 1741 895 caliginis,
1775 851 1895 884 multas
1927 851 2031 884 malas
2055 853 2261 893 cupiditates,

1254 896 1255 904 ³
1281 894 1403 926 multos
1434 896 1573 927 vitiosos
1604 903 1728 936 motus,
1765 904 1798 927 et
1827 902 1934 926 tamen
1959 906 2024 926 non
2050 894 2136 927 velle
2159 906 2261 937 agno-

1281 948 1376 970 scere
1406 940 1486 970 113111
1516 939 1578 971 1)οἰ
1607 940 1770 970 adversus
1794 946 1949 980 peccata,
1978 945 2029 969 est
2052 939 2170 980 ingens
2194 949 2262 970 ma-

1405 981 1529 1013 Paulus
1552 984 1698 1014 nominat
1721 981 1761 1013 ad
1787 981 1910 1023 Ephes.
1935 982 2132 1021 ἀναλγησίαν,
2153 981 2262 1023 qualis

1280 1066 1472 1100 afficiuntur
1496 1074 1630 1109 propter
1655 1079 1715 1100 sua
1738 1074 1887 1110 peccata.

1392 1242 1461 1282 An
1494 1248 1695 1282 mereatur
1727 1241 1878 1295 aliquid
1911 1240 2140 1282 Contritio‘?

1365 1351 1528 1383 Contritio
1563 1362 1630 1382 non
1663 1358 1808 1382 meretur
1842 1351 2071 1383 remissionem
2106 1358 2262 1392 peccato-

1278 1405 1358 1426 rum.
1405 1394 1556 1432 VidetiS,
1581 1400 1722 1436 quantus
1747 1393 1842 1425 dolor
1864 1393 1963 1425 fuerit
1986 1395 2017 1425 in
2041 1394 2137 1429 Iuda;
2161 1404 2262 1436 quan-

1278 1443 1331 1469 tus
1355 1438 1387 1468 in
1411 1436 1528 1469 Saule:
1558 1437 1699 1479 denique
1728 1438 1760 1469 in
1792 1438 1962 1475 omnibus,
1997 1438 2264 1479 quandocunque

1278 1481 1438 1523 retegitur
1461 1491 1522 1512 seu
1539 1481 1724 1512 ostenditur
1745 1487 1933 1522 peccatum,
1949 1481 2094 1512 existunt
2109 1481 2262 1523 ingentes

1278 1530 1310 1555 et
1332 1522 1510 1555 horribiles
1530 1523 1678 1563 dolores,
1700 1530 1731 1556 et
1750 1531 1858 1555 tamen
1875 1534 1943 1554 non
1963 1529 2132 1556 merentur
2148 1524 2263 1555 remis-

1278 1568 1406 1598 sionem
1430 1574 1645 1608 peccatorum
1674 1574 1725 1599 est
1748 1567 1853 1599 solius
1877 1566 1949 1598 l-'ilii
1962 1566 2026 1598 Dei
2050 1566 2262 1599 beneficium:

1278 1616 1330 1641 est
1353 1611 1418 1641 hoc
1443 1611 1582 1649 bonum,
1611 1612 1700 1652 quod
1731 1611 1802 1652 ipse
1826 1620 1886 1641 sua
1909 1616 2036 1649 morte,
2067 1621 2129 1642 suo
2160 1611 2263 1643 sacri-

1278 1653 1355 1685 ficio
1390 1654 1507 1685 meruit
1541 1655 1655 1696 generi
1689 1654 1845 1685 humano,
1902 1652 2041 1685 Frustra
2071 1655 2168 1686 etiam
2197 1654 2262 1686 hoc

1278 1697 1430 1737 exigitur,
1445 1702 1480 1727 ut
1498 1698 1652 1729 contritio
1672 1698 1714 1728 sit
1731 1697 1923 1733 sufficiens3
1947 1697 2022 1738 quia
2040 1696 2133 1728 nulla
2149 1703 2263 1739 potest

1275 1749 1357 1771 esse
1391 1738 1580 1772 sufficiens:
1616 1746 1666 1778 et,
1700 1741 1729 1771 si
1765 1745 1934 1771 cresceret
1966 1741 2039 1771 sine
2067 1740 2149 1779 tide,
2183 1747 2262 1772 tunc

1280 1782 1380 1814 homo
1404 1783 1668 1820 emino-neretum
1697 1789 1750 1821 ut,
1779 1783 1811 1814 in
1836 1783 1916 1814 luda
1939 1783 2061 1814 crescit
2084 1785 2157 1815 sine
2180 1783 2260 1816 fide:

1280 1831 1313 1856 et
1336 1824 1392 1857 1110
1414 1809 1516 1858 dolo?
1533 1826 1592 1858 suit
1614 1827 1740 1858 initium
1763 1827 1878 1858 mortis
1901 1832 2067 1859 aeternae.

1354 2018 1578 2059 Discrimen
1610 2018 1762 2058 timoris
1794 2018 1921 2057 filialis
1954 2024 1996 2057 et
2028 2017 2188 2057 servilis.

1365 2117 1453 2148 Utile
1476 2124 1526 2148 est
1551 2124 1664 2148 tenere
1694 2117 1871 2147 discrimen
1895 2118 1981 2147 inter
2003 2118 2156 2148 timorem
2179 2115 2259 2147 filia-

1278 2159 1354 2198 lem,
1378 2167 1409 2192 01
1433 2161 1582 2192 timorem
1606 2158 1772 2191 servilem.
1818 2159 1930 2191 Timor
1953 2159 2075 2197 filialis,
2095 2166 2147 2191 est
2164 2159 2261 2190 timor

1279 2214 1352 2235 cum
1377 2203 1457 2234 fide:
1480 2203 1591 2234 Timor
1613 2201 1756 2237 servilis,
1782 2208 1833 2233 est
1856 2203 1954 2234 timor
1977 2204 2048 2234 sine
2071 2202 2145 2234 fide.
2181 2200 2260 2234 Illae

1279 2254 1354 2277 sunt
1379 2245 1610 2288 planissimae,
1636 2244 1913 2287 simplicissimae,
1936 2252 1969 2277 et
1992 2246 2203 2287 perspicuae,
2229 2251 2262 2276 et

1279 2289 1426 2321 illustres
1451 2289 1703 2330 descriptiones.
1760 2288 1795 2319 111
1820 2287 1951 2319 Davide
1979 2294 2032 2320 est
2059 2298 2199 2330 magnus
2223 2290 2260 2320 ti-

1252 2344 1254 2355 4
1278 2344 1369 2370 11101,
1392 2342 1512 2374 magna
1537 2332 1779 2370 consternatio,
1802 2341 1944 2373 magnus
1968 2341 2095 2372 pavor,
2127 2330 2260 2373 quando

1279 2377 1427 2418 arguitur
1455 2386 1475 2406 a
1502 2374 1650 2411 Nathan3
1684 2373 1786 2406 multo
1816 2375 1935 2412 maior,
1972 2374 2104 2416 quando
2128 2373 2261 2416 pellitur

1252 2443 1254 2455 ,
1278 2420 1312 2450 111
1335 2418 1484 2455 exilium
1515 2418 1575 2449 sed
1601 2418 1701 2449 vincit.
1729 2417 1816 2449 hunc
1840 2416 1990 2448 dolorem
2013 2415 2089 2448 fide.
2136 2417 2171 2448 Si
2193 2427 2260 2448 11011

1278 2467 1523 2494 sustentaretur
1545 2461 1577 2491 in
1602 2459 1656 2491 illo
1675 2462 1797 2502 gemitu
1815 2459 2026 2492 inenarrabili
2044 2459 2154 2502 aliqua
2173 2460 2260 2491 scin-

1251 2496 1253 2525 3
1278 2504 1385 2537 tillula
1408 2504 1501 2542 fidei,
1526 2504 1784 2546 extingueretur.
