<?xml version="1.0" encoding="UTF-8"?>
<!DOCTYPE html PUBLIC "-//W3C//DTD XHTML 1.0 Transitional//EN"
    "http://www.w3.org/TR/xhtml1/DTD/xhtml1-transitional.dtd">
<html xmlns="http://www.w3.org/1999/xhtml" xml:lang="en" lang="en">
 <head>
  <title>
</title>
<meta http-equiv="Content-Type" content="text/html;charset=utf-8" />
  <meta name='ocr-system' content='tesseract 3.04.00' />
  <meta name='ocr-capabilities' content='ocr_page ocr_carea ocr_par ocr_line ocrx_word'/>
</head>
<body>
  <div class='ocr_page' id='page_1' title='image "./operaquaesupersu25melauoft_0191.png"; bbox 0 0 2343 2970; ppageno 0'>
   <div class='ocr_carea' id='block_1_1' title="bbox 64 190 128 222">
    <p class='ocr_par' dir='ltr' id='par_1_1' title="bbox 64 190 128 222">
     <span class='ocr_line' id='line_1_1' title="bbox 64 190 128 222; baseline 0 0"><span class='ocrx_word' id='word_1_1' title='bbox 64 190 128 222; x_wconf 79' lang='lat'>353</span> 
     </span>
    </p>
   </div>
   <div class='ocr_carea' id='block_1_2' title="bbox 64 281 1046 445">
    <p class='ocr_par' dir='ltr' id='par_1_2' title="bbox 64 281 1046 445">
     <span class='ocr_line' id='line_1_2' title="bbox 64 281 1044 324; baseline -0.003 -8"><span class='ocrx_word' id='word_1_2' title='bbox 64 291 155 316; x_wconf 84' lang='lat' dir='ltr'>artes</span> <span class='ocrx_word' id='word_1_3' title='bbox 180 289 329 324; x_wconf 81' lang='lat' dir='ltr'><strong>repertae</strong></span> <span class='ocrx_word' id='word_1_4' title='bbox 356 288 443 313; x_wconf 81' lang='lat' dir='ltr'>sunt.</span> <span class='ocrx_word' id='word_1_5' title='bbox 489 282 564 313; x_wconf 86' lang='lat' dir='ltr'>Fuit</span> <span class='ocrx_word' id='word_1_6' title='bbox 596 282 640 314; x_wconf 93' lang='lat' dir='ltr'>ibi</span> <span class='ocrx_word' id='word_1_7' title='bbox 675 288 861 314; x_wconf 87' lang='lat' dir='ltr'>mercatura</span> <span class='ocrx_word' id='word_1_8' title='bbox 897 281 1044 314; x_wconf 87' lang='lat' dir='ltr'>celeber-</span> 
     </span>
     <span class='ocr_line' id='line_1_3' title="bbox 65 325 1045 368; baseline -0.003 -9"><span class='ocrx_word' id='word_1_9' title='bbox 65 328 162 359; x_wconf 85' lang='lat' dir='ltr'>rima:</span> <span class='ocrx_word' id='word_1_10' title='bbox 187 328 263 368; x_wconf 85' lang='lat' dir='ltr'>quia</span> <span class='ocrx_word' id='word_1_11' title='bbox 285 326 347 356; x_wconf 85' lang='lat' dir='ltr'>sita</span> <span class='ocrx_word' id='word_1_12' title='bbox 369 331 420 356; x_wconf 85' lang='lat' dir='ltr'>est</span> <span class='ocrx_word' id='word_1_13' title='bbox 442 325 525 356; x_wconf 73' lang='lat' dir='ltr'>urb·</span> <span class='ocrx_word' id='word_1_14' title='bbox 548 325 588 355; x_wconf 86' lang='lat' dir='ltr'>ad</span> <span class='ocrx_word' id='word_1_15' title='bbox 614 335 720 363; x_wconf 89' lang='lat' dir='ltr'>mare,</span> <span class='ocrx_word' id='word_1_16' title='bbox 743 326 784 356; x_wconf 89' lang='lat' dir='ltr'>ad</span> <span class='ocrx_word' id='word_1_17' title='bbox 808 331 933 366; x_wconf 88' lang='lat' dir='ltr'>partem</span> <span class='ocrx_word' id='word_1_18' title='bbox 957 325 1045 357; x_wconf 91' lang='lat' dir='ltr'>occi-</span> 
     </span>
     <span class='ocr_line' id='line_1_4' title="bbox 65 367 1045 402; baseline -0.004 0"><span class='ocrx_word' id='word_1_19' title='bbox 65 368 230 402; x_wconf 87' lang='lat' dir='ltr'>dentalem</span> <span class='ocrx_word' id='word_1_20' title='bbox 253 376 361 399; x_wconf 87' lang='lat' dir='ltr'>terrae</span> <span class='ocrx_word' id='word_1_21' title='bbox 389 367 610 399; x_wconf 84' lang='lat' dir='ltr'><strong>Palaestinae.</strong></span> <span class='ocrx_word' id='word_1_22' title='bbox 655 367 715 399; x_wconf 82' lang='lat' dir='ltr'>Est</span> <span class='ocrx_word' id='word_1_23' title='bbox 744 368 789 399; x_wconf 90' lang='lat' dir='ltr'>ibi</span> <span class='ocrx_word' id='word_1_24' title='bbox 822 369 955 399; x_wconf 84' lang='lat' dir='ltr'>inventa</span> <span class='ocrx_word' id='word_1_25' title='bbox 989 379 1045 400; x_wconf 84' lang='lat' dir='ltr'>ars</span> 
     </span>
     <span class='ocr_line' id='line_1_5' title="bbox 66 410 1046 445; baseline -0.003 0"><span class='ocrx_word' id='word_1_26' title='bbox 66 413 223 445; x_wconf 82' lang='lat' dir='ltr'>fundendi</span> <span class='ocrx_word' id='word_1_27' title='bbox 247 412 375 442; x_wconf 89' lang='lat' dir='ltr'>vitrum.</span> <span class='ocrx_word' id='word_1_28' title='bbox 422 410 613 442; x_wconf 76' lang='lat' dir='ltr'><strong>Piscatores</strong></span> <span class='ocrx_word' id='word_1_29' title='bbox 637 412 796 442; x_wconf 90' lang='lat' dir='ltr'>sederunt</span> <span class='ocrx_word' id='word_1_30' title='bbox 819 412 851 442; x_wconf 91' lang='lat' dir='ltr'>in</span> <span class='ocrx_word' id='word_1_31' title='bbox 875 410 984 443; x_wconf 85' lang='lat' dir='ltr'>littore</span> <span class='ocrx_word' id='word_1_32' title='bbox 1003 412 1046 442; x_wconf 89' lang='lat' dir='ltr'>ad</span> 
     </span>
    </p>
   </div>
   <div class='ocr_carea' id='block_1_3' title="bbox 66 452 1072 498">
    <p class='ocr_par' dir='ltr' id='par_1_3' title="bbox 66 452 1072 498">
     <span class='ocr_line' id='line_1_6' title="bbox 66 452 1072 498; baseline -0.003 -10"><span class='ocrx_word' id='word_1_33' title='bbox 66 457 185 498; x_wconf 83' lang='lat' dir='ltr'>ignem,</span> <span class='ocrx_word' id='word_1_34' title='bbox 208 462 242 486; x_wconf 90' lang='lat' dir='ltr'>ut</span> <span class='ocrx_word' id='word_1_35' title='bbox 265 452 487 485; x_wconf 80' lang='lat' dir='ltr'>calefacerent</span> <span class='ocrx_word' id='word_1_36' title='bbox 520 464 573 485; x_wconf 83' lang='lat' dir='ltr'>se:</span> <span class='ocrx_word' id='word_1_37' title='bbox 606 452 662 486; x_wconf 89' lang='lat' dir='ltr'>ille</span> <span class='ocrx_word' id='word_1_38' title='bbox 689 455 775 497; x_wconf 85' lang='lat' dir='ltr'>ignis</span> <span class='ocrx_word' id='word_1_39' title='bbox 810 464 891 486; x_wconf 78' lang='lat' dir='ltr'>casu</span> <span class='ocrx_word' id='word_1_40' title='bbox 926 455 1047 485; x_wconf 80' lang='lat' dir='ltr'>decidit</span> <span class='ocrx_word' id='word_1_41' title='bbox 1070 486 1072 490; x_wconf 24' lang='lat' dir='ltr'><strong>f</strong></span> 
     </span>
    </p>
   </div>
   <div class='ocr_carea' id='block_1_4' title="bbox 65 496 1047 709">
    <p class='ocr_par' dir='ltr' id='par_1_4' title="bbox 65 496 1047 709">
     <span class='ocr_line' id='line_1_7' title="bbox 65 496 1046 539; baseline -0.002 -9"><span class='ocrx_word' id='word_1_42' title='bbox 65 500 100 530; x_wconf 88' lang='lat' dir='ltr'>in</span> <span class='ocrx_word' id='word_1_43' title='bbox 121 508 256 535; x_wconf 76' lang='lat' dir='ltr'>arenas,</span> <span class='ocrx_word' id='word_1_44' title='bbox 287 507 372 538; x_wconf 91' lang='lat' dir='ltr'>quae</span> <span class='ocrx_word' id='word_1_45' title='bbox 401 507 474 528; x_wconf 91' lang='lat' dir='ltr'>cum</span> <span class='ocrx_word' id='word_1_46' title='bbox 506 504 728 538; x_wconf 82' lang='lat' dir='ltr'>coquerentur</span> <span class='ocrx_word' id='word_1_47' title='bbox 763 504 795 528; x_wconf 91' lang='lat' dir='ltr'>et</span> <span class='ocrx_word' id='word_1_48' title='bbox 827 496 1046 539; x_wconf 85' lang='lat' dir='ltr'>liquefierent,</span> 
     </span>
     <span class='ocr_line' id='line_1_8' title="bbox 65 548 210 573; baseline -0.007 0"><span class='ocrx_word' id='word_1_49' title='bbox 65 548 210 573; x_wconf 85' lang='lat' dir='ltr'>mutatae</span> 
     </span>
     <span class='ocr_line' id='line_1_9' title="bbox 65 582 1047 624; baseline -0.003 -8"><span class='ocrx_word' id='word_1_50' title='bbox 65 584 185 616; x_wconf 82' lang='lat' dir='ltr'>Habuit</span> <span class='ocrx_word' id='word_1_51' title='bbox 208 582 266 615; x_wconf 87' lang='lat' dir='ltr'>illa</span> <span class='ocrx_word' id='word_1_52' title='bbox 288 593 389 614; x_wconf 87' lang='lat' dir='ltr'>arena</span> <span class='ocrx_word' id='word_1_53' title='bbox 421 594 514 614; x_wconf 89' lang='lat' dir='ltr'>suam</span> <span class='ocrx_word' id='word_1_54' title='bbox 541 584 706 623; x_wconf 86' lang='lat' dir='ltr'>quandam</span> <span class='ocrx_word' id='word_1_55' title='bbox 739 584 987 624; x_wconf 73' lang='lat' dir='ltr'>proprietatem,</span> <span class='ocrx_word' id='word_1_56' title='bbox 1011 590 1047 615; x_wconf 82' lang='lat' dir='ltr'>ut</span> 
     </span>
     <span class='ocr_line' id='line_1_10' title="bbox 65 625 1045 668; baseline -0.002 -10"><span class='ocrx_word' id='word_1_57' title='bbox 65 626 163 658; x_wconf 84' lang='lat' dir='ltr'>facile</span> <span class='ocrx_word' id='word_1_58' title='bbox 185 625 373 668; x_wconf 85' lang='lat' dir='ltr'>liquefierit,</span> <span class='ocrx_word' id='word_1_59' title='bbox 396 633 427 657; x_wconf 89' lang='lat' dir='ltr'>et</span> <span class='ocrx_word' id='word_1_60' title='bbox 451 633 631 658; x_wconf 81' lang='lat' dir='ltr'>mutaretur</span> <span class='ocrx_word' id='word_1_61' title='bbox 654 627 686 657; x_wconf 92' lang='lat' dir='ltr'>in</span> <span class='ocrx_word' id='word_1_62' title='bbox 712 627 845 658; x_wconf 80' lang='lat' dir='ltr'>vitrum:</span> <span class='ocrx_word' id='word_1_63' title='bbox 880 626 959 658; x_wconf 87' lang='lat' dir='ltr'>Inde</span> <span class='ocrx_word' id='word_1_64' title='bbox 989 637 1045 657; x_wconf 88' lang='lat' dir='ltr'>ars</span> 
     </span>
     <span class='ocr_line' id='line_1_11' title="bbox 65 669 655 709; baseline -0.003 -7"><span class='ocrx_word' id='word_1_65' title='bbox 65 669 223 702; x_wconf 82' lang='lat' dir='ltr'>fundendi</span> <span class='ocrx_word' id='word_1_66' title='bbox 249 670 365 700; x_wconf 87' lang='lat' dir='ltr'>vitrum</span> <span class='ocrx_word' id='word_1_67' title='bbox 389 670 512 700; x_wconf 84' lang='lat' dir='ltr'>initium</span> <span class='ocrx_word' id='word_1_68' title='bbox 538 670 655 709; x_wconf 84' lang='lat' dir='ltr'>coepit.</span> 
     </span>
    </p>
   </div>
   <div class='ocr_carea' id='block_1_5' title="bbox 16 711 1073 841">
    <p class='ocr_par' dir='ltr' id='par_1_5' title="bbox 16 711 1073 841">
     <span class='ocr_line' id='line_1_12' title="bbox 151 711 1073 754; baseline 0 -11"><span class='ocrx_word' id='word_1_69' title='bbox 151 712 239 754; x_wconf 90' lang='lat' dir='ltr'>Tyrii</span> <span class='ocrx_word' id='word_1_70' title='bbox 263 712 396 744; x_wconf 70' lang='lat' dir='ltr'>fuerunt</span> <span class='ocrx_word' id='word_1_71' title='bbox 420 711 528 744; x_wconf 86' lang='lat' dir='ltr'>coloni</span> <span class='ocrx_word' id='word_1_72' title='bbox 542 712 764 750; x_wconf 84' lang='lat' dir='ltr'>Sidoniorum,</span> <span class='ocrx_word' id='word_1_73' title='bbox 797 720 853 744; x_wconf 91' lang='lat' dir='ltr'>aut</span> <span class='ocrx_word' id='word_1_74' title='bbox 871 712 972 754; x_wconf 85' lang='lat' dir='ltr'>aliqui</span> <span class='ocrx_word' id='word_1_75' title='bbox 998 722 1047 743; x_wconf 90' lang='lat' dir='ltr'>re·</span> <span class='ocrx_word' id='word_1_76' title='bbox 1071 727 1073 743; x_wconf 65' lang='lat' dir='ltr'>l</span> 
     </span>
     <span class='ocr_line' id='line_1_13' title="bbox 67 755 1073 793; baseline -0.001 -6"><span class='ocrx_word' id='word_1_77' title='bbox 67 755 172 787; x_wconf 76' lang='lat' dir='ltr'>belles</span> <span class='ocrx_word' id='word_1_78' title='bbox 197 762 229 787; x_wconf 89' lang='lat' dir='ltr'>et</span> <span class='ocrx_word' id='word_1_79' title='bbox 252 756 420 792; x_wconf 75' lang='lat' dir='ltr'>seditios13</span> <span class='ocrx_word' id='word_1_80' title='bbox 442 762 661 786; x_wconf 76' lang='lat' dir='ltr'>excesserunt</span> <span class='ocrx_word' id='word_1_81' title='bbox 685 766 725 786; x_wconf 79' lang='lat' dir='ltr'>ex</span> <span class='ocrx_word' id='word_1_82' title='bbox 749 756 891 793; x_wconf 85' lang='lat' dir='ltr'>Sidone,</span> <span class='ocrx_word' id='word_1_83' title='bbox 914 763 947 786; x_wconf 93' lang='lat' dir='ltr'>et</span> <span class='ocrx_word' id='word_1_84' title='bbox 972 765 1047 786; x_wconf 84' lang='lat' dir='ltr'>con-</span> <span class='ocrx_word' id='word_1_85' title='bbox 1072 760 1073 773; x_wconf 66' lang='lat'>¹</span> 
     </span>
     <span class='ocr_line' id='line_1_14' title="bbox 16 797 1048 841; baseline -0.001 -11"><span class='ocrx_word' id='word_1_86' title='bbox 16 805 23 809; x_wconf 80' lang='grc'><strong>“</strong></span> <span class='ocrx_word' id='word_1_87' title='bbox 66 800 218 831; x_wconf 88' lang='lat' dir='ltr'>diderunt</span> <span class='ocrx_word' id='word_1_88' title='bbox 241 799 387 841; x_wconf 69' lang='lat' dir='ltr'>Tyrum:</span> <span class='ocrx_word' id='word_1_89' title='bbox 412 805 528 839; x_wconf 87' lang='lat' dir='ltr'>postea</span> <span class='ocrx_word' id='word_1_90' title='bbox 551 797 659 840; x_wconf 83' lang='lat' dir='ltr'>Tyrus</span> <span class='ocrx_word' id='word_1_91' title='bbox 683 797 772 829; x_wconf 86' lang='lat' dir='ltr'>facta</span> <span class='ocrx_word' id='word_1_92' title='bbox 797 805 847 829; x_wconf 88' lang='lat' dir='ltr'>est</span> <span class='ocrx_word' id='word_1_93' title='bbox 871 799 1048 839; x_wconf 87' lang='lat' dir='ltr'>potentior,</span> 
     </span>
    </p>
   </div>
   <div class='ocr_carea' id='block_1_6' title="bbox 66 840 1052 1313">
    <p class='ocr_par' dir='ltr' id='par_1_6' title="bbox 66 840 1051 1184">
     <span class='ocr_line' id='line_1_15' title="bbox 66 840 1046 884; baseline -0.002 -11"><span class='ocrx_word' id='word_1_94' title='bbox 66 853 163 884; x_wconf 86' lang='lat' dir='ltr'>quam</span> <span class='ocrx_word' id='word_1_95' title='bbox 200 841 304 873; x_wconf 81' lang='lat' dir='ltr'>Sidon</span> <span class='ocrx_word' id='word_1_96' title='bbox 339 840 545 882; x_wconf 81' lang='lat' dir='ltr'>Metropolis.</span> <span class='ocrx_word' id='word_1_97' title='bbox 603 841 675 872; x_wconf 83' lang='lat' dir='ltr'>Rex</span> <span class='ocrx_word' id='word_1_98' title='bbox 709 841 789 883; x_wconf 86' lang='lat' dir='ltr'>Tyri</span> <span class='ocrx_word' id='word_1_99' title='bbox 823 840 882 874; x_wconf 81' lang='lat' dir='ltr'>fuit</span> <span class='ocrx_word' id='word_1_100' title='bbox 921 843 1046 873; x_wconf 80' lang='lat' dir='ltr'>amicus</span> 
     </span>
     <span class='ocr_line' id='line_1_16' title="bbox 66 884 1048 926; baseline -0.002 -9"><span class='ocrx_word' id='word_1_101' title='bbox 66 884 243 923; x_wconf 81' lang='lat' dir='ltr'>Salomoni,</span> <span class='ocrx_word' id='word_1_102' title='bbox 267 890 300 915; x_wconf 88' lang='lat' dir='ltr'>et</span> <span class='ocrx_word' id='word_1_103' title='bbox 322 885 409 915; x_wconf 80' lang='lat' dir='ltr'>misit</span> <span class='ocrx_word' id='word_1_104' title='bbox 431 886 458 915; x_wconf 89' lang='lat' dir='ltr'>ei</span> <span class='ocrx_word' id='word_1_105' title='bbox 482 884 642 915; x_wconf 84' lang='lat' dir='ltr'>artifices.</span> <span class='ocrx_word' id='word_1_106' title='bbox 687 884 764 916; x_wconf 89' lang='lat' dir='ltr'>Inde</span> <span class='ocrx_word' id='word_1_107' title='bbox 793 891 929 926; x_wconf 83' lang='lat' dir='ltr'>apparet</span> <span class='ocrx_word' id='word_1_108' title='bbox 952 885 1048 915; x_wconf 80' lang='lat' dir='ltr'>etiam</span> 
     </span>
     <span class='ocr_line' id='line_1_17' title="bbox 66 926 1047 970; baseline -0.003 -10"><span class='ocrx_word' id='word_1_109' title='bbox 66 927 187 960; x_wconf 87' lang='lat' dir='ltr'>multas</span> <span class='ocrx_word' id='word_1_110' title='bbox 212 935 301 958; x_wconf 85' lang='lat' dir='ltr'>artes</span> <span class='ocrx_word' id='word_1_111' title='bbox 326 928 369 958; x_wconf 90' lang='lat' dir='ltr'>ibi</span> <span class='ocrx_word' id='word_1_112' title='bbox 393 926 543 959; x_wconf 54' lang='lat' dir='ltr'>excultas</span> <span class='ocrx_word' id='word_1_113' title='bbox 562 927 676 959; x_wconf 77' lang='lat' dir='ltr'>fuisse.</span> <span class='ocrx_word' id='word_1_114' title='bbox 725 927 784 959; x_wconf 91' lang='lat' dir='ltr'>Ille</span> <span class='ocrx_word' id='word_1_115' title='bbox 808 939 866 959; x_wconf 81' lang='lat' dir='ltr'>rex</span> <span class='ocrx_word' id='word_1_116' title='bbox 889 927 979 970; x_wconf 85' lang='lat' dir='ltr'>Tyri,</span> <span class='ocrx_word' id='word_1_117' title='bbox 1002 934 1047 958; x_wconf 90' lang='lat' dir='ltr'>et-</span> 
     </span>
     <span class='ocr_line' id='line_1_18' title="bbox 67 969 1050 1011; baseline -0.002 -9"><span class='ocrx_word' id='word_1_118' title='bbox 67 973 95 1002; x_wconf 85' lang='lat' dir='ltr'>si</span> <span class='ocrx_word' id='word_1_119' title='bbox 127 970 187 1002; x_wconf 90' lang='lat' dir='ltr'>fuit</span> <span class='ocrx_word' id='word_1_120' title='bbox 210 969 381 1007; x_wconf 82' lang='lat' dir='ltr'>Ethnicus,</span> <span class='ocrx_word' id='word_1_121' title='bbox 415 978 523 1001; x_wconf 91' lang='lat' dir='ltr'>tamen</span> <span class='ocrx_word' id='word_1_122' title='bbox 557 969 616 1002; x_wconf 88' lang='lat' dir='ltr'>fuit</span> <span class='ocrx_word' id='word_1_123' title='bbox 651 971 700 1002; x_wconf 92' lang='lat' dir='ltr'>vir</span> <span class='ocrx_word' id='word_1_124' title='bbox 733 977 890 1009; x_wconf 75' lang='lat' dir='ltr'>sanctus,</span> <span class='ocrx_word' id='word_1_125' title='bbox 924 971 1050 1011; x_wconf 89' lang='lat' dir='ltr'>recepit</span> 
     </span>
     <span class='ocr_line' id='line_1_19' title="bbox 68 1012 1050 1055; baseline -0.001 -10"><span class='ocrx_word' id='word_1_126' title='bbox 68 1015 250 1045; x_wconf 85' lang='lat' dir='ltr'>doctrinam</span> <span class='ocrx_word' id='word_1_127' title='bbox 274 1012 384 1054; x_wconf 87' lang='lat' dir='ltr'>populi</span> <span class='ocrx_word' id='word_1_128' title='bbox 406 1013 467 1044; x_wconf 86' lang='lat' dir='ltr'>Dei</span> <span class='ocrx_word' id='word_1_129' title='bbox 492 1014 534 1044; x_wconf 85' lang='lat' dir='ltr'>de</span> <span class='ocrx_word' id='word_1_130' title='bbox 558 1015 789 1055; x_wconf 84' lang='lat' dir='ltr'>promissione,</span> <span class='ocrx_word' id='word_1_131' title='bbox 813 1015 899 1046; x_wconf 84' lang='lat' dir='ltr'>sicut</span> <span class='ocrx_word' id='word_1_132' title='bbox 918 1024 1050 1055; x_wconf 78' lang='lat' dir='ltr'>semper</span> 
     </span>
     <span class='ocr_line' id='line_1_20' title="bbox 67 1055 1050 1099; baseline -0.002 -10"><span class='ocrx_word' id='word_1_133' title='bbox 67 1057 167 1099; x_wconf 81' lang='lat' dir='ltr'>aliqui</span> <span class='ocrx_word' id='word_1_134' title='bbox 191 1057 410 1087; x_wconf 84' lang='lat' dir='ltr'>adiunxerunt</span> <span class='ocrx_word' id='word_1_135' title='bbox 437 1067 473 1087; x_wconf 85' lang='lat' dir='ltr'>se</span> <span class='ocrx_word' id='word_1_136' title='bbox 507 1056 680 1089; x_wconf 74' lang='lat' dir='ltr'>Ecclesiae</span> <span class='ocrx_word' id='word_1_137' title='bbox 715 1055 826 1098; x_wconf 85' lang='lat' dir='ltr'>populi</span> <span class='ocrx_word' id='word_1_138' title='bbox 861 1056 975 1094; x_wconf 85' lang='lat' dir='ltr'>Israel,</span> <span class='ocrx_word' id='word_1_139' title='bbox 1010 1067 1050 1088; x_wconf 85' lang='lat' dir='ltr'>ex</span> 
     </span>
     <span class='ocr_line' id='line_1_21' title="bbox 66 1099 1051 1141; baseline -0.002 -9"><span class='ocrx_word' id='word_1_140' title='bbox 66 1101 185 1132; x_wconf 87' lang='lat' dir='ltr'>vicinis</span> <span class='ocrx_word' id='word_1_141' title='bbox 204 1101 370 1140; x_wconf 76' lang='lat' dir='ltr'>gentibus.</span> <span class='ocrx_word' id='word_1_142' title='bbox 418 1099 511 1130; x_wconf 77' lang='lat' dir='ltr'>Deus</span> <span class='ocrx_word' id='word_1_143' title='bbox 535 1110 667 1140; x_wconf 77' lang='lat' dir='ltr'>semper</span> <span class='ocrx_word' id='word_1_144' title='bbox 691 1099 827 1141; x_wconf 76' lang='lat' dir='ltr'>collegit</span> <span class='ocrx_word' id='word_1_145' title='bbox 850 1101 910 1131; x_wconf 83' lang='lat' dir='ltr'>sibi</span> <span class='ocrx_word' id='word_1_146' title='bbox 935 1099 1051 1131; x_wconf 76' lang='lat' dir='ltr'>Eccle-</span> 
     </span>
     <span class='ocr_line' id='line_1_22' title="bbox 67 1141 778 1184; baseline -0.001 -9"><span class='ocrx_word' id='word_1_147' title='bbox 67 1144 151 1175; x_wconf 87' lang='lat' dir='ltr'>siam</span> <span class='ocrx_word' id='word_1_148' title='bbox 176 1141 318 1184; x_wconf 86' lang='lat' dir='ltr'>aliquam</span> <span class='ocrx_word' id='word_1_149' title='bbox 344 1153 383 1173; x_wconf 79' lang='lat' dir='ltr'>ex</span> <span class='ocrx_word' id='word_1_150' title='bbox 407 1143 560 1183; x_wconf 77' lang='lat' dir='ltr'>gentibus</span> <span class='ocrx_word' id='word_1_151' title='bbox 585 1150 615 1173; x_wconf 89' lang='lat' dir='ltr'>et</span> <span class='ocrx_word' id='word_1_152' title='bbox 640 1143 778 1174; x_wconf 85' lang='lat' dir='ltr'>ludaeis.</span> 
     </span>
    </p>

    <p class='ocr_par' dir='ltr' id='par_1_7' title="bbox 70 1183 1052 1313">
     <span class='ocr_line' id='line_1_23' title="bbox 158 1183 1052 1227; baseline 0 -11"><span class='ocrx_word' id='word_1_153' title='bbox 158 1185 320 1216; x_wconf 82' lang='lat' dir='ltr'>Dominus</span> <span class='ocrx_word' id='word_1_154' title='bbox 345 1185 433 1216; x_wconf 63' lang='lat' dir='ltr'>circ-2</span> <span class='ocrx_word' id='word_1_155' title='bbox 457 1184 511 1215; x_wconf 89' lang='lat' dir='ltr'>illa</span> <span class='ocrx_word' id='word_1_156' title='bbox 529 1183 603 1215; x_wconf 85' lang='lat' dir='ltr'>loca</span> <span class='ocrx_word' id='word_1_157' title='bbox 628 1195 730 1225; x_wconf 67' lang='lat' dir='ltr'>saepe</span> <span class='ocrx_word' id='word_1_158' title='bbox 754 1192 786 1216; x_wconf 87' lang='lat' dir='ltr'>et</span> <span class='ocrx_word' id='word_1_159' title='bbox 804 1184 941 1216; x_wconf 86' lang='lat' dir='ltr'>multum</span> <span class='ocrx_word' id='word_1_160' title='bbox 955 1196 1052 1227; x_wconf 82' lang='lat' dir='ltr'>vaga-</span> 
     </span>
     <span class='ocr_line' id='line_1_24' title="bbox 70 1227 1052 1269; baseline -0.001 -10"><span class='ocrx_word' id='word_1_161' title='bbox 70 1235 124 1259; x_wconf 85' lang='lat' dir='ltr'>tus</span> <span class='ocrx_word' id='word_1_162' title='bbox 149 1236 210 1259; x_wconf 86' lang='lat' dir='ltr'>est.</span> <span class='ocrx_word' id='word_1_163' title='bbox 244 1227 369 1259; x_wconf 85' lang='lat' dir='ltr'>Docuit</span> <span class='ocrx_word' id='word_1_164' title='bbox 392 1228 446 1265; x_wconf 78' lang='lat' dir='ltr'>ibi,</span> <span class='ocrx_word' id='word_1_165' title='bbox 473 1228 573 1258; x_wconf 86' lang='lat' dir='ltr'>edidit</span> <span class='ocrx_word' id='word_1_166' title='bbox 597 1239 718 1269; x_wconf 84' lang='lat' dir='ltr'>magna</span> <span class='ocrx_word' id='word_1_167' title='bbox 733 1227 904 1267; x_wconf 78' lang='lat' dir='ltr'>miracula,</span> <span class='ocrx_word' id='word_1_168' title='bbox 928 1229 1052 1259; x_wconf 86' lang='lat' dir='ltr'>disces-</span> 
     </span>
     <span class='ocr_line' id='line_1_25' title="bbox 70 1269 1052 1313; baseline 0 -11"><span class='ocrx_word' id='word_1_169' title='bbox 70 1272 169 1302; x_wconf 82' lang='lat' dir='ltr'>sitin</span> <span class='ocrx_word' id='word_1_170' title='bbox 193 1277 339 1302; x_wconf 80' lang='lat' dir='ltr'>extrema</span> <span class='ocrx_word' id='word_1_171' title='bbox 372 1269 430 1301; x_wconf 86' lang='lat' dir='ltr'>illa</span> <span class='ocrx_word' id='word_1_172' title='bbox 463 1269 551 1308; x_wconf 87' lang='lat' dir='ltr'>loca,</span> <span class='ocrx_word' id='word_1_173' title='bbox 576 1277 664 1302; x_wconf 89' lang='lat' dir='ltr'>metu</span> <span class='ocrx_word' id='word_1_174' title='bbox 697 1271 851 1309; x_wconf 85' lang='lat' dir='ltr'>Herodis,</span> <span class='ocrx_word' id='word_1_175' title='bbox 886 1272 940 1313; x_wconf 90' lang='lat' dir='ltr'>qui</span> <span class='ocrx_word' id='word_1_176' title='bbox 975 1277 1052 1302; x_wconf 84' lang='lat' dir='ltr'>tunc</span> 
     </span>
    </p>
   </div>
   <div class='ocr_carea' id='block_1_7' title="bbox 69 1312 1080 1346">
    <p class='ocr_par' dir='ltr' id='par_1_8' title="bbox 69 1312 1080 1346">
     <span class='ocr_line' id='line_1_26' title="bbox 69 1312 1080 1346; baseline -0.002 0"><span class='ocrx_word' id='word_1_177' title='bbox 69 1313 280 1346; x_wconf 72' lang='lat' dir='ltr'>interfecerat</span> <span class='ocrx_word' id='word_1_178' title='bbox 303 1313 496 1344; x_wconf 85' lang='lat' dir='ltr'>Iohannem:</span> <span class='ocrx_word' id='word_1_179' title='bbox 520 1313 642 1345; x_wconf 80' lang='lat' dir='ltr'>factum</span> <span class='ocrx_word' id='word_1_180' title='bbox 660 1315 693 1345; x_wconf 87' lang='lat' dir='ltr'>id</span> <span class='ocrx_word' id='word_1_181' title='bbox 717 1320 770 1345; x_wconf 90' lang='lat' dir='ltr'>est</span> <span class='ocrx_word' id='word_1_182' title='bbox 792 1324 879 1345; x_wconf 88' lang='lat' dir='ltr'>anno</span> <span class='ocrx_word' id='word_1_183' title='bbox 903 1314 1052 1346; x_wconf 87' lang='lat' dir='ltr'>secundo</span> <span class='ocrx_word' id='word_1_184' title='bbox 1078 1312 1080 1323; x_wconf 61' lang='lat'>&#39;¹</span> 
     </span>
    </p>
   </div>
   <div class='ocr_carea' id='block_1_8' title="bbox 67 1356 1055 2087">
    <p class='ocr_par' dir='ltr' id='par_1_9' title="bbox 67 1356 1055 2087">
     <span class='ocr_line' id='line_1_27' title="bbox 69 1356 1053 1398; baseline 0 -10"><span class='ocrx_word' id='word_1_185' title='bbox 69 1357 328 1398; x_wconf 80' lang='lat' dir='ltr'>praedicationis</span> <span class='ocrx_word' id='word_1_186' title='bbox 353 1356 484 1387; x_wconf 81' lang='lat' dir='ltr'>Christi.</span> <span class='ocrx_word' id='word_1_187' title='bbox 530 1356 673 1388; x_wconf 90' lang='lat' dir='ltr'>loannes</span> <span class='ocrx_word' id='word_1_188' title='bbox 699 1363 731 1388; x_wconf 91' lang='lat' dir='ltr'>et</span> <span class='ocrx_word' id='word_1_189' title='bbox 754 1356 907 1388; x_wconf 88' lang='lat' dir='ltr'>Christus</span> <span class='ocrx_word' id='word_1_190' title='bbox 931 1367 1053 1388; x_wconf 90' lang='lat' dir='ltr'>annum</span> 
     </span>
     <span class='ocr_line' id='line_1_28' title="bbox 67 1398 1054 1441; baseline 0 -10"><span class='ocrx_word' id='word_1_191' title='bbox 67 1410 168 1432; x_wconf 90' lang='lat' dir='ltr'>unum</span> <span class='ocrx_word' id='word_1_192' title='bbox 187 1398 286 1430; x_wconf 90' lang='lat' dir='ltr'>simul</span> <span class='ocrx_word' id='word_1_193' title='bbox 309 1400 504 1437; x_wconf 88' lang='lat' dir='ltr'>docuerunt,</span> <span class='ocrx_word' id='word_1_194' title='bbox 523 1410 591 1430; x_wconf 84' lang='lat' dir='ltr'>non</span> <span class='ocrx_word' id='word_1_195' title='bbox 613 1398 716 1431; x_wconf 91' lang='lat' dir='ltr'>multo</span> <span class='ocrx_word' id='word_1_196' title='bbox 739 1399 890 1441; x_wconf 85' lang='lat' dir='ltr'>amplius.</span> <span class='ocrx_word' id='word_1_197' title='bbox 937 1401 1054 1431; x_wconf 85' lang='lat' dir='ltr'>Seces-</span> 
     </span>
     <span class='ocr_line' id='line_1_29' title="bbox 69 1441 1054 1485; baseline 0 -11"><span class='ocrx_word' id='word_1_198' title='bbox 69 1443 112 1474; x_wconf 87' lang='lat' dir='ltr'>sit</span> <span class='ocrx_word' id='word_1_199' title='bbox 144 1443 242 1485; x_wconf 87' lang='lat' dir='ltr'>igitur</span> <span class='ocrx_word' id='word_1_200' title='bbox 276 1441 517 1484; x_wconf 82' lang='lat' dir='ltr'>aliquantisper</span> <span class='ocrx_word' id='word_1_201' title='bbox 552 1441 706 1474; x_wconf 87' lang='lat' dir='ltr'>Christus</span> <span class='ocrx_word' id='word_1_202' title='bbox 747 1442 835 1474; x_wconf 87' lang='lat' dir='ltr'>ultra</span> <span class='ocrx_word' id='word_1_203' title='bbox 868 1443 1054 1481; x_wconf 82' lang='lat' dir='ltr'>Iordanem,</span> 
     </span>
     <span class='ocr_line' id='line_1_30' title="bbox 69 1485 956 1528; baseline -0.001 -10"><span class='ocrx_word' id='word_1_204' title='bbox 69 1493 164 1519; x_wconf 79' lang='lat' dir='ltr'>extra</span> <span class='ocrx_word' id='word_1_205' title='bbox 185 1496 337 1528; x_wconf 81' lang='lat' dir='ltr'>regnum,</span> <span class='ocrx_word' id='word_1_206' title='bbox 360 1486 541 1526; x_wconf 87' lang='lat' dir='ltr'>imperium,</span> <span class='ocrx_word' id='word_1_207' title='bbox 564 1485 777 1517; x_wconf 87' lang='lat' dir='ltr'>tetrarchiam</span> <span class='ocrx_word' id='word_1_208' title='bbox 801 1485 956 1518; x_wconf 83' lang='lat' dir='ltr'>Herodis.</span> 
     </span>
     <span class='ocr_line' id='line_1_31' title="bbox 159 1528 1052 1572; baseline 0.002 -13"><span class='ocrx_word' id='word_1_209' title='bbox 159 1531 329 1571; x_wconf 83' lang='grc' dir='ltr'><em>Τετραρχία</em></span> <span class='ocrx_word' id='word_1_210' title='bbox 372 1528 453 1558; x_wconf 79' lang='lat' dir='ltr'>heist</span> <span class='ocrx_word' id='word_1_211' title='bbox 491 1530 541 1558; x_wconf 80' lang='lat' dir='ltr'>ein</span> <span class='ocrx_word' id='word_1_212' title='bbox 581 1528 801 1567; x_wconf 68' lang='lat' dir='ltr'>fzcrstentlcum.</span> <span class='ocrx_word' id='word_1_213' title='bbox 863 1528 1052 1572; x_wconf 86' lang='lat' dir='ltr'>Aliquando</span> 
     </span>
     <span class='ocr_line' id='line_1_32' title="bbox 70 1572 1053 1613; baseline 0.001 -10"><span class='ocrx_word' id='word_1_214' title='bbox 70 1573 175 1604; x_wconf 87' lang='lat' dir='ltr'>minor</span> <span class='ocrx_word' id='word_1_215' title='bbox 197 1578 263 1610; x_wconf 87' lang='lat' dir='ltr'>est,</span> <span class='ocrx_word' id='word_1_216' title='bbox 286 1581 385 1613; x_wconf 89' lang='lat' dir='ltr'>quam</span> <span class='ocrx_word' id='word_1_217' title='bbox 403 1582 552 1613; x_wconf 81' lang='lat' dir='ltr'>regnum.</span> <span class='ocrx_word' id='word_1_218' title='bbox 598 1572 677 1604; x_wconf 89' lang='lat' dir='ltr'>Ideo</span> <span class='ocrx_word' id='word_1_219' title='bbox 701 1578 811 1604; x_wconf 88' lang='lat' dir='ltr'>autem</span> <span class='ocrx_word' id='word_1_220' title='bbox 833 1580 974 1605; x_wconf 86' lang='lat' dir='ltr'>vocatur</span> <span class='ocrx_word' id='word_1_221' title='bbox 991 1572 1053 1604; x_wconf 91' lang='lat' dir='ltr'>Te-</span> 
     </span>
     <span class='ocr_line' id='line_1_33' title="bbox 71 1614 1052 1658; baseline 0.003 -13"><span class='ocrx_word' id='word_1_222' title='bbox 71 1614 227 1653; x_wconf 84' lang='lat' dir='ltr'>trarchia,</span> <span class='ocrx_word' id='word_1_223' title='bbox 251 1615 328 1656; x_wconf 87' lang='lat' dir='ltr'>quia</span> <span class='ocrx_word' id='word_1_224' title='bbox 348 1620 489 1655; x_wconf 86' lang='lat' dir='ltr'>quatuor</span> <span class='ocrx_word' id='word_1_225' title='bbox 512 1621 588 1646; x_wconf 86' lang='lat' dir='ltr'>sunt</span> <span class='ocrx_word' id='word_1_226' title='bbox 617 1622 731 1656; x_wconf 87' lang='lat' dir='ltr'>partes</span> <span class='ocrx_word' id='word_1_227' title='bbox 759 1616 908 1658; x_wconf 83' lang='lat' dir='ltr'>integrae</span> <span class='ocrx_word' id='word_1_228' title='bbox 932 1617 1052 1658; x_wconf 79' lang='lat' dir='ltr'>guber-</span> 
     </span>
     <span class='ocr_line' id='line_1_34' title="bbox 71 1658 1053 1700; baseline 0.001 -11"><span class='ocrx_word' id='word_1_229' title='bbox 71 1658 227 1689; x_wconf 83' lang='lat' dir='ltr'>nationis:</span> <span class='ocrx_word' id='word_1_230' title='bbox 256 1658 366 1689; x_wconf 89' lang='lat' dir='ltr'>Primo</span> <span class='ocrx_word' id='word_1_231' title='bbox 390 1663 442 1688; x_wconf 85' lang='lat' dir='ltr'>est</span> <span class='ocrx_word' id='word_1_232' title='bbox 465 1658 567 1696; x_wconf 88' lang='lat' dir='ltr'>curia,</span> <span class='ocrx_word' id='word_1_233' title='bbox 597 1659 649 1689; x_wconf 83' lang='lat' dir='ltr'>die</span> <span class='ocrx_word' id='word_1_234' title='bbox 675 1659 856 1700; x_wconf 75' lang='lat' dir='ltr'>Cantzeley3</span> <span class='ocrx_word' id='word_1_235' title='bbox 891 1660 1053 1697; x_wconf 85' lang='lat' dir='ltr'>secundo,</span> 
     </span>
     <span class='ocr_line' id='line_1_35' title="bbox 72 1699 1053 1744; baseline 0.003 -13"><span class='ocrx_word' id='word_1_236' title='bbox 72 1707 149 1731; x_wconf 88' lang='lat' dir='ltr'>sunt</span> <span class='ocrx_word' id='word_1_237' title='bbox 170 1700 305 1738; x_wconf 81' lang='lat' dir='ltr'>milites,</span> <span class='ocrx_word' id='word_1_238' title='bbox 330 1699 545 1737; x_wconf 80' lang='lat' dir='ltr'>defensores3</span> <span class='ocrx_word' id='word_1_239' title='bbox 569 1702 677 1739; x_wconf 88' lang='lat' dir='ltr'>tertio,</span> <span class='ocrx_word' id='word_1_240' title='bbox 711 1701 901 1743; x_wconf 81' lang='lat' dir='ltr'>agricolae3</span> <span class='ocrx_word' id='word_1_241' title='bbox 926 1709 1053 1744; x_wconf 88' lang='lat' dir='ltr'>postre-</span> 
     </span>
     <span class='ocr_line' id='line_1_36' title="bbox 71 1742 1054 1785; baseline 0.001 -10"><span class='ocrx_word' id='word_1_242' title='bbox 71 1753 139 1781; x_wconf 91' lang='lat' dir='ltr'>m0‚</span> <span class='ocrx_word' id='word_1_243' title='bbox 170 1743 317 1785; x_wconf 81' lang='lat' dir='ltr'>opifices.</span> <span class='ocrx_word' id='word_1_244' title='bbox 363 1742 510 1774; x_wconf 86' lang='lat' dir='ltr'>Comites</span> <span class='ocrx_word' id='word_1_245' title='bbox 539 1743 639 1784; x_wconf 87' lang='lat' dir='ltr'>paulo</span> <span class='ocrx_word' id='word_1_246' title='bbox 675 1746 892 1784; x_wconf 87' lang='lat' dir='ltr'>potentiores,</span> <span class='ocrx_word' id='word_1_247' title='bbox 929 1746 1054 1777; x_wconf 84' lang='lat' dir='ltr'>habent</span> 
     </span>
     <span class='ocr_line' id='line_1_37' title="bbox 71 1785 1054 1828; baseline 0.001 -11"><span class='ocrx_word' id='word_1_248' title='bbox 71 1786 136 1817; x_wconf 88' lang='lat' dir='ltr'>ista</span> <span class='ocrx_word' id='word_1_249' title='bbox 162 1793 312 1828; x_wconf 87' lang='lat' dir='ltr'>quatuor.</span> <span class='ocrx_word' id='word_1_250' title='bbox 369 1785 432 1816; x_wconf 80' lang='lat' dir='ltr'>Ein</span> <span class='ocrx_word' id='word_1_251' title='bbox 462 1786 634 1817; x_wconf 78' lang='lat' dir='ltr'>Edelmrmn</span> <span class='ocrx_word' id='word_1_252' title='bbox 666 1787 722 1816; x_wconf 81' lang='lat' dir='ltr'>Izat</span> <span class='ocrx_word' id='word_1_253' title='bbox 749 1787 835 1817; x_wconf 75' lang='lat' dir='ltr'>nicht</span> <span class='ocrx_word' id='word_1_254' title='bbox 869 1788 950 1817; x_wconf 74' lang='lat' dir='ltr'>melzr</span> <span class='ocrx_word' id='word_1_255' title='bbox 973 1789 1054 1819; x_wconf 66' lang='lat' dir='ltr'>devm</span> 
     </span>
     <span class='ocr_line' id='line_1_38' title="bbox 72 1828 1055 1868; baseline 0.005 -9"><span class='ocrx_word' id='word_1_256' title='bbox 72 1829 203 1868; x_wconf 70' lang='lat' dir='ltr'>dorffer:</span> <span class='ocrx_word' id='word_1_257' title='bbox 232 1840 298 1860; x_wconf 89' lang='lat' dir='ltr'>non</span> <span class='ocrx_word' id='word_1_258' title='bbox 328 1830 429 1860; x_wconf 90' lang='lat' dir='ltr'>habet</span> <span class='ocrx_word' id='word_1_259' title='bbox 463 1830 599 1863; x_wconf 83' lang='lat' dir='ltr'>curiam,</span> <span class='ocrx_word' id='word_1_260' title='bbox 633 1840 700 1861; x_wconf 91' lang='lat' dir='ltr'>non</span> <span class='ocrx_word' id='word_1_261' title='bbox 724 1828 972 1863; x_wconf 84' lang='lat' dir='ltr'>defensionem:</span> <span class='ocrx_word' id='word_1_262' title='bbox 1007 1831 1055 1861; x_wconf 80' lang='lat' dir='ltr'>Ist</span> 
     </span>
     <span class='ocr_line' id='line_1_39' title="bbox 70 1872 1053 1907; baseline 0.003 -5"><span class='ocrx_word' id='word_1_263' title='bbox 70 1872 157 1902; x_wconf 76' lang='lat' dir='ltr'>m‘cltt</span> <span class='ocrx_word' id='word_1_264' title='bbox 191 1874 240 1903; x_wconf 83' lang='lat' dir='ltr'>ein</span> <span class='ocrx_word' id='word_1_265' title='bbox 262 1873 380 1907; x_wconf 79' lang='lat' dir='ltr'>standt,</span> <span class='ocrx_word' id='word_1_266' title='bbox 418 1872 474 1901; x_wconf 78' lang='lat' dir='ltr'>der</span> <span class='ocrx_word' id='word_1_267' title='bbox 507 1883 565 1902; x_wconf 80' lang='lat' dir='ltr'>von</span> <span class='ocrx_word' id='word_1_268' title='bbox 599 1873 660 1902; x_wconf 63' lang='lat' dir='ltr'><em>illm</em></span> <span class='ocrx_word' id='word_1_269' title='bbox 693 1873 791 1902; x_wconf 80' lang='lat' dir='ltr'>selber</span> <span class='ocrx_word' id='word_1_270' title='bbox 824 1873 927 1903; x_wconf 80' lang='lat' dir='ltr'>schutz</span> <span class='ocrx_word' id='word_1_271' title='bbox 959 1874 1053 1905; x_wconf 69' lang='lat' dir='ltr'>hette-</span> 
     </span>
     <span class='ocr_line' id='line_1_40' title="bbox 72 1915 1054 1955; baseline 0.001 -11"><span class='ocrx_word' id='word_1_272' title='bbox 72 1915 134 1945; x_wconf 80' lang='lat' dir='ltr'>Ein</span> <span class='ocrx_word' id='word_1_273' title='bbox 171 1915 353 1954; x_wconf 72' lang='lat' dir='ltr'>herrsclzafft</span> <span class='ocrx_word' id='word_1_274' title='bbox 386 1916 450 1944; x_wconf 78' lang='lat' dir='ltr'>und</span> <span class='ocrx_word' id='word_1_275' title='bbox 480 1916 611 1955; x_wconf 71' lang='lat' dir='ltr'>volliyes</span> <span class='ocrx_word' id='word_1_276' title='bbox 654 1917 814 1955; x_wconf 76' lang='lat' dir='ltr'>reyiment,</span> <span class='ocrx_word' id='word_1_277' title='bbox 859 1927 923 1946; x_wconf 77' lang='lat' dir='ltr'>mus</span> <span class='ocrx_word' id='word_1_278' title='bbox 956 1917 1054 1946; x_wconf 78' lang='lat' dir='ltr'>haben</span> 
     </span>
     <span class='ocr_line' id='line_1_41' title="bbox 74 1957 1052 2000; baseline 0.003 -12"><span class='ocrx_word' id='word_1_279' title='bbox 74 1957 248 1998; x_wconf 73' lang='lat' dir='ltr'>Cantzeley‚</span> <span class='ocrx_word' id='word_1_280' title='bbox 266 1957 374 2000; x_wconf 82' lang='lat' dir='ltr'>leges,</span> <span class='ocrx_word' id='word_1_281' title='bbox 397 1959 527 1990; x_wconf 87' lang='lat' dir='ltr'>iudicia.</span> <span class='ocrx_word' id='word_1_282' title='bbox 560 1959 651 1997; x_wconf 86' lang='lat' dir='ltr'>Item,</span> <span class='ocrx_word' id='word_1_283' title='bbox 674 1959 788 1998; x_wconf 68' lang='lat' dir='ltr'>selum,</span> <span class='ocrx_word' id='word_1_284' title='bbox 812 1959 1052 1998; x_wconf 82' lang='lat' dir='ltr'>defensionem,</span> 
     </span>
     <span class='ocr_line' id='line_1_42' title="bbox 74 1999 1055 2042; baseline 0.001 -12"><span class='ocrx_word' id='word_1_285' title='bbox 74 1999 207 2038; x_wconf 87' lang='lat' dir='ltr'>milites,</span> <span class='ocrx_word' id='word_1_286' title='bbox 228 2001 442 2040; x_wconf 71' lang='lat' dir='ltr'>Rittersclzuffl</span> <span class='ocrx_word' id='word_1_287' title='bbox 466 2002 518 2031; x_wconf 81' lang='lat' dir='ltr'>die</span> <span class='ocrx_word' id='word_1_288' title='bbox 535 2003 608 2031; x_wconf 78' lang='lat' dir='ltr'>siml</span> <span class='ocrx_word' id='word_1_289' title='bbox 631 2004 663 2031; x_wconf 76' lang='lat' dir='ltr'>in</span> <span class='ocrx_word' id='word_1_290' title='bbox 687 2003 849 2040; x_wconf 81' lang='lat' dir='ltr'>excubiiS,</span> <span class='ocrx_word' id='word_1_291' title='bbox 872 2005 905 2032; x_wconf 81' lang='grc' dir='ltr'>ἰη</span> <span class='ocrx_word' id='word_1_292' title='bbox 923 2006 1055 2042; x_wconf 76' lang='lat' dir='ltr'>rustuny</span> 
     </span>
     <span class='ocr_line' id='line_1_43' title="bbox 77 2041 1055 2087; baseline 0.004 -14"><span class='ocrx_word' id='word_1_293' title='bbox 77 2048 192 2074; x_wconf 80' lang='lat' dir='ltr'>contra</span> <span class='ocrx_word' id='word_1_294' title='bbox 203 2041 391 2076; x_wconf 88' lang='lat' dir='ltr'>latrocinia:</span> <span class='ocrx_word' id='word_1_295' title='bbox 408 2045 579 2075; x_wconf 62' lang='lat' dir='ltr'>Naclzmals</span> <span class='ocrx_word' id='word_1_296' title='bbox 590 2044 775 2087; x_wconf 83' lang='lat' dir='ltr'>agricolas:</span> <span class='ocrx_word' id='word_1_297' title='bbox 800 2052 927 2087; x_wconf 87' lang='lat' dir='ltr'>quarto,</span> <span class='ocrx_word' id='word_1_298' title='bbox 951 2049 1055 2076; x_wconf 65' lang='lat' dir='ltr'>&#39;niisen</span> 
     </span>
    </p>
   </div>
   <div class='ocr_carea' id='block_1_9' title="bbox 76 2085 1082 2136">
    <p class='ocr_par' dir='ltr' id='par_1_10' title="bbox 76 2085 1082 2136">
     <span class='ocr_line' id='line_1_44' title="bbox 76 2085 1082 2136; baseline 0.007 -23"><span class='ocrx_word' id='word_1_299' title='bbox 76 2086 143 2116; x_wconf 79' lang='lat' dir='ltr'>sein</span> <span class='ocrx_word' id='word_1_300' title='bbox 170 2085 457 2122; x_wconf 74' lang='lat' dir='ltr'>lumdtwerclcsleut‚</span> <span class='ocrx_word' id='word_1_301' title='bbox 491 2089 574 2126; x_wconf 68' lang='lat' dir='ltr'>ausin</span> <span class='ocrx_word' id='word_1_302' title='bbox 596 2089 695 2128; x_wconf 80' lang='lat' dir='ltr'>dorffe</span> <span class='ocrx_word' id='word_1_303' title='bbox 713 2091 778 2119; x_wconf 80' lang='lat' dir='ltr'>sein</span> <span class='ocrx_word' id='word_1_304' title='bbox 800 2089 886 2119; x_wconf 76' lang='lat' dir='ltr'>nieht</span> <span class='ocrx_word' id='word_1_305' title='bbox 904 2089 1053 2130; x_wconf 77' lang='lat' dir='ltr'>opificeS,</span> <span class='ocrx_word' id='word_1_306' title='bbox 1078 2100 1082 2136; x_wconf 47' lang='lat' dir='ltr'>t</span> 
     </span>
    </p>
   </div>
   <div class='ocr_carea' id='block_1_10' title="bbox 73 2128 1059 2685">
    <p class='ocr_par' dir='ltr' id='par_1_11' title="bbox 77 2128 483 2171">
     <span class='ocr_line' id='line_1_45' title="bbox 77 2128 483 2171; baseline 0.01 -13"><span class='ocrx_word' id='word_1_307' title='bbox 77 2128 138 2160; x_wconf 85' lang='lat' dir='ltr'>sed</span> <span class='ocrx_word' id='word_1_308' title='bbox 161 2133 286 2159; x_wconf 88' lang='lat' dir='ltr'>tantum</span> <span class='ocrx_word' id='word_1_309' title='bbox 305 2129 483 2171; x_wconf 83' lang='lat' dir='ltr'>agricolae.</span> 
     </span>
    </p>

    <p class='ocr_par' dir='ltr' id='par_1_12' title="bbox 73 2169 1059 2685">
     <span class='ocr_line' id='line_1_46' title="bbox 163 2169 1053 2217; baseline 0.004 -16"><span class='ocrx_word' id='word_1_310' title='bbox 163 2169 317 2202; x_wconf 86' lang='lat' dir='ltr'>Christus</span> <span class='ocrx_word' id='word_1_311' title='bbox 352 2172 506 2205; x_wconf 85' lang='lat' dir='ltr'>discessit</span> <span class='ocrx_word' id='word_1_312' title='bbox 544 2175 576 2205; x_wconf 94' lang='lat' dir='ltr'>in</span> <span class='ocrx_word' id='word_1_313' title='bbox 612 2175 838 2207; x_wconf 87' lang='lat' dir='ltr'>Romanorum</span> <span class='ocrx_word' id='word_1_314' title='bbox 874 2176 1053 2217; x_wconf 87' lang='lat' dir='ltr'>imperium.</span> 
     </span>
     <span class='ocr_line' id='line_1_47' title="bbox 76 2211 1056 2258; baseline 0.005 -14"><span class='ocrx_word' id='word_1_315' title='bbox 76 2213 143 2245; x_wconf 89' lang='lat' dir='ltr'>Ista</span> <span class='ocrx_word' id='word_1_316' title='bbox 164 2211 241 2245; x_wconf 89' lang='lat' dir='ltr'>loca</span> <span class='ocrx_word' id='word_1_317' title='bbox 263 2220 342 2246; x_wconf 88' lang='lat' dir='ltr'>tunc</span> <span class='ocrx_word' id='word_1_318' title='bbox 365 2223 459 2246; x_wconf 90' lang='lat' dir='ltr'>erant</span> <span class='ocrx_word' id='word_1_319' title='bbox 481 2215 592 2258; x_wconf 91' lang='lat' dir='ltr'>populi</span> <span class='ocrx_word' id='word_1_320' title='bbox 616 2218 767 2250; x_wconf 86' lang='lat' dir='ltr'>Romani.</span> <span class='ocrx_word' id='word_1_321' title='bbox 808 2218 961 2250; x_wconf 86' lang='lat' dir='ltr'>Christus</span> <span class='ocrx_word' id='word_1_322' title='bbox 984 2223 1056 2250; x_wconf 90' lang='lat' dir='ltr'>erat</span> 
     </span>
     <span class='ocr_line' id='line_1_48' title="bbox 77 2257 1057 2303; baseline 0.004 -16"><span class='ocrx_word' id='word_1_323' title='bbox 77 2257 222 2297; x_wconf 88' lang='lat' dir='ltr'>scriptus</span> <span class='ocrx_word' id='word_1_324' title='bbox 245 2257 278 2288; x_wconf 91' lang='lat' dir='ltr'>in</span> <span class='ocrx_word' id='word_1_325' title='bbox 314 2258 437 2299; x_wconf 88' lang='lat' dir='ltr'>oppido</span> <span class='ocrx_word' id='word_1_326' title='bbox 471 2259 700 2300; x_wconf 89' lang='lat' dir='ltr'>Capernaum,</span> <span class='ocrx_word' id='word_1_327' title='bbox 735 2268 806 2293; x_wconf 87' lang='lat' dir='ltr'>erat</span> <span class='ocrx_word' id='word_1_328' title='bbox 840 2263 911 2293; x_wconf 88' lang='lat' dir='ltr'>eius</span> <span class='ocrx_word' id='word_1_329' title='bbox 946 2261 1057 2303; x_wconf 85' lang='lat' dir='ltr'>oppidi</span> 
     </span>
     <span class='ocr_line' id='line_1_49' title="bbox 77 2298 1057 2341; baseline 0.005 -11"><span class='ocrx_word' id='word_1_330' title='bbox 77 2298 199 2337; x_wconf 88' lang='lat' dir='ltr'>incola,</span> <span class='ocrx_word' id='word_1_331' title='bbox 218 2301 307 2341; x_wconf 89' lang='lat' dir='ltr'>quod</span> <span class='ocrx_word' id='word_1_332' title='bbox 329 2300 390 2332; x_wconf 88' lang='lat' dir='ltr'>fuit</span> <span class='ocrx_word' id='word_1_333' title='bbox 409 2302 591 2335; x_wconf 87' lang='lat' dir='ltr'>immediate</span> <span class='ocrx_word' id='word_1_334' title='bbox 612 2306 675 2337; x_wconf 89' lang='lat' dir='ltr'>sub</span> <span class='ocrx_word' id='word_1_335' title='bbox 688 2304 856 2337; x_wconf 82' lang='lat' dir='ltr'>Romanis.</span> <span class='ocrx_word' id='word_1_336' title='bbox 899 2305 973 2336; x_wconf 91' lang='lat' dir='ltr'>Non</span> <span class='ocrx_word' id='word_1_337' title='bbox 997 2304 1057 2336; x_wconf 92' lang='lat' dir='ltr'>fuit</span> 
     </span>
     <span class='ocr_line' id='line_1_50' title="bbox 77 2343 1057 2392; baseline 0.006 -20"><span class='ocrx_word' id='word_1_338' title='bbox 77 2343 296 2392; x_wconf 78' lang='lat' dir='ltr'>municipium,</span> <span class='ocrx_word' id='word_1_339' title='bbox 320 2344 381 2375; x_wconf 89' lang='lat' dir='ltr'>sed</span> <span class='ocrx_word' id='word_1_340' title='bbox 404 2345 558 2386; x_wconf 84' lang='lat' dir='ltr'>oppidum</span> <span class='ocrx_word' id='word_1_341' title='bbox 575 2348 754 2390; x_wconf 84' lang='lat' dir='ltr'>vectigale:</span> <span class='ocrx_word' id='word_1_342' title='bbox 773 2349 860 2381; x_wconf 89' lang='lat' dir='ltr'>sicut</span> <span class='ocrx_word' id='word_1_343' title='bbox 881 2348 975 2379; x_wconf 90' lang='lat' dir='ltr'>scitis</span> <span class='ocrx_word' id='word_1_344' title='bbox 999 2346 1057 2379; x_wconf 90' lang='lat' dir='ltr'>dif-</span> 
     </span>
     <span class='ocr_line' id='line_1_51' title="bbox 77 2382 1058 2432; baseline 0.007 -17"><span class='ocrx_word' id='word_1_345' title='bbox 77 2382 250 2416; x_wconf 80' lang='lat' dir='ltr'>ferentiam</span> <span class='ocrx_word' id='word_1_346' title='bbox 282 2387 366 2418; x_wconf 89' lang='lat' dir='ltr'>inter</span> <span class='ocrx_word' id='word_1_347' title='bbox 398 2389 624 2429; x_wconf 86' lang='lat' dir='ltr'>municipium,</span> <span class='ocrx_word' id='word_1_348' title='bbox 658 2390 834 2430; x_wconf 91' lang='lat' dir='ltr'>coloniam,</span> <span class='ocrx_word' id='word_1_349' title='bbox 869 2397 903 2423; x_wconf 94' lang='lat' dir='ltr'>et</span> <span class='ocrx_word' id='word_1_350' title='bbox 936 2392 1058 2432; x_wconf 88' lang='lat' dir='ltr'>oppida</span> 
     </span>
     <span class='ocr_line' id='line_1_52' title="bbox 77 2426 1059 2469; baseline 0.005 -11"><span class='ocrx_word' id='word_1_351' title='bbox 77 2426 263 2469; x_wconf 86' lang='lat' dir='ltr'>vectigalia.</span> <span class='ocrx_word' id='word_1_352' title='bbox 309 2429 461 2462; x_wconf 88' lang='lat' dir='ltr'>Herodes</span> <span class='ocrx_word' id='word_1_353' title='bbox 493 2431 548 2461; x_wconf 77' lang='lat' dir='ltr'>lzac</span> <span class='ocrx_word' id='word_1_354' title='bbox 575 2433 636 2463; x_wconf 71' lang='lat' dir='ltr'>ihm</span> <span class='ocrx_word' id='word_1_355' title='bbox 668 2435 701 2465; x_wconf 90' lang='lat' dir='ltr'>in</span> <span class='ocrx_word' id='word_1_356' title='bbox 730 2435 803 2466; x_wconf 87' lang='lat' dir='ltr'>istis</span> <span class='ocrx_word' id='word_1_357' title='bbox 837 2434 921 2466; x_wconf 90' lang='lat' dir='ltr'>locis</span> <span class='ocrx_word' id='word_1_358' title='bbox 954 2434 1059 2464; x_wconf 80' lang='lat' dir='ltr'>m’clzts</span> 
     </span>
     <span class='ocr_line' id='line_1_53' title="bbox 78 2470 1058 2521; baseline 0.007 -19"><span class='ocrx_word' id='word_1_359' title='bbox 78 2470 198 2509; x_wconf 69' lang='lat' dir='ltr'>durslen</span> <span class='ocrx_word' id='word_1_360' title='bbox 220 2470 302 2521; x_wconf 58' lang='lat' dir='ltr'>tlfun.</span> <span class='ocrx_word' id='word_1_361' title='bbox 347 2471 389 2504; x_wconf 84' lang='lat' dir='ltr'>Et</span> <span class='ocrx_word' id='word_1_362' title='bbox 422 2473 574 2507; x_wconf 89' lang='lat' dir='ltr'>Christus</span> <span class='ocrx_word' id='word_1_363' title='bbox 603 2475 707 2509; x_wconf 91' lang='lat' dir='ltr'>voluit</span> <span class='ocrx_word' id='word_1_364' title='bbox 733 2477 900 2518; x_wconf 89' lang='lat' dir='ltr'>complere</span> <span class='ocrx_word' id='word_1_365' title='bbox 924 2487 1058 2509; x_wconf 85' lang='lat' dir='ltr'>cursum</span> 
     </span>
     <span class='ocr_line' id='line_1_54' title="bbox 77 2516 1057 2561; baseline 0.006 -17"><span class='ocrx_word' id='word_1_366' title='bbox 77 2523 185 2548; x_wconf 85' lang='lat' dir='ltr'>suum,</span> <span class='ocrx_word' id='word_1_367' title='bbox 219 2520 306 2546; x_wconf 85' lang='lat' dir='ltr'>Slcut</span> <span class='ocrx_word' id='word_1_368' title='bbox 337 2516 539 2556; x_wconf 87' lang='lat' dir='ltr'>praedictum</span> <span class='ocrx_word' id='word_1_369' title='bbox 572 2517 659 2552; x_wconf 77' lang='lat' dir='ltr'>erat:</span> <span class='ocrx_word' id='word_1_370' title='bbox 699 2520 900 2561; x_wconf 69' lang='lat' dir='ltr'>confirmabit</span> <span class='ocrx_word' id='word_1_371' title='bbox 931 2524 1057 2560; x_wconf 73' lang='lat' dir='ltr'>paetum</span> 
     </span>
     <span class='ocr_line' id='line_1_55' title="bbox 78 2555 1057 2599; baseline 0.01 -14"><span class='ocrx_word' id='word_1_372' title='bbox 78 2555 181 2586; x_wconf 81' lang='lat' dir='ltr'>multis</span> <span class='ocrx_word' id='word_1_373' title='bbox 201 2556 391 2588; x_wconf 79' lang='lat' dir='ltr'>hebdomade</span> <span class='ocrx_word' id='word_1_374' title='bbox 408 2570 487 2599; x_wconf 83' lang='lat' dir='ltr'>una,</span> <span class='ocrx_word' id='word_1_375' title='bbox 511 2565 541 2592; x_wconf 84' lang='lat' dir='ltr'>et</span> <span class='ocrx_word' id='word_1_376' title='bbox 569 2563 602 2591; x_wconf 83' lang='lat' dir='ltr'>in</span> <span class='ocrx_word' id='word_1_377' title='bbox 624 2563 758 2594; x_wconf 79' lang='lat' dir='ltr'>dimidio</span> <span class='ocrx_word' id='word_1_378' title='bbox 779 2564 983 2594; x_wconf 76' lang='lat' dir='ltr'>hebdomadis</span> <span class='ocrx_word' id='word_1_379' title='bbox 1005 2564 1057 2593; x_wconf 81' lang='lat' dir='ltr'>de-</span> 
     </span>
     <span class='ocr_line' id='line_1_56' title="bbox 73 2599 1058 2642; baseline 0.009 -14"><span class='ocrx_word' id='word_1_380' title='bbox 73 2600 158 2638; x_wconf 81' lang='lat' dir='ltr'>ficiet</span> <span class='ocrx_word' id='word_1_381' title='bbox 179 2599 285 2630; x_wconf 80' lang='lat' dir='ltr'>hostia</span> <span class='ocrx_word' id='word_1_382' title='bbox 306 2605 336 2632; x_wconf 81' lang='lat' dir='ltr'>et</span> <span class='ocrx_word' id='word_1_383' title='bbox 353 2604 545 2642; x_wconf 80' lang='lat' dir='ltr'>sacrificium.</span> <span class='ocrx_word' id='word_1_384' title='bbox 590 2605 637 2636; x_wconf 82' lang='lat' dir='ltr'>Er</span> <span class='ocrx_word' id='word_1_385' title='bbox 654 2607 733 2638; x_wconf 81' lang='lat' dir='ltr'>solte</span> <span class='ocrx_word' id='word_1_386' title='bbox 753 2608 845 2637; x_wconf 83' lang='lat' dir='ltr'>ilmen</span> <span class='ocrx_word' id='word_1_387' title='bbox 866 2607 947 2638; x_wconf 80' lang='lat' dir='ltr'>noch</span> <span class='ocrx_word' id='word_1_388' title='bbox 971 2607 1058 2637; x_wconf 80' lang='lat' dir='ltr'>niclzt</span> 
     </span>
     <span class='ocr_line' id='line_1_57' title="bbox 78 2642 1056 2685; baseline 0.012 -15"><span class='ocrx_word' id='word_1_389' title='bbox 78 2643 111 2671; x_wconf 79' lang='lat' dir='ltr'>in</span> <span class='ocrx_word' id='word_1_390' title='bbox 133 2642 186 2671; x_wconf 78' lang='lat' dir='ltr'>die</span> <span class='ocrx_word' id='word_1_391' title='bbox 207 2642 306 2673; x_wconf 78' lang='lat' dir='ltr'>hende</span> <span class='ocrx_word' id='word_1_392' title='bbox 327 2644 474 2685; x_wconf 74' lang='lat' dir='ltr'>leommen,</span> <span class='ocrx_word' id='word_1_393' title='bbox 497 2657 529 2677; x_wconf 78' lang='lat' dir='ltr'>es</span> <span class='ocrx_word' id='word_1_394' title='bbox 550 2659 615 2678; x_wconf 82' lang='lat' dir='ltr'>war</span> <span class='ocrx_word' id='word_1_395' title='bbox 636 2650 716 2680; x_wconf 74' lang='lat' dir='ltr'>noch</span> <span class='ocrx_word' id='word_1_396' title='bbox 745 2651 831 2681; x_wconf 76' lang='lat' dir='ltr'>nicht</span> <span class='ocrx_word' id='word_1_397' title='bbox 853 2652 923 2682; x_wconf 78' lang='lat' dir='ltr'>zeit.</span> <span class='ocrx_word' id='word_1_398' title='bbox 968 2649 1056 2682; x_wconf 88' lang='lat' dir='ltr'>Dum</span> 
     </span>
    </p>
   </div>
   <div class='ocr_carea' id='block_1_11' title="bbox 233 2711 635 2738">
    <p class='ocr_par' dir='ltr' id='par_1_13' title="bbox 233 2711 635 2738">
     <span class='ocr_line' id='line_1_58' title="bbox 233 2711 635 2738; baseline 0.017 -8"><span class='ocrx_word' id='word_1_399' title='bbox 233 2711 378 2732; x_wconf 59' lang='lat' dir='ltr'><strong>MELARTH.</strong></span> <span class='ocrx_word' id='word_1_400' title='bbox 393 2714 473 2736; x_wconf 83' lang='lat' dir='ltr'>OPER.</span> <span class='ocrx_word' id='word_1_401' title='bbox 488 2715 552 2735; x_wconf 77' lang='lat' dir='ltr'>VOI..</span> <span class='ocrx_word' id='word_1_402' title='bbox 566 2717 635 2738; x_wconf 80' lang='lat' dir='ltr'>XXV.</span> 
     </span>
    </p>
   </div>
   <div class='ocr_carea' id='block_1_12' title="bbox 758 186 1397 221">
    <p class='ocr_par' dir='ltr' id='par_1_14' title="bbox 758 186 1397 221">
     <span class='ocr_line' id='line_1_59' title="bbox 758 186 1397 221; baseline -0.003 -2"><span class='ocrx_word' id='word_1_403' title='bbox 758 188 975 220; x_wconf 76' lang='lat' dir='ltr'>POSTILLA</span> <span class='ocrx_word' id='word_1_404' title='bbox 999 186 1397 221; x_wconf 80' lang='lat' dir='ltr'>MELANTIIONIANA.</span> 
     </span>
    </p>
   </div>
   <div class='ocr_carea' id='block_1_13' title="bbox 1068 281 1913 340">
    <p class='ocr_par' dir='ltr' id='par_1_15' title="bbox 1068 281 1913 340">
     <span class='ocr_line' id='line_1_60' title="bbox 1068 281 1913 340; baseline -0.005 -26"><span class='ocrx_word' id='word_1_405' title='bbox 1068 302 1072 340; x_wconf 54' lang='grc' dir='ltr'>Ι</span> <span class='ocrx_word' id='word_1_406' title='bbox 1096 290 1205 314; x_wconf 89' lang='lat' dir='ltr'>autem</span> <span class='ocrx_word' id='word_1_407' title='bbox 1228 281 1306 314; x_wconf 88' lang='lat' dir='ltr'>illuc</span> <span class='ocrx_word' id='word_1_408' title='bbox 1330 283 1468 320; x_wconf 87' lang='lat' dir='ltr'>secedit,</span> <span class='ocrx_word' id='word_1_409' title='bbox 1498 281 1534 313; x_wconf 84' lang='lat' dir='ltr'>fit</span> <span class='ocrx_word' id='word_1_410' title='bbox 1557 281 1600 313; x_wconf 89' lang='lat' dir='ltr'>ibi</span> <span class='ocrx_word' id='word_1_411' title='bbox 1625 290 1774 322; x_wconf 87' lang='lat' dir='ltr'>quoque;</span> <span class='ocrx_word' id='word_1_412' title='bbox 1803 286 1913 312; x_wconf 89' lang='lat' dir='ltr'>notus.</span> 
     </span>
    </p>
   </div>
   <div class='ocr_carea' id='block_1_14' title="bbox 244 539 1072 572">
    <p class='ocr_par' dir='ltr' id='par_1_16' title="bbox 244 539 1072 572">
     <span class='ocr_line' id='line_1_61' title="bbox 244 539 1072 572; baseline 0.001 -2"><span class='ocrx_word' id='word_1_413' title='bbox 244 546 320 571; x_wconf 87' lang='lat' dir='ltr'>sunt</span> <span class='ocrx_word' id='word_1_414' title='bbox 353 540 386 570; x_wconf 92' lang='lat' dir='ltr'>in</span> <span class='ocrx_word' id='word_1_415' title='bbox 420 539 509 571; x_wconf 92' lang='lat' dir='ltr'>illam</span> <span class='ocrx_word' id='word_1_416' title='bbox 542 539 681 571; x_wconf 84' lang='lat' dir='ltr'>formam</span> <span class='ocrx_word' id='word_1_417' title='bbox 715 546 747 571; x_wconf 91' lang='lat' dir='ltr'>et</span> <span class='ocrx_word' id='word_1_418' title='bbox 777 546 926 572; x_wconf 85' lang='lat' dir='ltr'>naturam</span> <span class='ocrx_word' id='word_1_419' title='bbox 962 541 1072 571; x_wconf 64' lang='lat' dir='ltr'>vitri.v</span> 
     </span>
    </p>
   </div>
   <div class='ocr_carea' id='block_1_15' title="bbox 2017 185 2081 218">
    <p class='ocr_par' dir='ltr' id='par_1_17' title="bbox 2017 185 2081 218">
     <span class='ocr_line' id='line_1_62' title="bbox 2017 185 2081 218; baseline 0.016 -1"><span class='ocrx_word' id='word_1_420' title='bbox 2017 185 2081 218; x_wconf 77' lang='lat'>354</span> 
     </span>
    </p>
   </div>
   <div class='ocr_carea' id='block_1_16' title="bbox 1096 279 2081 443">
    <p class='ocr_par' dir='ltr' id='par_1_18' title="bbox 1096 279 2081 443">
     <span class='ocr_line' id='line_1_63' title="bbox 1959 279 2080 311; baseline 0.008 -1"><span class='ocrx_word' id='word_1_421' title='bbox 1959 279 2080 311; x_wconf 89' lang='lat' dir='ltr'>Veniet</span> 
     </span>
     <span class='ocr_line' id='line_1_64' title="bbox 1096 321 2081 365; baseline -0.004 -9"><span class='ocrx_word' id='word_1_422' title='bbox 1096 327 1137 357; x_wconf 87' lang='lat' dir='ltr'>ad</span> <span class='ocrx_word' id='word_1_423' title='bbox 1162 337 1235 356; x_wconf 86' lang='lat' dir='ltr'>eum</span> <span class='ocrx_word' id='word_1_424' title='bbox 1259 326 1368 357; x_wconf 87' lang='lat' dir='ltr'>statim</span> <span class='ocrx_word' id='word_1_425' title='bbox 1392 325 1549 357; x_wconf 87' lang='lat' dir='ltr'>Cananae</span> <span class='ocrx_word' id='word_1_426' title='bbox 1572 323 1688 356; x_wconf 88' lang='lat' dir='ltr'>mulier</span> <span class='ocrx_word' id='word_1_427' title='bbox 1710 323 1990 365; x_wconf 84' lang='lat' dir='ltr'>Syrophoenissa.</span> <span class='ocrx_word' id='word_1_428' title='bbox 2020 321 2081 353; x_wconf 84' lang='lat' dir='ltr'>Illa</span> 
     </span>
     <span class='ocr_line' id='line_1_65' title="bbox 1097 366 2080 442; baseline -0.003 -43"><span class='ocrx_word' id='word_1_429' title='bbox 1097 370 1266 442; x_wconf 59' lang='grc' dir='ltr'><strong>1ιῑςῖονί83,</strong></span> <span class='ocrx_word' id='word_1_430' title='bbox 1292 368 1527 405; x_wconf 68' lang='lat' dir='ltr'>Grammaflca,</span> <span class='ocrx_word' id='word_1_431' title='bbox 1552 366 1690 408; x_wconf 89' lang='lat' dir='ltr'>puerilia</span> <span class='ocrx_word' id='word_1_432' title='bbox 1713 367 1842 398; x_wconf 89' lang='lat' dir='ltr'>debetis</span> <span class='ocrx_word' id='word_1_433' title='bbox 1866 366 2080 397; x_wconf 87' lang='lat' dir='ltr'>considerare</span> 
     </span>
     <span class='ocr_line' id='line_1_66' title="bbox 1097 419 1306 443; baseline -0.005 0"><span class='ocrx_word' id='word_1_434' title='bbox 1097 423 1128 443; x_wconf 79' lang='lat' dir='ltr'>in</span> <span class='ocrx_word' id='word_1_435' title='bbox 1166 419 1306 443; x_wconf 80' lang='lat' dir='ltr'>ectione.</span> 
     </span>
    </p>
   </div>
   <div class='ocr_carea' id='block_1_17' title="bbox 1276 558 1911 614">
    <p class='ocr_par' dir='ltr' id='par_1_19' title="bbox 1276 558 1911 614">
     <span class='ocr_line' id='line_1_67' title="bbox 1276 558 1911 614; baseline -0.005 -14"><span class='ocrx_word' id='word_1_436' title='bbox 1276 559 1398 610; x_wconf 84' lang='lat' dir='ltr'>Quod</span> <span class='ocrx_word' id='word_1_437' title='bbox 1431 559 1630 614; x_wconf 74' lang='lat' dir='ltr'>significat</span> <span class='ocrx_word' id='word_1_438' title='bbox 1670 558 1911 613; x_wconf 81' lang='lat' dir='ltr'>Decapolis‘?</span> 
     </span>
    </p>
   </div>
   <div class='ocr_carea' id='block_1_18' title="bbox 1098 648 2084 855">
    <p class='ocr_par' dir='ltr' id='par_1_20' title="bbox 1098 648 2084 855">
     <span class='ocr_line' id='line_1_68' title="bbox 1184 648 2083 691; baseline -0.001 -10"><span class='ocrx_word' id='word_1_439' title='bbox 1184 652 1240 683; x_wconf 90' lang='lat' dir='ltr'>Sic</span> <span class='ocrx_word' id='word_1_440' title='bbox 1265 652 1350 682; x_wconf 86' lang='lat' dir='ltr'>dicta</span> <span class='ocrx_word' id='word_1_441' title='bbox 1369 657 1421 682; x_wconf 87' lang='lat' dir='ltr'>est</span> <span class='ocrx_word' id='word_1_442' title='bbox 1444 648 1646 691; x_wconf 89' lang='lat' dir='ltr'>prafectura,</span> <span class='ocrx_word' id='word_1_443' title='bbox 1669 660 1753 691; x_wconf 88' lang='lat' dir='ltr'>quae</span> <span class='ocrx_word' id='word_1_444' title='bbox 1765 650 1954 680; x_wconf 82' lang='lat' dir='ltr'>continebat</span> <span class='ocrx_word' id='word_1_445' title='bbox 1968 650 2083 681; x_wconf 88' lang='lat' dir='ltr'>decem</span> 
     </span>
     <span class='ocr_line' id='line_1_69' title="bbox 1098 691 2082 736; baseline -0.004 -10"><span class='ocrx_word' id='word_1_446' title='bbox 1098 695 1268 736; x_wconf 89' lang='lat' dir='ltr'>oppidula,</span> <span class='ocrx_word' id='word_1_447' title='bbox 1292 695 1332 725; x_wconf 91' lang='lat' dir='ltr'>de</span> <span class='ocrx_word' id='word_1_448' title='bbox 1356 694 1476 735; x_wconf 86' lang='lat' dir='ltr'>quibus</span> <span class='ocrx_word' id='word_1_449' title='bbox 1501 694 1610 724; x_wconf 82' lang='lat' dir='ltr'>videte</span> <span class='ocrx_word' id='word_1_450' title='bbox 1635 691 1774 724; x_wconf 87' lang='lat' dir='ltr'>Plinium</span> <span class='ocrx_word' id='word_1_451' title='bbox 1797 692 1853 723; x_wconf 89' lang='lat' dir='ltr'>lib.</span> <span class='ocrx_word' id='word_1_452' title='bbox 1876 692 1908 730; x_wconf 81' lang='lat'>3,</span> <span class='ocrx_word' id='word_1_453' title='bbox 1933 703 2005 732; x_wconf 87' lang='lat' dir='ltr'>cap.</span> <span class='ocrx_word' id='word_1_454' title='bbox 2033 691 2082 723; x_wconf 78' lang='lat'>18.</span> 
     </span>
     <span class='ocr_line' id='line_1_70' title="bbox 1098 735 2083 775; baseline -0.002 -7"><span class='ocrx_word' id='word_1_455' title='bbox 1098 737 1206 769; x_wconf 92' lang='lat' dir='ltr'>Unum</span> <span class='ocrx_word' id='word_1_456' title='bbox 1231 749 1271 768; x_wconf 82' lang='lat' dir='ltr'>ex</span> <span class='ocrx_word' id='word_1_457' title='bbox 1295 736 1359 768; x_wconf 92' lang='lat' dir='ltr'>illis</span> <span class='ocrx_word' id='word_1_458' title='bbox 1390 736 1446 768; x_wconf 87' lang='lat' dir='ltr'>fuit</span> <span class='ocrx_word' id='word_1_459' title='bbox 1472 735 1583 775; x_wconf 80' lang='lat' dir='ltr'>Pella,</span> <span class='ocrx_word' id='word_1_460' title='bbox 1605 737 1660 767; x_wconf 88' lang='lat' dir='ltr'>ubi</span> <span class='ocrx_word' id='word_1_461' title='bbox 1684 741 1905 767; x_wconf 83' lang='lat' dir='ltr'>conservatae</span> <span class='ocrx_word' id='word_1_462' title='bbox 1934 742 2012 767; x_wconf 89' lang='lat' dir='ltr'>sunt</span> <span class='ocrx_word' id='word_1_463' title='bbox 2038 735 2083 766; x_wconf 89' lang='lat' dir='ltr'>di-</span> 
     </span>
     <span class='ocr_line' id='line_1_71' title="bbox 1098 777 2084 822; baseline -0.002 -11"><span class='ocrx_word' id='word_1_464' title='bbox 1098 781 1220 812; x_wconf 86' lang='lat' dir='ltr'>vinitus</span> <span class='ocrx_word' id='word_1_465' title='bbox 1244 779 1402 822; x_wconf 79' lang='lat' dir='ltr'>reliquiae</span> <span class='ocrx_word' id='word_1_466' title='bbox 1426 781 1563 821; x_wconf 88' lang='lat' dir='ltr'>piorum:</span> <span class='ocrx_word' id='word_1_467' title='bbox 1590 789 1675 821; x_wconf 86' lang='lat' dir='ltr'>quae</span> <span class='ocrx_word' id='word_1_468' title='bbox 1694 789 1735 810; x_wconf 81' lang='lat' dir='ltr'>ex</span> <span class='ocrx_word' id='word_1_469' title='bbox 1754 780 1836 810; x_wconf 89' lang='lat' dir='ltr'>urbe</span> <span class='ocrx_word' id='word_1_470' title='bbox 1850 777 2084 820; x_wconf 81' lang='lat' dir='ltr'>Hierosolyma</span> 
     </span>
     <span class='ocr_line' id='line_1_72' title="bbox 1098 823 1656 855; baseline -0.002 -1"><span class='ocrx_word' id='word_1_471' title='bbox 1098 830 1315 855; x_wconf 67' lang='lat' dir='ltr'>excesserant</span> <span class='ocrx_word' id='word_1_472' title='bbox 1339 830 1416 855; x_wconf 90' lang='lat' dir='ltr'>ante</span> <span class='ocrx_word' id='word_1_473' title='bbox 1439 823 1656 854; x_wconf 83' lang='lat' dir='ltr'>obsidionem.</span> 
     </span>
    </p>
   </div>
   <div class='ocr_carea' id='block_1_19' title="bbox 1069 344 1075 984">
    <p class='ocr_par' dir='ltr' id='par_1_21' title="bbox 1069 344 1075 984">
     <span class='ocr_line' id='line_1_73' title="bbox 1069 344 1075 984; baseline 0 0"><span class='ocrx_word' id='word_1_474' title='bbox 1069 344 1075 984; x_wconf 95' lang='lat' dir='ltr'> </span> 
     </span>
    </p>
   </div>
   <div class='ocr_carea' id='block_1_20' title="bbox 1079 2160 1264 2211">
    <p class='ocr_par' dir='ltr' id='par_1_22' title="bbox 1079 2160 1264 2211">
     <span class='ocr_line' id='line_1_74' title="bbox 1079 2160 1264 2211; baseline -0.005 -5"><span class='ocrx_word' id='word_1_475' title='bbox 1079 2160 1082 2211; x_wconf 63' lang='lat' dir='ltr'>l</span> <span class='ocrx_word' id='word_1_476' title='bbox 1109 2175 1264 2211; x_wconf 81' lang='lat' dir='ltr'>ctrinam3</span> 
     </span>
    </p>
   </div>
   <div class='ocr_carea' id='block_1_21' title="bbox 1074 970 2086 1102">
    <p class='ocr_par' dir='ltr' id='par_1_23' title="bbox 1074 970 2086 1102">
     <span class='ocr_line' id='line_1_75' title="bbox 1074 970 2086 1025; baseline -0.002 -13"><span class='ocrx_word' id='word_1_477' title='bbox 1074 973 1222 1013; x_wconf 19' lang='lat' dir='ltr'>*Estne</span> <span class='ocrx_word' id='word_1_478' title='bbox 1256 974 1331 1012; x_wconf 88' lang='lat' dir='ltr'>hac</span> <span class='ocrx_word' id='word_1_479' title='bbox 1365 973 1482 1012; x_wconf 81' lang='lat' dir='ltr'>lectio</span> <span class='ocrx_word' id='word_1_480' title='bbox 1509 971 1691 1011; x_wconf 78' lang='lat' dir='ltr'>doctrina</span> <span class='ocrx_word' id='word_1_481' title='bbox 1723 971 1821 1025; x_wconf 81' lang='lat' dir='ltr'>legis</span> <span class='ocrx_word' id='word_1_482' title='bbox 1855 970 1920 1010; x_wconf 88' lang='lat' dir='ltr'>vel</span> <span class='ocrx_word' id='word_1_483' title='bbox 1936 971 2086 1010; x_wconf 77' lang='lat' dir='ltr'>doctri-</span> 
     </span>
     <span class='ocr_line' id='line_1_76' title="bbox 1430 1048 1757 1102; baseline -0.006 -13"><span class='ocrx_word' id='word_1_484' title='bbox 1430 1064 1482 1089; x_wconf 86' lang='lat' dir='ltr'>na</span> <span class='ocrx_word' id='word_1_485' title='bbox 1523 1048 1757 1102; x_wconf 79' lang='lat' dir='ltr'>Evangelii?</span> 
     </span>
    </p>
   </div>
   <div class='ocr_carea' id='block_1_22' title="bbox 1078 1138 2100 2686">
    <p class='ocr_par' dir='ltr' id='par_1_24' title="bbox 1078 1138 2100 2686">
     <span class='ocr_line' id='line_1_77' title="bbox 1192 1138 2088 1181; baseline -0.002 -10"><span class='ocrx_word' id='word_1_486' title='bbox 1192 1139 1420 1181; x_wconf 74' lang='lat' dir='ltr'>principaliter</span> <span class='ocrx_word' id='word_1_487' title='bbox 1456 1140 1605 1171; x_wconf 88' lang='lat' dir='ltr'>doctrina</span> <span class='ocrx_word' id='word_1_488' title='bbox 1628 1138 1819 1180; x_wconf 80' lang='lat' dir='ltr'>Evangelii3</span> <span class='ocrx_word' id='word_1_489' title='bbox 1850 1140 1926 1180; x_wconf 86' lang='lat' dir='ltr'>quia</span> <span class='ocrx_word' id='word_1_490' title='bbox 1954 1144 2007 1170; x_wconf 89' lang='lat' dir='ltr'>est</span> <span class='ocrx_word' id='word_1_491' title='bbox 2037 1148 2088 1169; x_wconf 89' lang='lat' dir='ltr'>re-</span> 
     </span>
     <span class='ocr_line' id='line_1_78' title="bbox 1104 1180 2090 1224; baseline -0.003 -9"><span class='ocrx_word' id='word_1_492' title='bbox 1104 1185 1214 1215; x_wconf 81' lang='lat' dir='ltr'>citatio</span> <span class='ocrx_word' id='word_1_493' title='bbox 1239 1183 1405 1221; x_wconf 87' lang='lat' dir='ltr'>miraculi,</span> <span class='ocrx_word' id='word_1_494' title='bbox 1429 1184 1459 1213; x_wconf 88' lang='lat' dir='ltr'>in</span> <span class='ocrx_word' id='word_1_495' title='bbox 1484 1193 1549 1224; x_wconf 90' lang='lat' dir='ltr'>quo</span> <span class='ocrx_word' id='word_1_496' title='bbox 1574 1180 1675 1213; x_wconf 89' lang='lat' dir='ltr'>Filius</span> <span class='ocrx_word' id='word_1_497' title='bbox 1695 1181 1757 1213; x_wconf 88' lang='lat' dir='ltr'>Dei</span> <span class='ocrx_word' id='word_1_498' title='bbox 1781 1183 1925 1213; x_wconf 87' lang='lat' dir='ltr'>ostendit</span> <span class='ocrx_word' id='word_1_499' title='bbox 1943 1182 2090 1213; x_wconf 90' lang='lat' dir='ltr'>testimo-</span> 
     </span>
     <span class='ocr_line' id='line_1_79' title="bbox 1079 1224 2091 1266; baseline -0.002 -8"><span class='ocrx_word' id='word_1_500' title='bbox 1079 1249 1080 1266; x_wconf 68' lang='lat'>3</span> <span class='ocrx_word' id='word_1_501' title='bbox 1103 1228 1192 1259; x_wconf 88' lang='lat' dir='ltr'>nium</span> <span class='ocrx_word' id='word_1_502' title='bbox 1220 1227 1402 1264; x_wconf 87' lang='lat' dir='ltr'>doctrinae,</span> <span class='ocrx_word' id='word_1_503' title='bbox 1432 1233 1464 1257; x_wconf 88' lang='lat' dir='ltr'>et</span> <span class='ocrx_word' id='word_1_504' title='bbox 1487 1224 1585 1256; x_wconf 77' lang='lat' dir='ltr'>simul</span> <span class='ocrx_word' id='word_1_505' title='bbox 1609 1225 1725 1266; x_wconf 86' lang='lat' dir='ltr'>pingit,</span> <span class='ocrx_word' id='word_1_506' title='bbox 1759 1226 1833 1266; x_wconf 85' lang='lat' dir='ltr'>quis</span> <span class='ocrx_word' id='word_1_507' title='bbox 1868 1225 1911 1256; x_wconf 84' lang='lat' dir='ltr'>sit</span> <span class='ocrx_word' id='word_1_508' title='bbox 1940 1226 2023 1266; x_wconf 83' lang='lat' dir='ltr'>ipse,</span> <span class='ocrx_word' id='word_1_509' title='bbox 2058 1230 2091 1256; x_wconf 86' lang='lat' dir='ltr'>et</span> 
     </span>
     <span class='ocr_line' id='line_1_80' title="bbox 1078 1267 2091 1312; baseline -0.002 -12"><span class='ocrx_word' id='word_1_510' title='bbox 1078 1271 1080 1305; x_wconf 76' lang='grc' dir='ltr'>Ξ</span> <span class='ocrx_word' id='word_1_511' title='bbox 1104 1268 1211 1312; x_wconf 88' lang='lat' dir='ltr'>qualis</span> <span class='ocrx_word' id='word_1_512' title='bbox 1241 1270 1283 1300; x_wconf 90' lang='lat' dir='ltr'>sit</span> <span class='ocrx_word' id='word_1_513' title='bbox 1305 1268 1467 1306; x_wconf 84' lang='lat' dir='ltr'>Messias,</span> <span class='ocrx_word' id='word_1_514' title='bbox 1502 1278 1587 1310; x_wconf 91' lang='lat' dir='ltr'>quae</span> <span class='ocrx_word' id='word_1_515' title='bbox 1622 1268 1723 1299; x_wconf 82' lang='lat' dir='ltr'>donet</span> <span class='ocrx_word' id='word_1_516' title='bbox 1745 1268 1902 1299; x_wconf 84' lang='lat' dir='ltr'>Messias.</span> <span class='ocrx_word' id='word_1_517' title='bbox 1959 1267 2091 1299; x_wconf 91' lang='lat' dir='ltr'>Ethnici</span> 
     </span>
     <span class='ocr_line' id='line_1_81' title="bbox 1103 1310 2092 1351; baseline -0.003 -7"><span class='ocrx_word' id='word_1_518' title='bbox 1103 1314 1248 1344; x_wconf 87' lang='lat' dir='ltr'>riserunt</span> <span class='ocrx_word' id='word_1_519' title='bbox 1282 1311 1371 1343; x_wconf 85' lang='lat' dir='ltr'>hanc</span> <span class='ocrx_word' id='word_1_520' title='bbox 1411 1312 1612 1349; x_wconf 79' lang='lat' dir='ltr'>doctrinam,</span> <span class='ocrx_word' id='word_1_521' title='bbox 1658 1310 1872 1351; x_wconf 75' lang='lat' dir='ltr'>magnificere</span> <span class='ocrx_word' id='word_1_522' title='bbox 1907 1311 2092 1342; x_wconf 84' lang='lat' dir='ltr'>doctrinam</span> 
     </span>
     <span class='ocr_line' id='line_1_82' title="bbox 1103 1353 2093 1398; baseline -0.003 -11"><span class='ocrx_word' id='word_1_523' title='bbox 1103 1355 1200 1398; x_wconf 84' lang='lat' dir='ltr'>legis.</span> <span class='ocrx_word' id='word_1_524' title='bbox 1268 1354 1414 1386; x_wconf 83' lang='lat' dir='ltr'>lulianus</span> <span class='ocrx_word' id='word_1_525' title='bbox 1457 1354 1549 1385; x_wconf 86' lang='lat' dir='ltr'>dicit:</span> <span class='ocrx_word' id='word_1_526' title='bbox 1598 1353 1668 1385; x_wconf 91' lang='lat' dir='ltr'>Vos</span> <span class='ocrx_word' id='word_1_527' title='bbox 1692 1353 1870 1385; x_wconf 85' lang='lat' dir='ltr'>Christiani</span> <span class='ocrx_word' id='word_1_528' title='bbox 1894 1353 2093 1396; x_wconf 81' lang='lat' dir='ltr'>gloriamini,</span> 
     </span>
     <span class='ocr_line' id='line_1_83' title="bbox 1104 1395 2092 1440; baseline -0.002 -10"><span class='ocrx_word' id='word_1_529' title='bbox 1104 1409 1167 1430; x_wconf 87' lang='lat' dir='ltr'>vos</span> <span class='ocrx_word' id='word_1_530' title='bbox 1223 1397 1347 1430; x_wconf 86' lang='lat' dir='ltr'>habere</span> <span class='ocrx_word' id='word_1_531' title='bbox 1410 1398 1566 1439; x_wconf 86' lang='lat' dir='ltr'>optimam</span> <span class='ocrx_word' id='word_1_532' title='bbox 1623 1395 1750 1440; x_wconf 84' lang='lat' dir='ltr'>legem,</span> <span class='ocrx_word' id='word_1_533' title='bbox 1802 1397 1933 1429; x_wconf 76' lang='lat' dir='ltr'>scilicet</span> <span class='ocrx_word' id='word_1_534' title='bbox 1983 1396 2092 1428; x_wconf 86' lang='lat' dir='ltr'>Evan-</span> 
     </span>
     <span class='ocr_line' id='line_1_84' title="bbox 1105 1439 2093 1485; baseline -0.003 -11"><span class='ocrx_word' id='word_1_535' title='bbox 1105 1441 1238 1485; x_wconf 85' lang='lat' dir='ltr'>gelium.</span> <span class='ocrx_word' id='word_1_536' title='bbox 1292 1440 1430 1479; x_wconf 90' lang='lat' dir='ltr'>Contra,</span> <span class='ocrx_word' id='word_1_537' title='bbox 1466 1450 1528 1472; x_wconf 91' lang='lat' dir='ltr'>nos</span> <span class='ocrx_word' id='word_1_538' title='bbox 1558 1439 1690 1472; x_wconf 91' lang='lat' dir='ltr'>Ethnici</span> <span class='ocrx_word' id='word_1_539' title='bbox 1721 1439 1877 1472; x_wconf 88' lang='lat' dir='ltr'>meliores</span> <span class='ocrx_word' id='word_1_540' title='bbox 1908 1439 2002 1482; x_wconf 84' lang='lat' dir='ltr'>leges</span> <span class='ocrx_word' id='word_1_541' title='bbox 2033 1440 2093 1471; x_wconf 89' lang='lat' dir='ltr'>ha-</span> 
     </span>
     <span class='ocr_line' id='line_1_85' title="bbox 1104 1482 2094 1525; baseline -0.003 -8"><span class='ocrx_word' id='word_1_542' title='bbox 1104 1487 1230 1518; x_wconf 89' lang='lat' dir='ltr'>bemus.</span> <span class='ocrx_word' id='word_1_543' title='bbox 1275 1484 1430 1516; x_wconf 87' lang='lat' dir='ltr'>Nominat</span> <span class='ocrx_word' id='word_1_544' title='bbox 1470 1482 1705 1525; x_wconf 85' lang='lat' dir='ltr'>Phocylidem‚</span> <span class='ocrx_word' id='word_1_545' title='bbox 1737 1483 1771 1515; x_wconf 91' lang='lat' dir='ltr'>in</span> <span class='ocrx_word' id='word_1_546' title='bbox 1812 1494 1877 1525; x_wconf 92' lang='lat' dir='ltr'>quo</span> <span class='ocrx_word' id='word_1_547' title='bbox 1911 1489 1989 1515; x_wconf 90' lang='lat' dir='ltr'>sunt</span> <span class='ocrx_word' id='word_1_548' title='bbox 2022 1483 2094 1524; x_wconf 91' lang='lat' dir='ltr'>pul-</span> 
     </span>
     <span class='ocr_line' id='line_1_86' title="bbox 1105 1526 2094 1570; baseline -0.003 -10"><span class='ocrx_word' id='word_1_549' title='bbox 1105 1528 1290 1561; x_wconf 88' lang='lat' dir='ltr'>cherrimae</span> <span class='ocrx_word' id='word_1_550' title='bbox 1326 1526 1432 1570; x_wconf 84' lang='lat' dir='ltr'>leges.</span> <span class='ocrx_word' id='word_1_551' title='bbox 1474 1527 1548 1559; x_wconf 89' lang='lat' dir='ltr'>Fuit</span> <span class='ocrx_word' id='word_1_552' title='bbox 1571 1526 1657 1558; x_wconf 92' lang='lat' dir='ltr'>enim</span> <span class='ocrx_word' id='word_1_553' title='bbox 1696 1527 1785 1568; x_wconf 83' lang='lat' dir='ltr'>apud</span> <span class='ocrx_word' id='word_1_554' title='bbox 1817 1526 1979 1558; x_wconf 86' lang='lat' dir='ltr'>Ethnicos</span> <span class='ocrx_word' id='word_1_555' title='bbox 2013 1537 2094 1568; x_wconf 87' lang='lat' dir='ltr'>quo-</span> 
     </span>
     <span class='ocr_line' id='line_1_87' title="bbox 1105 1569 2095 1614; baseline -0.002 -10"><span class='ocrx_word' id='word_1_556' title='bbox 1105 1582 1169 1614; x_wconf 90' lang='lat' dir='ltr'>que</span> <span class='ocrx_word' id='word_1_557' title='bbox 1203 1572 1365 1613; x_wconf 88' lang='lat' dir='ltr'>sapientia</span> <span class='ocrx_word' id='word_1_558' title='bbox 1398 1569 1494 1612; x_wconf 82' lang='lat' dir='ltr'>legis.</span> <span class='ocrx_word' id='word_1_559' title='bbox 1556 1570 1680 1602; x_wconf 86' lang='lat' dir='ltr'>Postea</span> <span class='ocrx_word' id='word_1_560' title='bbox 1714 1569 1936 1602; x_wconf 88' lang='lat' dir='ltr'>calumniatur</span> <span class='ocrx_word' id='word_1_561' title='bbox 1970 1569 2095 1602; x_wconf 86' lang='lat' dir='ltr'>Christi</span> 
     </span>
     <span class='ocr_line' id='line_1_88' title="bbox 1105 1612 2094 1656; baseline -0.002 -9"><span class='ocrx_word' id='word_1_562' title='bbox 1105 1616 1194 1647; x_wconf 90' lang='lat' dir='ltr'>dicta</span> <span class='ocrx_word' id='word_1_563' title='bbox 1217 1621 1384 1656; x_wconf 88' lang='lat' dir='ltr'>tamquam</span> <span class='ocrx_word' id='word_1_564' title='bbox 1418 1614 1574 1646; x_wconf 84' lang='lat' dir='ltr'>absurda.</span> <span class='ocrx_word' id='word_1_565' title='bbox 1621 1613 1675 1643; x_wconf 85' lang='lat' dir='ltr'>Da</span> <span class='ocrx_word' id='word_1_566' title='bbox 1710 1615 1792 1642; x_wconf 72' lang='lat' dir='ltr'>omna·</span> <span class='ocrx_word' id='word_1_567' title='bbox 1819 1614 1951 1653; x_wconf 74' lang='lat' dir='ltr'>petenti.</span> <span class='ocrx_word' id='word_1_568' title='bbox 2002 1612 2094 1655; x_wconf 85' lang='lat' dir='ltr'>Ergo</span> 
     </span>
     <span class='ocr_line' id='line_1_89' title="bbox 1104 1656 2094 1696; baseline -0.005 -6"><span class='ocrx_word' id='word_1_569' title='bbox 1104 1658 1218 1690; x_wconf 86' lang='lat' dir='ltr'>tollitis</span> <span class='ocrx_word' id='word_1_570' title='bbox 1242 1668 1353 1690; x_wconf 84' lang='lat' dir='ltr'>rerum</span> <span class='ocrx_word' id='word_1_571' title='bbox 1377 1657 1633 1689; x_wconf 87' lang='lat' dir='ltr'>distinctionem.</span> <span class='ocrx_word' id='word_1_572' title='bbox 1678 1656 1779 1687; x_wconf 83' lang='lat' dir='ltr'>Item:</span> <span class='ocrx_word' id='word_1_573' title='bbox 1813 1656 1851 1686; x_wconf 73' lang='lat' dir='ltr'>St</span> <span class='ocrx_word' id='word_1_574' title='bbox 1881 1658 1951 1696; x_wconf 76' lang='lat' dir='ltr'>qais</span> <span class='ocrx_word' id='word_1_575' title='bbox 1974 1660 2004 1686; x_wconf 84' lang='lat' dir='ltr'>te</span> <span class='ocrx_word' id='word_1_576' title='bbox 2021 1667 2094 1695; x_wconf 82' lang='lat' dir='ltr'>per-</span> 
     </span>
     <span class='ocr_line' id='line_1_90' title="bbox 1106 1698 2094 1738; baseline 0 -7"><span class='ocrx_word' id='word_1_577' title='bbox 1106 1702 1237 1731; x_wconf 79' lang='lat' dir='ltr'>cusserit</span> <span class='ocrx_word' id='word_1_578' title='bbox 1259 1703 1291 1730; x_wconf 81' lang='lat' dir='ltr'>in</span> <span class='ocrx_word' id='word_1_579' title='bbox 1325 1702 1495 1738; x_wconf 77' lang='lat' dir='ltr'>sinistram,</span> <span class='ocrx_word' id='word_1_580' title='bbox 1515 1701 1647 1738; x_wconf 74' lang='lat' dir='ltr'>porriye</span> <span class='ocrx_word' id='word_1_581' title='bbox 1676 1701 1705 1728; x_wconf 76' lang='grc' dir='ltr'>εἰ</span> <span class='ocrx_word' id='word_1_582' title='bbox 1728 1703 1758 1729; x_wconf 82' lang='lat' dir='ltr'>ct</span> <span class='ocrx_word' id='word_1_583' title='bbox 1792 1699 1946 1729; x_wconf 73' lang='lat' dir='ltr'>dextram.</span> <span class='ocrx_word' id='word_1_584' title='bbox 1992 1698 2094 1731; x_wconf 86' lang='lat' dir='ltr'>Item:</span> 
     </span>
     <span class='ocr_line' id='line_1_91' title="bbox 1105 1741 2094 1784; baseline -0.003 -9"><span class='ocrx_word' id='word_1_585' title='bbox 1105 1745 1178 1776; x_wconf 88' lang='lat' dir='ltr'>Non</span> <span class='ocrx_word' id='word_1_586' title='bbox 1212 1744 1407 1773; x_wconf 76' lang='lat' dir='ltr'>vindicantes</span> <span class='ocrx_word' id='word_1_587' title='bbox 1440 1753 1504 1772; x_wconf 83' lang='lat' dir='ltr'>vos.</span> <span class='ocrx_word' id='word_1_588' title='bbox 1550 1741 1682 1773; x_wconf 90' lang='lat' dir='ltr'>Tollitis</span> <span class='ocrx_word' id='word_1_589' title='bbox 1718 1742 1818 1784; x_wconf 86' lang='lat' dir='ltr'>igitur</span> <span class='ocrx_word' id='word_1_590' title='bbox 1852 1741 2094 1780; x_wconf 84' lang='lat' dir='ltr'>defensionem,</span> 
     </span>
     <span class='ocr_line' id='line_1_92' title="bbox 1078 1764 2095 1826; baseline -0.003 -8"><span class='ocrx_word' id='word_1_591' title='bbox 1078 1764 1082 1804; x_wconf 68' lang='lat' dir='ltr'>l</span> <span class='ocrx_word' id='word_1_592' title='bbox 1105 1786 1221 1818; x_wconf 90' lang='lat' dir='ltr'>tollitis</span> <span class='ocrx_word' id='word_1_593' title='bbox 1244 1787 1316 1818; x_wconf 88' lang='lat' dir='ltr'>iura</span> <span class='ocrx_word' id='word_1_594' title='bbox 1339 1792 1488 1823; x_wconf 87' lang='lat' dir='ltr'>naturae,</span> <span class='ocrx_word' id='word_1_595' title='bbox 1512 1783 1626 1816; x_wconf 84' lang='lat' dir='ltr'>tollitis</span> <span class='ocrx_word' id='word_1_596' title='bbox 1650 1785 1784 1823; x_wconf 88' lang='lat' dir='ltr'>iudicia,</span> <span class='ocrx_word' id='word_1_597' title='bbox 1806 1783 1913 1826; x_wconf 84' lang='lat' dir='ltr'>leges,</span> <span class='ocrx_word' id='word_1_598' title='bbox 1936 1783 2095 1823; x_wconf 87' lang='lat' dir='ltr'>militiam,</span> 
     </span>
     <span class='ocr_line' id='line_1_93' title="bbox 1105 1827 2095 1869; baseline -0.001 -9"><span class='ocrx_word' id='word_1_599' title='bbox 1105 1828 1220 1861; x_wconf 75' lang='lat' dir='ltr'>tollitis</span> <span class='ocrx_word' id='word_1_600' title='bbox 1245 1835 1348 1860; x_wconf 87' lang='lat' dir='ltr'>totam</span> <span class='ocrx_word' id='word_1_601' title='bbox 1371 1828 1642 1860; x_wconf 88' lang='lat' dir='ltr'>constitutionem</span> <span class='ocrx_word' id='word_1_602' title='bbox 1667 1827 1894 1869; x_wconf 84' lang='lat' dir='ltr'>Reipublicae.</span> <span class='ocrx_word' id='word_1_603' title='bbox 1935 1828 2095 1859; x_wconf 89' lang='lat' dir='ltr'>Homines</span> 
     </span>
     <span class='ocr_line' id='line_1_94' title="bbox 1106 1869 2095 1914; baseline -0.002 -10"><span class='ocrx_word' id='word_1_604' title='bbox 1106 1872 1299 1914; x_wconf 89' lang='lat' dir='ltr'>eloquentes</span> <span class='ocrx_word' id='word_1_605' title='bbox 1323 1878 1356 1903; x_wconf 91' lang='lat' dir='ltr'>et</span> <span class='ocrx_word' id='word_1_606' title='bbox 1378 1872 1479 1904; x_wconf 86' lang='lat' dir='ltr'>astuti</span> <span class='ocrx_word' id='word_1_607' title='bbox 1502 1878 1643 1912; x_wconf 86' lang='lat' dir='ltr'>possunt</span> <span class='ocrx_word' id='word_1_608' title='bbox 1662 1869 1869 1903; x_wconf 86' lang='lat' dir='ltr'>labefactare</span> <span class='ocrx_word' id='word_1_609' title='bbox 1891 1872 1989 1903; x_wconf 88' lang='lat' dir='ltr'>etiam</span> <span class='ocrx_word' id='word_1_610' title='bbox 2000 1881 2095 1911; x_wconf 81' lang='lat' dir='ltr'>prae·</span> 
     </span>
     <span class='ocr_line' id='line_1_95' title="bbox 1107 1913 2094 1953; baseline -0.003 -6"><span class='ocrx_word' id='word_1_611' title='bbox 1107 1915 1197 1947; x_wconf 91' lang='lat' dir='ltr'>clare</span> <span class='ocrx_word' id='word_1_612' title='bbox 1222 1916 1322 1947; x_wconf 90' lang='lat' dir='ltr'>d1cta.</span> <span class='ocrx_word' id='word_1_613' title='bbox 1367 1914 1403 1946; x_wconf 94' lang='lat' dir='ltr'>In</span> <span class='ocrx_word' id='word_1_614' title='bbox 1433 1913 1614 1946; x_wconf 83' lang='lat' dir='ltr'>Salomone</span> <span class='ocrx_word' id='word_1_615' title='bbox 1638 1921 1705 1946; x_wconf 89' lang='lat' dir='ltr'>est:</span> <span class='ocrx_word' id='word_1_616' title='bbox 1753 1914 1916 1944; x_wconf 74' lang='lat' dir='ltr'>Calumnia</span> <span class='ocrx_word' id='word_1_617' title='bbox 1943 1914 2094 1953; x_wconf 78' lang='lat' dir='ltr'>perturba</span> 
     </span>
     <span class='ocr_line' id='line_1_96' title="bbox 1080 1957 2096 2002; baseline -0.002 -14"><span class='ocrx_word' id='word_1_618' title='bbox 1080 1968 1081 2002; x_wconf 43' lang='grc' dir='ltr'>ᾗ</span> <span class='ocrx_word' id='word_1_619' title='bbox 1105 1960 1283 1999; x_wconf 79' lang='lat' dir='ltr'>sapientem,</span> <span class='ocrx_word' id='word_1_620' title='bbox 1303 1962 1334 1988; x_wconf 84' lang='lat' dir='ltr'>et</span> <span class='ocrx_word' id='word_1_621' title='bbox 1357 1958 1551 1997; x_wconf 69' lang='lat' dir='ltr'>lanquefacit</span> <span class='ocrx_word' id='word_1_622' title='bbox 1575 1968 1629 1986; x_wconf 83' lang='lat' dir='ltr'>cor</span> <span class='ocrx_word' id='word_1_623' title='bbox 1659 1959 1734 1988; x_wconf 73' lang='lat' dir='ltr'>ems.</span> <span class='ocrx_word' id='word_1_624' title='bbox 1780 1958 1908 1987; x_wconf 65' lang='lat' dir='ltr'>Illas-het</span> <span class='ocrx_word' id='word_1_625' title='bbox 1937 1957 1989 1987; x_wconf 82' lang='grc' dir='ltr'><em>ίΙιη</em></span> <span class='ocrx_word' id='word_1_626' title='bbox 2019 1961 2096 1987; x_wconf 81' lang='lat' dir='ltr'>matt</span> 
     </span>
     <span class='ocr_line' id='line_1_97' title="bbox 1080 2000 1953 2042; baseline -0.001 -10"><span class='ocrx_word' id='word_1_627' title='bbox 1080 2031 1081 2042; x_wconf 33' lang='lat'>1</span> <span class='ocrx_word' id='word_1_628' title='bbox 1106 2003 1182 2032; x_wconf 77' lang='lat' dir='ltr'>oder</span> <span class='ocrx_word' id='word_1_629' title='bbox 1216 2001 1317 2031; x_wconf 78' lang='lat' dir='ltr'>macht</span> <span class='ocrx_word' id='word_1_630' title='bbox 1346 2001 1406 2030; x_wconf 80' lang='lat' dir='ltr'>ihm</span> <span class='ocrx_word' id='word_1_631' title='bbox 1439 2001 1531 2040; x_wconf 67' lang='lat' dir='ltr'>hang),</span> <span class='ocrx_word' id='word_1_632' title='bbox 1566 2001 1635 2030; x_wconf 76' lang='lat' dir='ltr'>tlmt</span> <span class='ocrx_word' id='word_1_633' title='bbox 1667 2000 1728 2030; x_wconf 76' lang='lat' dir='ltr'>ihm</span> <span class='ocrx_word' id='word_1_634' title='bbox 1758 2000 1828 2031; x_wconf 78' lang='lat' dir='ltr'>sehr</span> <span class='ocrx_word' id='word_1_635' title='bbox 1861 2001 1953 2031; x_wconf 77' lang='lat' dir='ltr'>welze.</span> 
     </span>
     <span class='ocr_line' id='line_1_98' title="bbox 1080 2042 1985 2086; baseline -0.002 -9"><span class='ocrx_word' id='word_1_636' title='bbox 1080 2072 1081 2081; x_wconf 66' lang='grc'>,</span> <span class='ocrx_word' id='word_1_637' title='bbox 1106 2045 1178 2077; x_wconf 82' lang='lat' dir='ltr'>scio</span> <span class='ocrx_word' id='word_1_638' title='bbox 1200 2044 1290 2076; x_wconf 83' lang='lat' dir='ltr'>aliud</span> <span class='ocrx_word' id='word_1_639' title='bbox 1312 2050 1379 2076; x_wconf 85' lang='lat' dir='ltr'>tam</span> <span class='ocrx_word' id='word_1_640' title='bbox 1402 2042 1575 2086; x_wconf 86' lang='lat' dir='ltr'>pulchrum</span> <span class='ocrx_word' id='word_1_641' title='bbox 1599 2044 1721 2075; x_wconf 88' lang='lat' dir='ltr'>dictum</span> <span class='ocrx_word' id='word_1_642' title='bbox 1745 2045 1786 2075; x_wconf 90' lang='lat' dir='ltr'>de</span> <span class='ocrx_word' id='word_1_643' title='bbox 1810 2043 1985 2076; x_wconf 84' lang='lat' dir='ltr'>calumnia.</span> 
     </span>
     <span class='ocr_line' id='line_1_99' title="bbox 1193 2086 2093 2129; baseline -0.001 -10"><span class='ocrx_word' id='word_1_644' title='bbox 1193 2087 1325 2119; x_wconf 90' lang='lat' dir='ltr'>Ethnici</span> <span class='ocrx_word' id='word_1_645' title='bbox 1347 2087 1520 2126; x_wconf 85' lang='lat' dir='ltr'>mirantur,</span> <span class='ocrx_word' id='word_1_646' title='bbox 1545 2087 1651 2129; x_wconf 86' lang='lat' dir='ltr'>qualis</span> <span class='ocrx_word' id='word_1_647' title='bbox 1675 2088 1716 2118; x_wconf 90' lang='lat' dir='ltr'>sit</span> <span class='ocrx_word' id='word_1_648' title='bbox 1740 2088 1890 2118; x_wconf 89' lang='lat' dir='ltr'>doctrina</span> <span class='ocrx_word' id='word_1_649' title='bbox 1909 2086 2093 2118; x_wconf 78' lang='lat' dir='ltr'>Ecclesiae.</span> 
     </span>
     <span class='ocr_line' id='line_1_100' title="bbox 1080 2129 2095 2173; baseline -0.001 -11"><span class='ocrx_word' id='word_1_650' title='bbox 1080 2138 1082 2153; x_wconf 60' lang='lat'><em>¹</em></span> <span class='ocrx_word' id='word_1_651' title='bbox 1106 2130 1253 2163; x_wconf 89' lang='lat' dir='ltr'>Iulianus</span> <span class='ocrx_word' id='word_1_652' title='bbox 1276 2130 1495 2173; x_wconf 79' lang='lat' dir='ltr'>Evangelium</span> <span class='ocrx_word' id='word_1_653' title='bbox 1519 2129 1769 2162; x_wconf 87' lang='lat' dir='ltr'>transformavit</span> <span class='ocrx_word' id='word_1_654' title='bbox 1802 2132 1834 2161; x_wconf 92' lang='lat' dir='ltr'>in</span> <span class='ocrx_word' id='word_1_655' title='bbox 1858 2129 2001 2172; x_wconf 86' lang='lat' dir='ltr'>legalem</span> <span class='ocrx_word' id='word_1_656' title='bbox 2038 2131 2095 2161; x_wconf 94' lang='lat' dir='ltr'>do-</span> 
     </span>
     <span class='ocr_line' id='line_1_101' title="bbox 1327 2173 2094 2215; baseline -0.001 -10"><span class='ocrx_word' id='word_1_657' title='bbox 1327 2174 1494 2215; x_wconf 83' lang='lat' dir='ltr'>excerpsit</span> <span class='ocrx_word' id='word_1_658' title='bbox 1539 2174 1628 2205; x_wconf 80' lang='lat' dir='ltr'>(licta</span> <span class='ocrx_word' id='word_1_659' title='bbox 1670 2174 1856 2215; x_wconf 62' lang='lat' dir='ltr'>quaedam,</span> <span class='ocrx_word' id='word_1_660' title='bbox 1906 2183 1992 2214; x_wconf 85' lang='lat' dir='ltr'>quae</span> <span class='ocrx_word' id='word_1_661' title='bbox 2048 2173 2094 2204; x_wconf 88' lang='lat' dir='ltr'>vi-</span> 
     </span>
     <span class='ocr_line' id='line_1_102' title="bbox 1081 2215 2094 2259; baseline -0.002 -10"><span class='ocrx_word' id='word_1_662' title='bbox 1081 2216 1083 2256; x_wconf 65' lang='lat'>[</span> <span class='ocrx_word' id='word_1_663' title='bbox 1109 2218 1273 2249; x_wconf 80' lang='lat' dir='ltr'>debantur</span> <span class='ocrx_word' id='word_1_664' title='bbox 1302 2226 1454 2258; x_wconf 83' lang='lat' dir='ltr'>pugnare</span> <span class='ocrx_word' id='word_1_665' title='bbox 1497 2227 1572 2248; x_wconf 91' lang='lat' dir='ltr'>cum</span> <span class='ocrx_word' id='word_1_666' title='bbox 1604 2216 1693 2259; x_wconf 80' lang='lat' dir='ltr'>lege,</span> <span class='ocrx_word' id='word_1_667' title='bbox 1730 2222 1762 2247; x_wconf 87' lang='lat' dir='ltr'>et</span> <span class='ocrx_word' id='word_1_668' title='bbox 1802 2227 1842 2248; x_wconf 81' lang='lat' dir='ltr'>ea</span> <span class='ocrx_word' id='word_1_669' title='bbox 1873 2215 2094 2248; x_wconf 84' lang='lat' dir='ltr'>calumniatus</span> 
     </span>
     <span class='ocr_line' id='line_1_103' title="bbox 1082 2259 2095 2297; baseline -0.003 -3"><span class='ocrx_word' id='word_1_670' title='bbox 1082 2266 1170 2294; x_wconf 45' lang='lat' dir='ltr'>lest.</span> <span class='ocrx_word' id='word_1_671' title='bbox 1217 2259 1343 2292; x_wconf 90' lang='lat' dir='ltr'>Verum</span> <span class='ocrx_word' id='word_1_672' title='bbox 1366 2270 1428 2291; x_wconf 92' lang='lat' dir='ltr'>nos</span> <span class='ocrx_word' id='word_1_673' title='bbox 1462 2260 1623 2297; x_wconf 78' lang='lat' dir='ltr'>sciamus,</span> <span class='ocrx_word' id='word_1_674' title='bbox 1658 2261 1842 2291; x_wconf 84' lang='lat' dir='ltr'>doctrinam</span> <span class='ocrx_word' id='word_1_675' title='bbox 1873 2260 2027 2290; x_wconf 82' lang='lat' dir='ltr'>traditam</span> <span class='ocrx_word' id='word_1_676' title='bbox 2062 2259 2095 2291; x_wconf 85' lang='lat' dir='ltr'>in</span> 
     </span>
     <span class='ocr_line' id='line_1_104' title="bbox 1082 2301 2094 2344; baseline -0.003 -9"><span class='ocrx_word' id='word_1_677' title='bbox 1082 2331 1084 2344; x_wconf 74' lang='lat'>,</span> <span class='ocrx_word' id='word_1_678' title='bbox 1108 2302 1261 2336; x_wconf 88' lang='lat' dir='ltr'>Ecclesia</span> <span class='ocrx_word' id='word_1_679' title='bbox 1283 2313 1343 2344; x_wconf 86' lang='lat' dir='ltr'>per</span> <span class='ocrx_word' id='word_1_680' title='bbox 1366 2301 1468 2336; x_wconf 86' lang='lat' dir='ltr'>filium</span> <span class='ocrx_word' id='word_1_681' title='bbox 1490 2301 1566 2342; x_wconf 92' lang='lat' dir='ltr'>Dei,</span> <span class='ocrx_word' id='word_1_682' title='bbox 1589 2313 1649 2344; x_wconf 91' lang='lat' dir='ltr'>per</span> <span class='ocrx_word' id='word_1_683' title='bbox 1674 2302 1871 2344; x_wconf 87' lang='lat' dir='ltr'>Prophetas,</span> <span class='ocrx_word' id='word_1_684' title='bbox 1897 2308 1929 2333; x_wconf 86' lang='lat' dir='ltr'>et</span> <span class='ocrx_word' id='word_1_685' title='bbox 1948 2302 2094 2343; x_wconf 79' lang='lat' dir='ltr'>Aposto-</span> 
     </span>
     <span class='ocr_line' id='line_1_105' title="bbox 1082 2344 2095 2389; baseline -0.001 -12"><span class='ocrx_word' id='word_1_686' title='bbox 1082 2347 1084 2384; x_wconf 56' lang='grc' dir='ltr'>Ἰ</span> <span class='ocrx_word' id='word_1_687' title='bbox 1108 2346 1161 2379; x_wconf 92' lang='lat' dir='ltr'>los</span> <span class='ocrx_word' id='word_1_688' title='bbox 1190 2356 1257 2378; x_wconf 88' lang='lat' dir='ltr'>non</span> <span class='ocrx_word' id='word_1_689' title='bbox 1279 2356 1359 2378; x_wconf 88' lang='lat' dir='ltr'>esse</span> <span class='ocrx_word' id='word_1_690' title='bbox 1380 2352 1505 2378; x_wconf 86' lang='lat' dir='ltr'>tantum</span> <span class='ocrx_word' id='word_1_691' title='bbox 1530 2356 1646 2378; x_wconf 89' lang='lat' dir='ltr'>vocem</span> <span class='ocrx_word' id='word_1_692' title='bbox 1668 2346 1766 2389; x_wconf 81' lang='lat' dir='ltr'>legis,</span> <span class='ocrx_word' id='word_1_693' title='bbox 1800 2346 1860 2377; x_wconf 86' lang='lat' dir='ltr'>sed</span> <span class='ocrx_word' id='word_1_694' title='bbox 1889 2355 1966 2376; x_wconf 77' lang='lat' dir='ltr'>esse</span> <span class='ocrx_word' id='word_1_695' title='bbox 1995 2344 2095 2377; x_wconf 52' lang='lat' dir='ltr'>aliam</span> 
     </span>
     <span class='ocr_line' id='line_1_106' title="bbox 1083 2388 2095 2431; baseline -0.001 -10"><span class='ocrx_word' id='word_1_696' title='bbox 1083 2392 1084 2398; x_wconf 61' lang='lat'>¹</span> <span class='ocrx_word' id='word_1_697' title='bbox 1110 2400 1229 2422; x_wconf 88' lang='lat' dir='ltr'>vocem</span> <span class='ocrx_word' id='word_1_698' title='bbox 1251 2390 1418 2431; x_wconf 90' lang='lat' dir='ltr'>propriam</span> <span class='ocrx_word' id='word_1_699' title='bbox 1440 2388 1633 2431; x_wconf 77' lang='lat' dir='ltr'>Evangelii,</span> <span class='ocrx_word' id='word_1_700' title='bbox 1656 2388 1809 2421; x_wconf 86' lang='lat' dir='ltr'>videlicet</span> <span class='ocrx_word' id='word_1_701' title='bbox 1830 2389 1871 2419; x_wconf 89' lang='grc'>(18</span> <span class='ocrx_word' id='word_1_702' title='bbox 1895 2388 2095 2420; x_wconf 86' lang='lat' dir='ltr'>remissione</span> 
     </span>
     <span class='ocr_line' id='line_1_107' title="bbox 1109 2432 2094 2475; baseline -0.003 -10"><span class='ocrx_word' id='word_1_703' title='bbox 1109 2438 1323 2475; x_wconf 83' lang='lat' dir='ltr'>peccatorum</span> <span class='ocrx_word' id='word_1_704' title='bbox 1356 2439 1492 2474; x_wconf 84' lang='lat' dir='ltr'>propter</span> <span class='ocrx_word' id='word_1_705' title='bbox 1527 2432 1643 2464; x_wconf 88' lang='lat' dir='ltr'>Filium</span> <span class='ocrx_word' id='word_1_706' title='bbox 1678 2433 1761 2470; x_wconf 91' lang='lat' dir='ltr'>Dei,</span> <span class='ocrx_word' id='word_1_707' title='bbox 1803 2432 1844 2462; x_wconf 90' lang='lat' dir='ltr'>de</span> <span class='ocrx_word' id='word_1_708' title='bbox 1877 2432 2094 2471; x_wconf 88' lang='lat' dir='ltr'>imputatione</span> 
     </span>
     <span class='ocr_line' id='line_1_108' title="bbox 1109 2474 2093 2517; baseline -0.001 -10"><span class='ocrx_word' id='word_1_709' title='bbox 1109 2477 1262 2514; x_wconf 87' lang='lat' dir='ltr'>iustitiae,</span> <span class='ocrx_word' id='word_1_710' title='bbox 1297 2476 1339 2507; x_wconf 90' lang='lat' dir='ltr'>de</span> <span class='ocrx_word' id='word_1_711' title='bbox 1372 2476 1553 2508; x_wconf 86' lang='lat' dir='ltr'>donatione</span> <span class='ocrx_word' id='word_1_712' title='bbox 1576 2476 1719 2517; x_wconf 90' lang='lat' dir='ltr'>Spiritus</span> <span class='ocrx_word' id='word_1_713' title='bbox 1743 2475 1850 2506; x_wconf 83' lang='lat' dir='ltr'>sancti</span> <span class='ocrx_word' id='word_1_714' title='bbox 1874 2480 1906 2504; x_wconf 89' lang='lat' dir='ltr'>et</span> <span class='ocrx_word' id='word_1_715' title='bbox 1928 2474 2015 2505; x_wconf 89' lang='lat' dir='ltr'>vitae</span> <span class='ocrx_word' id='word_1_716' title='bbox 2039 2483 2093 2506; x_wconf 88' lang='lat' dir='ltr'>ae-</span> 
     </span>
     <span class='ocr_line' id='line_1_109' title="bbox 1110 2517 2094 2559; baseline -0.002 -8"><span class='ocrx_word' id='word_1_717' title='bbox 1110 2526 1235 2552; x_wconf 86' lang='lat' dir='ltr'>ternae.</span> <span class='ocrx_word' id='word_1_718' title='bbox 1269 2518 1306 2550; x_wconf 91' lang='lat' dir='ltr'>In</span> <span class='ocrx_word' id='word_1_719' title='bbox 1328 2529 1468 2558; x_wconf 86' lang='lat' dir='ltr'>summa,</span> <span class='ocrx_word' id='word_1_720' title='bbox 1490 2519 1532 2550; x_wconf 83' lang='lat' dir='ltr'>de</span> <span class='ocrx_word' id='word_1_721' title='bbox 1554 2518 1722 2550; x_wconf 89' lang='lat' dir='ltr'>abolendo</span> <span class='ocrx_word' id='word_1_722' title='bbox 1756 2523 1909 2559; x_wconf 74' lang='lat' dir='ltr'>peccate,</span> <span class='ocrx_word' id='word_1_723' title='bbox 1943 2524 1975 2548; x_wconf 92' lang='lat' dir='ltr'>et</span> <span class='ocrx_word' id='word_1_724' title='bbox 1999 2517 2094 2549; x_wconf 88' lang='lat' dir='ltr'>resti-</span> 
     </span>
     <span class='ocr_line' id='line_1_110' title="bbox 1109 2560 2093 2602; baseline -0.005 -7"><span class='ocrx_word' id='word_1_725' title='bbox 1109 2563 1231 2595; x_wconf 88' lang='lat' dir='ltr'>tuenda</span> <span class='ocrx_word' id='word_1_726' title='bbox 1252 2562 1374 2593; x_wconf 90' lang='lat' dir='ltr'>iustitia</span> <span class='ocrx_word' id='word_1_727' title='bbox 1393 2568 1425 2593; x_wconf 93' lang='lat' dir='ltr'>et</span> <span class='ocrx_word' id='word_1_728' title='bbox 1448 2562 1516 2594; x_wconf 86' lang='lat' dir='ltr'>vita</span> <span class='ocrx_word' id='word_1_729' title='bbox 1537 2569 1686 2599; x_wconf 84' lang='lat' dir='ltr'>aeterna,</span> <span class='ocrx_word' id='word_1_730' title='bbox 1720 2562 1808 2592; x_wconf 88' lang='lat' dir='ltr'>sicut</span> <span class='ocrx_word' id='word_1_731' title='bbox 1835 2566 1946 2592; x_wconf 79' lang='lat' dir='ltr'>textus</span> <span class='ocrx_word' id='word_1_732' title='bbox 1975 2560 2093 2602; x_wconf 87' lang='lat' dir='ltr'>inquit:</span> 
     </span>
     <span class='ocr_line' id='line_1_111' title="bbox 1109 2603 2100 2646; baseline -0.002 -10"><span class='ocrx_word' id='word_1_733' title='bbox 1109 2606 1180 2636; x_wconf 73' lang='lat' dir='ltr'>Leae</span> <span class='ocrx_word' id='word_1_734' title='bbox 1197 2616 1257 2645; x_wconf 84' lang='lat' dir='ltr'>per</span> <span class='ocrx_word' id='word_1_735' title='bbox 1279 2605 1410 2646; x_wconf 80' lang='lat' dir='ltr'>Moysen</span> <span class='ocrx_word' id='word_1_736' title='bbox 1443 2605 1524 2635; x_wconf 82' lang='lat' dir='ltr'>data</span> <span class='ocrx_word' id='word_1_737' title='bbox 1545 2609 1606 2635; x_wconf 79' lang='lat' dir='ltr'>est:</span> <span class='ocrx_word' id='word_1_738' title='bbox 1640 2606 1746 2644; x_wconf 70' lang='lat' dir='ltr'>qratia</span> <span class='ocrx_word' id='word_1_739' title='bbox 1780 2607 1809 2634; x_wconf 80' lang='lat' dir='ltr'>et</span> <span class='ocrx_word' id='word_1_740' title='bbox 1832 2605 1948 2633; x_wconf 81' lang='lat' dir='ltr'>veritas</span> <span class='ocrx_word' id='word_1_741' title='bbox 1961 2613 2021 2643; x_wconf 83' lang='lat' dir='ltr'>per</span> <span class='ocrx_word' id='word_1_742' title='bbox 2047 2603 2100 2634; x_wconf 78' lang='lat' dir='ltr'>Ie-</span> 
     </span>
     <span class='ocr_line' id='line_1_112' title="bbox 1109 2648 1536 2686; baseline -0.005 -6"><span class='ocrx_word' id='word_1_743' title='bbox 1109 2660 1174 2680; x_wconf 84' lang='lat' dir='ltr'>sum</span> <span class='ocrx_word' id='word_1_744' title='bbox 1193 2648 1348 2680; x_wconf 73' lang='lat' dir='ltr'>Christum</span> <span class='ocrx_word' id='word_1_745' title='bbox 1366 2649 1458 2686; x_wconf 75' lang='lat' dir='ltr'>facta</span> <span class='ocrx_word' id='word_1_746' title='bbox 1481 2652 1536 2679; x_wconf 83' lang='lat' dir='ltr'>est.</span> 
     </span>
    </p>
   </div>
   <div class='ocr_carea' id='block_1_23' title="bbox 1076 1227 1085 1962">
    <p class='ocr_par' dir='ltr' id='par_1_25' title="bbox 1076 1227 1085 1962">
     <span class='ocr_line' id='line_1_113' title="bbox 1076 1227 1085 1962; baseline 0 0"><span class='ocrx_word' id='word_1_747' title='bbox 1076 1227 1085 1962; x_wconf 95' lang='lat' dir='ltr'> </span> 
     </span>
    </p>
   </div>
   <div class='ocr_carea' id='block_1_24' title="bbox 1998 2000 2096 2033">
    <p class='ocr_par' dir='ltr' id='par_1_26' title="bbox 1998 2000 2096 2033">
     <span class='ocr_line' id='line_1_114' title="bbox 1998 2000 2096 2033; baseline 0 -1"><span class='ocrx_word' id='word_1_748' title='bbox 1998 2000 2096 2033; x_wconf 85' lang='lat' dir='ltr'>Haud</span> 
     </span>
    </p>
   </div>
   <div class='ocr_carea' id='block_1_25' title="bbox 1835 2706 1869 2732">
    <p class='ocr_par' dir='ltr' id='par_1_27' title="bbox 1835 2706 1869 2732">
     <span class='ocr_line' id='line_1_115' title="bbox 1835 2706 1869 2732; baseline 0 0"><span class='ocrx_word' id='word_1_749' title='bbox 1835 2706 1869 2732; x_wconf 71' lang='lat'>22</span> 
     </span>
    </p>
   </div>
  </div>
 </body>
</html>
