2343 2970
112 180 177 213 945

110 277 181 319 111.
243 277 308 318 De
340 278 572 319 obedientia
613 277 751 318 debita
782 278 1016 332 parentibus
1048 283 1091 318 et,

329 338 381 378 de
413 338 625 379 collatione
650 337 868 382 ministerii.

196 461 254 494 ule
276 462 477 495 adolescens
501 464 721 504 obtemperat,
755 463 817 495 sed
840 462 952 495 habuit
981 467 1090 494 motus

110 505 301 548 singulares
325 506 468 545 divinos,
488 506 563 548 quia
586 512 639 538 est
650 511 790 538 vocatus
809 506 852 537 ad
863 506 1090 537 ministerium.

109 547 185 591 Vita
206 554 259 580 est
282 549 429 591 regenda
451 549 634 582 secundum
658 549 795 581 verbum
818 548 895 587 Dei,
918 549 950 580 in
974 547 1038 580 fide
1058 554 1092 580 et

108 592 278 633 operibus,
303 593 388 624 sicut
412 592 546 624 dicitur:
580 592 732 624 Lucerna
762 592 900 633 pedibus
920 592 997 623 meis
1019 601 1090 623 ver·
1114 586 1117 612 ¹

109 635 179 667 bum
213 639 308 666 tunna.
366 635 505 667 Honora
536 639 663 676 patrem
696 639 727 666 et
759 639 902 667 matrem.
965 633 1117 673 contra}

108 678 207 715 etiam
230 678 352 710 dictum
375 684 441 710 est:
460 678 499 710 Si
515 679 588 720 quis
607 679 683 718 plus
705 678 814 720 diligit
833 682 962 719 patrem
979 682 1009 709 et
1026 688 1090 710 ma-

107 724 188 752 trem
206 730 302 762 quam
331 732 395 760 me,
425 730 489 753 non
511 725 559 752 est
581 721 697 762 dignus
720 731 778 752 me.
830 721 971 762 Oportet
1000 726 1090 752 ante-

105 761 187 795 ferri
220 762 466 796 confessionem
500 764 670 795 doctrinae
701 764 864 796 mandatis
904 769 1088 806 parentum.

107 804 262 839 Christus
286 807 343 839 hat
364 807 462 838 sehon
489 807 557 838 sein
578 806 810 847 ministerium3
834 807 918 838 denn
940 817 977 838 er
999 811 1089 848 saqt:

106 848 267 887 Nescitis,
301 851 387 891 quod
409 851 442 881 in
464 849 533 887 his,
568 859 652 890 quae
680 851 790 891 patris
819 851 883 882 mei
910 854 983 882 sunt
1013 855 1088 890 etc.,

107 893 267 925 discernit
289 899 417 935 patrem
440 891 618 934 losephum
641 903 661 924 a
682 899 777 934 patre
798 899 946 926 aeterno.

574 969 751 1012 Εὐριπίδης.

252 1010 357 1049 Ὅστις
379 1012 413 1044 δὲ
434 1012 501 1049 τούς
522 1012 658 1049 τεκόντας
681 1015 710 1044 ἐν
732 1015 790 1056 βίῳ
815 1015 907 1055 σέβει,

262 1054 304 1087 ὁδ’
324 1057 386 1087 ἐστὶ
403 1058 454 1087 καὶ
477 1057 534 1095 ζῶν
557 1058 608 1086 καὶ
630 1055 735 1088 θανών
757 1060 842 1093 θεοῖς
860 1059 958 1098 φίλος.

104 1130 141 1163 ld
163 1137 230 1170 est,
264 1133 321 1173 qui
351 1137 505 1174 parentes
527 1134 561 1164 in
582 1134 652 1165 vita
676 1134 767 1174 colit,
795 1134 850 1166 ille
877 1137 908 1166 et
936 1135 1026 1166 vivus
1059 1138 1090 1166 et

105 1179 250 1207 mortuus
271 1175 345 1207 Deo
363 1176 483 1208 charus
505 1180 563 1208 est.
609 1175 688 1208 ltem
713 1175 892 1215 [Heracliti.
917 1177 982 1210 298
1003 1179 1088 1220 sq.]:

262 1252 328 1283 Οὐκ
350 1253 414 1283 ἔστι
431 1252 515 1284 τοῦδε
536 1255 625 1284 παισὶ
647 1253 763 1285 κάλλιον
785 1257 872 1296 γέρας

260 1292 279 1335 ἢ
300 1294 413 1338 πατρὸς
435 1297 551 1327 ἐσθλοῦ·
572 1295 708 1336 κάγαθοῦ
730 1301 891 1339 πεφυκέναι

259 1339 310 1369 καὶ
331 1342 393 1375 τοῖς
410 1339 540 1370 τεκοῦσιν
558 1338 645 1378 ἀξίαν
667 1339 752 1380 τιμῆν
774 1344 880 1380 νέμειν.

104 1413 140 1446 ld
164 1420 231 1453 est,
264 1423 328 1446 non
356 1419 404 1447 est
427 1416 518 1447 aliud
538 1416 707 1458 pulchrius
740 1417 837 1448 decus
866 1426 962 1458 quam
989 1422 1089 1459 patre

104 1457 186 1488 bono
213 1461 244 1489 et
265 1457 397 1490 honesto
425 1462 535 1490 natum
563 1469 649 1498 esse,
677 1463 707 1491 et
735 1460 926 1500 parentibus
958 1460 1089 1502 diynum

103 1499 254 1533 honorem
277 1501 428 1534 tribuere.

389 1615 453 1655 De
486 1615 610 1656 dicto:
643 1628 839 1671 Proficiebat
859 1640 951 1671 puer.

237 1614 326 1657 1111.
1108 1666 1112 1721 Ι

190 1700 353 1733 Habemu3
372 1706 566 1749 ¹1›,<1=nte7j‘lcem,
588 1706 692 1748 inquit
713 1712 824 1739 textus
847 1708 889 1738 ad
902 1707 1085 1745 Hebraeos,
1108 1727 1110 1735 .

105 1746 163 1788 qui
183 1747 324 1776 tentatus
353 1746 401 1774 est
429 1753 490 1784 ‘per
514 1751 635 1785 omnia,
657 1750 726 1781 sine
754 1754 899 1791 peccato.
949 1750 1024 1781 Fuit
1052 1750 1084 1780 in

106 1788 244 1820 Christo
267 1786 443 1826 moestitia,
465 1784 598 1825 laetitia,
621 1790 758 1822 affectus
775 1791 900 1824 similes
915 1792 1086 1827 humanis3
1108 1774 1112 1809 ι

105 1831 155 1863 sic
178 1829 311 1863 fuerunt
333 1829 432 1860 ctiam
455 1829 488 1860 in
511 1839 551 1860 eo
582 1830 662 1868 ista,
692 1837 728 1862 ut
762 1840 953 1864 crescerent
982 1835 1015 1866 in
1045 1843 1085 1865 eo
1109 1835 1113 1856 θ

104 1874 240 1906 notitiae
262 1873 411 1905 virtutes.
456 1871 532 1902 Non
556 1883 754 1913 quaeramus
772 1873 1000 1915 phantasticas
1018 1877 1085 1916 opi-

105 1918 234 1952 niones,
259 1916 346 1947 sicut
370 1915 501 1956 quidam
526 1915 654 1953 dicunt,
686 1916 853 1948 Christum
880 1917 964 1949 haec
987 1924 1085 1948 antea

105 1961 217 1991 omnia
244 1958 406 1995 scivisse,
438 1958 523 1989 haec
556 1964 749 1999 portentosa
780 1961 969 1992 execranda
996 1966 1083 1992 sunt.

107 2003 155 2035 Er
177 2002 234 2034 hat
256 2003 366 2034 lernen
388 2001 553 2033 schreiben
574 2002 640 2033 vnd
662 2003 757 2040 lesen,
781 2003 892 2035 didicit
909 2013 1011 2036 nosse
1023 2002 1084 2035 Za·
1107 2006 1111 2053 Ι

106 2045 271 2083 chariam,
300 2044 482 2076 Iohannem
513 2050 574 2076 etc.
621 2044 744 2076 Omnes
774 2044 907 2077 habitus
929 2052 1110 2087 crescunt4¹

105 2088 284 2125 exercitiis,
318 2097 382 2118 nos
418 2088 577 2119 debemus
612 2089 656 2119 uti
693 2088 789 2119 donis
824 2089 943 2120 <livinis
967 2095 998 2120 et
1026 2088 1083 2120 illa

105 2140 276 2169 exercere,
299 2140 413 2162 omnes
431 2136 541 2162 motus
565 2131 674 2169 animi,
698 2132 807 2162 omnia
827 2131 905 2163 vitia
929 2138 1083 2165 crescunt

104 2174 284 2206 exercitiis.
329 2173 385 2204 Sic
420 2173 452 2204 in
487 2171 620 2205 Christo
656 2175 853 2206 crescebant
887 2176 1023 2207 notitiae
1051 2181 1083 2208 et

105 2218 256 2252 virtutes,
281 2216 357 2257 quia
380 2217 568 2248 exercebat.

199 2292 276 2324 Vidi
296 2302 353 2333 eqo
376 2297 551 2333 quassatas
569 2297 654 2325 mota
672 2293 751 2334 sace
773 2304 921 2327 crescere
937 2295 1084 2336 flammas

236 2336 278 2367 Et
299 2336 371 2367 vidi
391 2337 478 2368 nullo
501 2338 697 2369 concutiente
718 2339 810 2369 mori.

193 2412 331 2445 Ovidius
362 2412 466 2445 semel
490 2413 640 2455 culpatus
670 2415 712 2446 ab
741 2415 856 2447 amicis
884 2415 916 2447 in
940 2416 1082 2457 quodam

106 2456 279 2490 convivio,
309 2456 397 2498 quod
427 2467 542 2488 omnes
572 2460 652 2488 suos
679 2467 797 2489 versus
821 2459 984 2490 scriberet
1007 2460 1082 2490 abs-

106 2508 173 2541 que
200 2498 334 2537 iudicio,
357 2509 419 2531 nec
443 2500 563 2538 sciret,
593 2501 646 2542 qui
670 2501 747 2532 boni
770 2507 824 2532 aut
852 2500 927 2533 mali
956 2507 1081 2540 essent,

107 2541 325 2583 respondisse
348 2541 469 2581 fertur,
492 2553 531 2575 se
553 2543 620 2575 hoc
642 2553 709 2575 non
738 2542 851 2576 iacere
875 2546 1006 2586 absque
1036 2545 1082 2576 iu-

105 2584 208 2624 dici03
232 2590 264 2616 et
287 2591 322 2616 ut
344 2583 475 2617 facilius
507 2587 698 2625 crederent,
730 2587 827 2619 iussit
855 2588 917 2619 sibi
940 2587 1011 2619 dari
1034 2594 1082 2620 ta-

106 2625 235 2667 hulam,
258 2628 324 2660 vml
346 2628 402 2660 hat
421 2633 566 2670 yewetret
586 2630 655 2662 vmb
678 2630 746 2662 eine
768 2630 858 2662 zeche
882 2641 919 2662 zu
947 2630 1081 2672 bezalen,

256 2686 445 2710 namuel.
458 2689 539 2709 OPBR.
550 2689 616 2711 VOL
629 2690 701 2713 m-

795 178 1016 213 POSTILLA
1032 179 1432 214 MELANTHONJANA.

2057 182 2124 216 946

1142 276 1204 307 das
1237 276 1343 307 semer
1366 274 1508 315 sreunde
1536 275 1626 306 einer
1647 275 1734 306 diese
1756 285 1847 314 vers,
1871 276 1985 308 welche
2005 285 2043 308 er
2060 274 2122 316 fur

1142 320 1195 350 die
1218 319 1325 350 besten
1346 318 1433 357 hielt,
1452 318 1535 350 auch
1558 317 1671 349 welche
1693 328 1730 349 er
1748 317 1811 358 fiir
1834 319 1888 350 dle
1910 323 2037 360 erysten
2065 329 2122 351 vn-

1142 362 1203 394 der
1225 362 1282 393 des
1305 362 1413 393 Ovidii
1436 371 1551 393 versen
1572 361 1661 400 hielt,
1681 361 1909 402 auffschrz'ebe.
1933 372 1969 393 so
1991 364 2064 394 wolt
2085 372 2123 395 er

1114 426 1116 444 3
1143 405 1225 437 auch
1262 405 1510 445 auffschrezhen,
1549 404 1663 436 welche
1694 414 1732 436 er
1760 402 1823 444 fiir
1845 405 1899 436 dte
1929 405 2035 436 besten
2056 406 2123 437 und

1142 452 1269 489 erysten
1287 448 1410 480 achtet:
1433 459 1470 480 so
1487 448 1599 479 wilrde
1619 457 1693 480 man
1714 448 1820 486 sehen,
1844 448 1908 479 das
1929 449 2019 479 einer
2040 448 2125 481 hecte

1142 492 1218 522 eben
1240 492 1293 522 die
1325 501 1400 523 emas*
1419 491 1644 532 yeschrt'eben,
1677 491 1790 522 welche
1818 492 1889 522 der*
1907 491 2012 522 ander
2041 491 2125 523 auch

1142 534 1209 566 hett
1223 534 1438 576 yeschrieben.
1488 533 1542 566 Da
1575 534 1678 566 haben
1710 535 1757 566 sie
1779 534 1877 576 beyde
1902 534 2124 575 yeschrz'eben,

1142 578 1206 609 das
1227 577 1336 609 keiner
1358 578 1428 609 dem
1450 577 1576 610 andern
1598 578 1654 609 hat
1677 577 1808 618 tlo'rffen
1830 577 1971 609 zusehen.
1996 577 2054 610 Da
2066 577 2124 610 hat

1142 621 1193 652 ein
1213 620 1358 652 itzliclzer
1386 621 1439 652 die
1465 629 1565 652 zween
1591 630 1668 652 vers
1698 621 1921 662 yeschrieben:
1957 619 2034 652 Vidi
2064 631 2124 663 eqo

1141 667 1317 705 quassatas
1339 669 1402 696 etc.
1448 663 1523 695 Das
1544 664 1636 695 seind
1658 664 1710 695 die
1731 673 1832 695 zween
1855 664 1962 695 beslen
1984 673 2059 696 vers
2068 675 2122 706 ye-

1141 717 1252 744 wesen,
1276 707 1342 738 und
1363 707 1513 738 darnach
1536 707 1645 738 diesen
1665 716 1752 745 vers,
1773 707 1907 738 welcher
1926 707 1986 738 der
2015 710 2124 749 eryste

1139 759 1291 792 yewesen,
1314 750 1396 781 auch
1415 749 1516 790 beyde
1534 750 1756 791 9eschrieben:

1226 817 1476 859 semivirumque
1498 818 1618 857 bovem,
1641 818 1891 859 semibovemque
1912 819 2028 850 virum.

1140 878 1198 910 Da
1221 879 1279 910 hac
1300 877 1439 911 Ovidius
1471 879 1523 910 die
1552 878 1655 910 Zeche
1680 888 1860 920 gewonnen.
1905 879 1986 910 Also
2019 878 2123 910 haben

1139 923 1186 953 sie
1207 922 1270 954 ihm
1289 931 1414 954 mussen
1433 921 1582 963 glauben,
1605 922 1668 954 das
1689 931 1727 953 er
1749 925 1835 954 seinc
1863 931 1939 954 vers
1970 932 2046 954 cum
2075 922 2121 954 iu·

1140 965 1226 998 dicio
1248 965 1452 1007 yeschrieben
1474 965 1564 997 heile.

1280 1092 1504 1126 DOMlNch
1526 1093 1565 1124 11.
1594 1092 1708 1126 POST
1726 1092 1980 1125 EPIPHANIA.

1362 1177 1633 1221 Evangelium
1656 1178 1852 1211 Iohannis
1875 1180 1907 1210 2.

1303 1238 1407 1278 (conf.
1440 1237 1518 1271 Vol.
1553 1238 1675 1272 XXIV.
1709 1251 1741 1282 p.
1779 1240 1843 1270 272
1876 1242 1965 1281 sqq.)

1224 1325 1267 1357 Et
1286 1326 1382 1357 tertia
1404 1326 1468 1363 die]
1492 1323 1621 1357 seilicet
1643 1331 1721 1366 post
1743 1325 1884 1356 reditum
1906 1335 1928 1357 a
1945 1326 2121 1367 baptismo,

1139 1378 1213 1400 cum
1246 1368 1364 1400 iterum
1385 1377 1545 1409 egressus
1575 1373 1666 1400 esset
1695 1379 1736 1400 ex
1772 1368 1925 1407 deserto,
1961 1369 2018 1400 ubi
2050 1375 2121 1401 ten-

1137 1416 1227 1443 tatus
1251 1416 1322 1442 erat
1344 1421 1365 1442 a
1387 1409 1549 1446 Diabolo;
1578 1411 1655 1442 inde
1679 1411 1766 1443 enim
1787 1411 1845 1443 ivit
1863 1411 1897 1442 in
1925 1409 2121 1444 Galilaeam.

1224 1453 1435 1486 Vocabulum
1483 1454 1573 1486 Cana
1616 1453 1811 1496 simpliciter
1855 1464 1989 1496 expono
2023 1465 2122 1487 arun-

1138 1499 1264 1538 dinem,
1298 1507 1498 1539 quamquam
1538 1497 1638 1529 dictio
1681 1497 1769 1539 apud
1808 1496 1984 1529 Hebraeos
2025 1497 2122 1531 aliter

1137 1540 1275 1581 scripta,
1309 1539 1405 1571 aliam
1428 1541 1530 1572 habet
1552 1539 1841 1583 significationem,
1872 1545 1905 1571 et
1922 1539 2000 1572 hinc
2024 1542 2122 1574 etiam

1137 1588 1189 1615 est
1211 1588 1364 1615 nostrum
1385 1593 1499 1623 canna,
1517 1585 1606 1616 rohr.
1663 1582 1931 1615 Consentaneum
1961 1589 2012 1615 est
2035 1585 2121 1616 enim

1136 1624 1239 1657 multa
1262 1625 1425 1658 vocabula
1444 1627 1570 1668 primae
1589 1626 1724 1668 linguae
1741 1632 1819 1667 post
1838 1627 2120 1669 disgregationem

1135 1665 1324 1710 linguarum
1347 1672 1513 1701 mansisse
1535 1670 1568 1700 in
1591 1668 1727 1711 reliquis
1750 1668 1883 1711 linguis.

1221 1709 1413 1743 Est'autem
1436 1711 1575 1753 pulchra
1596 1712 1664 1743 hoc
1691 1711 1767 1743 loco
1791 1713 1911 1753 imago.
1959 1711 2116 1744 Ecclesia

1136 1752 1279 1782 celebra*
1302 1756 1434 1798 nuptias
1457 1755 1489 1785 in
1513 1755 1719 1786 arundineto.
1754 1756 1991 1786 Arundinelmn
2015 1755 2118 1798 signi-

1135 1791 1214 1822 fieat
1236 1789 1381 1831 hOSPllla
1402 1796 1646 1832 Ecclesiae-nn,
1676 1799 1815 1829 miseras
1843 1803 1875 1828 et
1898 1796 2118 1830 aerumfiosas

1135 1832 1280 1875 politias,
1302 1833 1359 1864 ubi
1383 1833 1455 1874 ipsa
1478 1832 1557 1863 vivit
1579 1838 1613 1863 et
1635 1842 1717 1863 suos
1742 1840 1871 1864 unu-,ion
1904 1840 2013 1872 habet.
2060 1842 2117 1872 sio

1135 1882 1169 1908 et
1191 1886 1255 1907 nos
1281 1875 1345 1906 hoc
1380 1882 1530 1917 tempore
1562 1885 1642 1906 vere
1676 1874 1884 1907 celebramus
1904 1884 2049 1918 *nuptias-
2084 1884 2116 1910 in

1135 1919 1357 1955 arundinetis3
1391 1917 1485 1950 Deus
1508 1924 1618 1949 autem
1641 1924 1693 1949 est
1717 1919 1874 1957 orandus,
1905 1925 1941 1950 ut
1964 1921 2036 1961 ipse
2058 1920 2117 1953 ho·

1136 1962 1233 2003 spitia
1273 1971 1353 1993 suae
1396 1961 1571 1993 Ecclesiae
1606 1968 1803 1999 conservet,
1844 1972 1884 1993 ac
1917 1962 1972 1994 det
2006 1963 2117 2006 aliqua

1135 2010 1295 2045 tempora,
1318 2006 1403 2035 inter
1427 2015 1512 2046 quae
1523 2003 1678 2039 Ecclesia
1700 2005 1812 2036 vivere
1835 2005 1951 2046 possit.
1985 2005 2116 2039 Deinde

1136 2053 1168 2078 et
1197 2057 1259 2079 nos
1294 2047 1358 2089 ipsi
1391 2048 1424 2078 in
1457 2047 1522 2079 hac
1562 2046 1738 2090 fragilitate
1775 2047 1939 2080 humanae
1978 2055 2115 2082 naturae

1135 2099 1213 2121 vere
1237 2100 1351 2122 sumus
1374 2091 1580 2122 arundineta.

1218 2149 1357 2178 Melreta
1394 2157 1459 2177 una
1491 2145 1570 2178 facit
1596 2146 1640 2178 60
1672 2147 1853 2185 sextarios,
1893 2146 2114 2186 rnyesehrlich

1134 2190 1195 2230 bey
1223 2191 1363 2229 (iretis-92⁶9
1395 2191 1534 2222 konnen.
1589 2189 1685 2222 Duae
1714 2196 1873 2222 metretae
1901 2189 2026 2221 faciunt
2058 2190 2114 2223 hic

1132 2235 1357 2273 unyesehrlich
1389 2236 1440 2265 ein
1473 2236 1581 2265 eimer.
1637 2232 1783 2265 Fuerunt
1817 2239 1925 2264 autem
1960 2243 2018 2264 sex
2053 2233 2111 2276 hy-

1135 2276 1237 2313 driae,
1261 2286 1398 2317 quarum
1421 2274 1588 2318 quaelibet
1613 2277 1802 2308 continebat
1832 2277 1915 2307 (luas
1943 2282 2111 2308 metretas.

1135 2320 1204 2350 Das
1232 2329 1299 2350 wer
1327 2318 1543 2359 cnyefelsrlich
1561 2323 1583 2352 6
1605 2323 1706 2352 ez'mer
1728 2321 1834 2357 wez'ns,
1869 2321 1922 2350 die
1955 2318 2110 2351 Christus

1106 2373 1108 2380 ¹
1133 2371 1193 2393 zur
1213 2362 1357 2394 hochzez't
1373 2364 1565 2402 qesclzenclrt
1584 2365 1649 2395 hat.

1219 2418 1330 2450 Ez'mer
1352 2419 1575 2461 germanicum
1596 2428 1716 2450 nomen
1746 2416 1845 2448 habet
1867 2418 1908 2448 ab
1932 2417 2109 2457 amphora;

1133 2461 1218 2492 denn
1234 2470 1335 2493 unser
1368 2465 1468 2493 eimer
1501 2465 1545 2493 ist
1571 2462 1641 2499 fasc
1663 2471 1698 2492 so
1725 2462 1786 2492 viel
1810 2470 1956 2499 ⁸qen-esen
1978 2463 2028 2492 als
2049 2462 2109 2494 der

1136 2505 1218 2535 alten
1239 2504 1409 2545 amphora,
1433 2506 1512 2537 aber
1534 2505 1614 2536 doch
1647 2504 1699 2535 εἴη
1721 2504 1822 2543 ἰυεηιζᾳ
1846 2507 2027 2543 yerinyers,
2050 2508 2109 2537 wie

1134 2555 1170 2578 es
1191 2547 1279 2578 dmm
1301 2549 1359 2580 ilz!
1377 2549 1526 2588 zayehel,
1558 2549 1620 2579 das
1642 2549 1704 2579 alle
1725 2557 1794 2578 mas
1817 2548 1882 2577 cml
1898 2547 2036 2585 yewtclzt
2051 2557 2107 2586 ye-

1133 2592 1245 2629 rinyer
1273 2592 1418 2631 werden,
1451 2593 1534 2623 deun
1567 2593 1616 2622 sie
1643 2590 1802 2622 corz-eiten
1827 2599 1973 2628 ⁸‹jen-esen
2001 2591 2106 2629 seirat,

1133 2637 1268 2674 propter
1286 2635 1514 2674 rapacitatem,
1535 2633 1599 2664 imo
1622 2639 1760 2674 propter
1781 2634 1946 2673 βουλιμίαν.

1744 2693 1778 2717 60
