2343 2970
82 180 147 212 545

82 275 145 307 iam
170 275 254 306 bene
274 273 400 305 habeo:
422 273 520 304 dicite
542 272 631 313 mihi,
662 274 739 314 quid
770 274 889 305 deinde
920 273 1060 305 faciam?

82 319 135 350 An
160 319 264 349 debeo
283 317 402 348 diutius
427 315 516 347 ferre
529 317 634 353 sitim3
652 326 716 358 ego
740 326 874 356 possem
892 317 954 348 iam
975 319 1059 348 bene

83 361 191 398 serre,
223 361 251 391 si
272 359 370 392 vultis
394 369 445 390 me
468 360 588 390 diutius
610 359 778 390 abstinere
796 370 815 390 a
839 368 928 399 potu.
974 359 1057 390 Tan-

82 411 151 436 tum
176 403 263 435 valet
287 403 511 437 consuetudo,
542 409 573 433 et
596 403 772 433 mediocris
797 401 978 433 refrenatio
1001 412 1058 433 na-

82 454 185 479 turae.
231 446 277 476 lbi
302 445 446 477 Doctor:
475 455 541 476 non
566 444 654 483 volo,
680 446 794 486 inquit,
823 452 947 476 tantum
972 455 1057 477 onus

81 491 138 522 tibi
161 491 336 530 imponere,
361 489 420 520 sed
439 487 618 529 pauxillum
643 488 749 526 bibas,
772 486 925 519 videlicet
948 494 1058 519 sexta-

81 534 162 564 rium
187 530 333 574 quolibet
356 532 417 562 die.
460 533 521 563 Ein
542 533 681 570 Mensclz,
704 532 762 563 der
784 533 945 562 natic'rlz'clz
967 532 1058 571 lebet,

80 578 138 608 hat
153 585 240 615 ynug]
272 585 315 606 an
349 578 452 607 einen!
487 575 648 611 sextari03
687 579 719 605 et
754 579 878 604 tantum
919 574 1059 605 dabatur

80 619 201 650 homini
225 618 388 660 quotidie:
422 619 482 649 das
516 620 560 649 ise
580 618 771 648 demensum
802 626 962 656 yewesen.
992 616 1057 647 Ve—

80 667 187 694 tustas
212 659 270 693 fuit
300 662 452 701 sapiens,
491 660 655 691 ordinavit
682 658 739 691 illa
767 660 943 690 admodum
980 670 1057 691 con-

79 706 264 737 venientem
305 714 451 734 naturae.
508 703 549 734 Et
584 703 703 740 credo,
744 703 833 744 quod
874 704 960 743 apud
995 713 1057 733 nos

46 743 49 745 ⁵
79 749 175 779 etiam
200 748 305 788 possit
341 746 458 788 aliquis
482 756 557 777 esse
581 751 758 777 contentus
791 756 856 776 uno
887 745 1058 784 cantharo,

80 792 112 822 in
137 791 221 821 diem
251 801 361 821 unum.
417 788 507 820 Volo
537 789 620 819 enim
651 789 828 819 extendere
852 787 1058 829 aliquantum

78 835 121 865 ad
145 843 215 865 nos,
263 834 434 875 Augustus
463 832 618 862 scribitur
650 837 826 862 contentus
855 831 958 862 fuisse
981 842 1056 863 sex-

78 877 172 908 tario.

164 921 237 951 Nun
265 928 341 957 soye
371 919 434 957 iclz,
465 917 561 948 etiam
591 918 723 958 quando
758 918 854 948 nobis
885 918 1058 949 accersivi-

80 971 152 994 mus
164 962 311 999 morbos,
334 968 440 991 tamen
460 961 619 991 debemus
642 966 754 1002 petere
778 968 809 991 et
832 961 1057 992 remissionem

80 1010 304 1046 peccatorum,
328 1009 359 1033 et
373 1003 601 1034 liberationem
625 1002 679 1034 vel
698 1004 933 1045 mitigationem
951 1004 1057 1035 morbi

79 1046 133 1078 vel
157 1056 302 1088 poenae:
340 1048 454 1078 Inroca
481 1056 532 1077 me
560 1049 593 1077 in
616 1047 670 1078 die
691 1048 914 1086 tribm'aa‘onis‚
945 1052 979 1078 et
1000 1057 1058 1086 eqo

79 1093 216 1131 eripz'am
239 1094 278 1121 te.
324 1089 419 1120 ltem:
455 1091 501 1121 Es
518 1090 613 1120 bleibl
633 1091 685 1121 die
706 1092 806 1129 Reyel
817 1102 827 1121 .·
859 1091 992 1121 Tantum
1014 1100 1058 1121 ea·

79 1137 110 1165 te
128 1134 271 1174 perditio
289 1137 351 1164 lua.
387 1132 493 1163 Adam
517 1138 550 1163 et
568 1132 639 1163 Eva
662 1140 737 1164 sunt
761 1134 792 1164 in
816 1131 924 1174 culpa,
949 1140 1055 1163 tamen

79 1177 201 1207 debent
233 1181 346 1216 petere
370 1175 597 1205 remissionem
620 1182 851 1215 peccatorum,
885 1182 916 1206 et
940 1175 1055 1206 libera-

79 1219 210 1250 tionem.
265 1217 373 1248 David
416 1224 468 1248 est
501 1219 533 1249 in
565 1217 679 1258 culpa,
720 1225 751 1249 et
784 1219 960 1249 accersivit
993 1219 1055 1250 sibi

78 1260 212 1299 malum,
236 1260 335 1292 habet
356 1263 542 1291 ἐπίσπαστον
563 1260 664 1298 κακὸν,
693 1268 798 1292 tamen
823 1262 922 1292 <lebet
944 1268 1056 1302 petere

79 1304 315 1345 mitigationem
357 1311 388 1334 et
422 1309 575 1335 eventum
616 1306 749 1335 bonum.
803 1304 929 1345 Estque
963 1311 1056 1335 tanta

78 1348 207 1378 bonitas
231 1346 305 1384 Dei,
327 1353 363 1378 ut
385 1345 514 1384 liberet,
544 1352 575 1377 et
604 1347 729 1388 mitiget
758 1347 872 1384 etiam,
908 1358 980 1378 cum
1004 1353 1055 1378 est

79 1391 164 1421 iusta
188 1400 310 1431 poenaz
346 1390 422 1430 quia
447 1391 530 1420 bene
554 1391 635 1426 scir,
669 1390 755 1431 quod
788 1396 903 1420 natura
927 1390 1056 1421 infirma

77 1443 143 1463 non
169 1438 277 1473 potest
300 1433 464 1463 sustinere
476 1433 729 1473 magnitudinem
752 1434 821 1463 iraev
845 1444 939 1463 soca:
970 1434 1056 1465 sicut

79 1477 211 1507 dicitur:
235 1478 304 1507 Non
323 1474 447 1514 faciam
461 1478 610 1515 furorem
633 1479 704 1507 irae
727 1486 833 1507 meae:
855 1478 925 1508 Non
947 1478 1057 1508 delebo

78 1523 119 1550 te.
166 1518 261 1550 ltem:
286 1520 428 1557 Domine,
461 1523 548 1550 lecum
578 1528 658 1559 opus
680 1520 865 1558 vivificabis,
896 1524 928 1551 et
949 1523 982 1550 in
1006 1523 1057 1551 ira

79 1563 322 1593 misericordiae
344 1562 577 1592 recordaberis.

166 1605 277 1634 Nemee
308 1604 371 1634 den
401 1607 546 1634 senlenlz
578 1605 699 1635 dar-zu.-
734 1606 844 1636 Gratis
877 1607 1059 1637 venumdate·

80 1647 263 1677 venumdate*
283 1648 380 1677 estis:
409 1647 468 1677 der
490 1649 600 1685 leuffel
626 1649 683 1678 leat
699 1649 777 1678 euelz
796 1649 957 1687 betrayen.
1002 1650 1059 1679 llzr

80 1690 157 1720 Izabt
187 1690 303 1719 lfeinen
335 1693 410 1719 nul-z
439 1689 574 1729 (lttrvon,
609 1691 677 1720 'and
704 1699 741 1720 er
763 1692 843 1721 (mele
867 1693 964 1731 nicht,
997 1693 1058 1723 {las

80 1733 171 1770 belsl,
191 1734 304 1771 gyratis,
339 1731 371 1761 id
395 1737 458 1768 est,
493 1732 564 1762 sine
587 1731 724 1763 utilitate
749 1732 897 1770 Diaboli,
932 1740 962 1764 et
987 1734 1058 1765 sine

80 1773 218 1805 utilitate
241 1780 361 1805 vestra.
405 1773 568 1805 Diabolus
592 1780 716 1805 tantum
735 1774 830 1813 fecit,
852 1782 886 1806 ut
909 1775 1058 1816 expleret

80 1818 189 1848 odium
224 1827 305 1858 erga
328 1817 436 1847 Deum
470 1823 502 1847 et
526 1816 644 1848 Filium
668 1816 749 1854 Dei3
783 1817 904 1849 avulsit
939 1829 958 1849 a
981 1818 1056 1850 Deo

80 1866 250 1891 creaturas
270 1858 462 1896 rationales,
486 1866 520 1890 ut
544 1859 743 1891 contumelia
763 1859 870 1892 Deum
893 1861 1055 1894 afficeret.

79 1902 150 1940 Ah,
196 1913 292 1944 quam
333 1901 536 1934 horribiliter
573 1902 676 1934 afficit
715 1902 823 1934 Deum
856 1903 1056 1936 contumelia

80 1946 178 1976 etiam
201 1955 288 1976 nunc
310 1946 343 1977 in
367 1951 436 1976 toto
460 1956 581 1987 genere
605 1947 765 1982 humanm
794 1945 962 1978 furoribus
987 1948 1055 1978 ido-

82 1987 198 2026 lorum,
220 1989 488 2026 homicidiormn,
513 1988 698 2027 libidinum,
730 1988 890 2021 bellorum
919 1990 1056 2021 iniusto-

81 2041 168 2061 rum:
190 2033 268 2062 Diss
289 2033 369 2063 alles
396 2033 472 2062 siml
499 2031 716 2063 contumeliae
750 2033 911 2064 adversus
935 2032 1054 2064 Deum.

81 2075 191 2104 Darzu
213 2075 270 2104 leat
290 2084 327 2105 er
350 2077 429 2105 lust.-
463 2081 494 2105 et
528 2076 658 2116 quidem
694 2076 836 2116 gratuito
859 2075 968 2107 malus
993 2082 1055 2115 est,

81 2114 160 2147 facit
183 2114 239 2146 illa
262 2117 375 2157 gratis,
410 2117 480 2148 sine
503 2117 615 2158 aliquo
638 2119 812 2150 commodo
836 2128 908 2150 suo.
965 2120 1055 2151 Sicut

78 2159 215 2200 pessimi
239 2158 390 2189 homines
414 2167 487 2191 sunt
512 2162 614 2202 gratis
638 2160 730 2197 mali;
755 2162 898 2193 delectat
916 2172 975 2193 eos
998 2172 1054 2204 pe-

81 2201 217 2233 tulantia
245 2202 317 2231 sine
345 2200 498 2233 utilitate:
531 2205 585 2235 Als
616 2214 708 2235 wemz
742 2208 833 2236 einer
867 2208 970 2239 einem
1002 2207 1056 2237 (lie

78 2247 206 2284 fenster
217 2248 393 2285 auswe'rffl:
414 2244 505 2287 Ergo
519 2247 621 2287 gratis
634 2249 714 2278 estis
728 2249 926 2284 venumdati,
950 2249 981 2279 id
995 2254 1056 2287 est,

80 2286 202 2317 factum
225 2293 275 2318 est
299 2286 478 2327 petulantia
512 2299 570 2319 seu
600 2289 721 2321 malitia
751 2291 892 2332 gratuita
920 2290 1055 2322 Diaboli

82 2330 153 2359 sine
176 2331 278 2370 ipsius
303 2330 442 2362 utilitate
464 2337 496 2362 et
518 2338 639 2362 vestra.
685 2333 808 2365 Contra
839 2333 947 2365 (ir-alls
970 2335 1054 2363 redi-

81 2373 216 2409 memini,
252 2373 284 2403 id
307 2379 369 2410 est,
404 2375 476 2405 sine
500 2382 609 2406 vestra
639 2379 925 2417 compensatione,
960 2377 1053 2409 Deus

81 2419 189 2446 tamen
214 2415 316 2445 donat
338 2416 434 2447 vobis
457 2415 545 2448 aliud
567 2418 721 2458 pretium;
743 2419 859 2451 Filium
873 2430 981 2458 suum,
995 2431 1054 2461 per

81 2467 175 2499 quem
199 2457 410 2490 redimemini.

167 2499 237 2531 Hac
261 2501 481 2540 promissione
503 2502 636 2537 incitati,
660 2506 755 2536 etiam
781 2517 854 2538 cum
878 2507 1051 2538 incidimus

79 2543 112 2574 in
135 2553 278 2583 poenaS‚
301 2549 409 2575 tamen
433 2551 581 2586 petamus
605 2548 732 2579 veniam
756 2555 789 2580 et
812 2548 1052 2581 liberationem.

79 2585 114 2617 In
138 2591 229 2616 textu
253 2586 318 2617 isto
341 2587 439 2617 stellet
461 2590 509 2617 ein
529 2590 596 2627 sein
618 2594 713 2620 wort:
738 2592 952 2632 Apprelzendit
974 2602 1052 2624 enm.
1076 2611 1078 2618 v

1075 2126 1083 2610 ἰ

772 178 990 211 POSTILLA
1008 178 1362 211 MELANTHONIAN
1365 181 1404 212 A.
2025 181 2089 211 516

1111 285 1186 305 nam
1209 281 1375 306 naturam:
1399 273 1464 305 hoc
1487 280 1641 306 contactu
1672 285 1733 305 suo
1769 285 1830 304 nos-
1865 281 1979 306 sanat:
2017 275 2089 305 Und

1111 318 1153 346 cla
1176 317 1274 348 stelaet
1298 318 1375 347 noch
1399 320 1447 347 ein
1471 318 1626 355 worllefn,
1650 316 1804 348 Absolvit
1827 328 1918 356 eum,
1946 317 2088 350 ἀπέλυσε.

1112 360 1201 391 Dixit
1223 367 1321 392 antea
1345 362 1483 392 diserte:
1509 361 1637 390 Curam't
1656 371 1736 393 eum:
1759 367 1866 391 tamen
1887 362 1992 392 addit:
2016 361 2088 392 ἀπέ-

1111 405 1191 442 λυσε,
1214 404 1247 434 id
1271 410 1333 441 est,
1357 404 1501 435 absolvit
1525 415 1543 435 a
1568 410 1707 444 peccato
1732 409 1763 435 et
1788 405 1915 441 morbo,
1947 415 1967 434 a
1991 403 2089 445 culpa

1111 452 1142 477 et
1166 457 1186 477 a
1209 456 1331 488 poena:
1356 448 1432 488 quia
1456 446 1541 478 tilius
1573 446 1635 478 Dei
1670 453 1764 477 curat
1796 457 1920 487 corpus
1956 454 1988 477 et
2021 448 2088 478 ani·

1111 499 1208 526 mani,
1229 491 1313 520 sicut
1338 489 1413 520 alibi
1439 490 1541 531 inquit
1565 491 1604 520 ad
1621 489 1855 532 paralyticum?
1878 489 2090 520 Remittantur

1111 532 1168 560 tibi
1186 537 1338 571 pecc-atto
1373 539 1404 564 et
1434 531 1531 563 simul
1555 539 1648 564 curat
1673 544 1754 563 cuin.
1802 532 1989 564 ponderate
2014 543 2088 564 ver-

1110 575 1202 606 bum:
1222 576 1362 605 Absolvit
1376 586 1449 610 etam,
1473 575 1545 605 Una
1564 576 1747 605 dusselvon
1761 576 1828 604 (lem
1841 576 1959 605 andern
1971 576 2087 606 stucke.

1110 617 1281 649 Debemus
1304 625 1418 659 petere
1437 618 1594 650 auxilium
1619 625 1650 649 et
1674 617 1900 649 liberationem
1925 620 1955 649 in
1981 618 2087 656 malis,

1111 662 1207 692 etiam
1233 672 1316 703 quae
1339 668 1415 692 sunt
1440 663 1603 692 accersita
1628 668 1742 692 nostra
1756 661 1864 702 culpa.
1894 660 1997 692 Multa
2011 668 2089 693 sunt.

1110 703 1176 734 alia
1205 704 1355 746 exempla
1384 703 1502 745 similia
1536 706 1568 735 in
1603 703 1741 735 historia
1774 704 1997 746 Evaugelica,
2031 704 2088 736 ubi

1111 752 1187 777 sunt
1210 748 1316 778 morbi
1340 748 1493 778 accersiti
1518 747 1617 788 culpa
1640 747 1819 785 hominum,
1851 755 1882 778 et.
1903 754 2010 779 tamen
2035 758 2090 779 cu-

1110 790 1172 821 rati
1195 800 1215 821 a
1238 790 1383 822 Christo.

1288 956 1487 996 Concio
1519 956 1578 996 de
1611 957 1912 997 humilitate.

1197 1046 1313 1078 Restat
1336 1048 1430 1078 tertia
1460 1048 1612 1079 doctrina
1640 1049 1680 1079 de
1715 1049 1870 1089 superbia
1899 1054 1931 1079 et
1966 1048 2090 1080 humili·

1109 1096 1187 1121 tate.
1239 1090 1373 1120 Durcon
1395 1091 1530 1121 merc-het
1554 1092 1613 1120 (len
1642 1091 1772 1130 sprm'h:
1808 1091 1869 1125 Qui
1897 1101 1930 1120 se
1953 1091 2088 1130 exaltat,

1108 1133 1336 1172 lmmiliabz'tur;
1359 1137 1388 1163 et
1411 1136 1464 1174 qui
1487 1144 1519 1163 se
1543 1134 1699 1169 humiliat,
1729 1135 1926 1164 eanultabilur.
1973 1134 2015 1165 Et
2039 1144 2090 1166 re-

1108 1177 1207 1217 petite
1242 1176 1465 1216 definitiones,
1500 1177 1541 1208 de
1571 1178 1690 1219 quibus
1724 1177 1809 1208 alias
1839 1178 2006 1220 copiosius
2042 1178 2089 1209 di-

1109 1226 1197 1252 ctum
1221 1225 1282 1251 est.

1368 1350 1476 1400 Quid
1509 1358 1571 1392 est
1603 1352 1837 1393 humilitas?

1196 1433 1255 1464 Est
1280 1435 1392 1464 timere
1416 1433 1534 1471 Deum,
1559 1442 1589 1465 ei
1614 1445 1801 1473 agnou-cre
1821 1437 1984 1476 propriwzi
2002 1435 2089 1465 Infir-

1109 1477 1264 1514 mitatem,
1290 1483 1320 1507 et
1344 1483 1451 1507 tamen
1477 1479 1603 1509 servire
1624 1479 1799 1516 vocationi,
1831 1480 1951 1508 tirius-ia
1976 1478 2088 1509 auxilii

1109 1520 1225 1557 divini,
1257 1525 1288 1550 et
1311 1530 1378 1550 non
1403 1521 1577 1561 despicere
1600 1519 1700 1558 aiios,
1736 1528 1766 1552 et
1800 1523 1935 1552 obedire
1957 1520 2032 1552 Deo
2057 1523 2089 1552 in

1109 1563 1226 1604 poenis
1249 1569 1282 1593 et
1305 1573 1502 1605 agnoscere,
1528 1565 1615 1605 quod
1640 1565 1725 1595 time
1751 1566 1932 1605 puniamur.
1968 1564 2086 1605 Requi-

1109 1607 1192 1637 ritur
1214 1607 1371 1647 primum,
1408 1606 1470 1635 Εἰιι
1498 1607 1617 1636 ret-liter
1644 1612 1762 1636 eruitur
1792 1609 1887 1638 timor
1910 1607 1984 1639 Dei.
2031 1608 2087 1639 Se-

1109 1649 1231 1685 cundo,
1266 1650 1390 1690 agnitio
1415 1650 1568 1691 propriae
1593 1650 1804 1681 infirmitatis:
1840 1652 1927 1693 quia,
1957 1651 2011 1682 ubi
2036 1656 2089 1682 est

1109 1693 1205 1722 timor
1224 1691 1298 1729 Det,
1323 1692 1366 1722 ibi
1390 1698 1439 1723 est
1462 1693 1838 1734 agnitioimbecillitatis.
1871 1694 1993 1729 Tertio,
2017 1704 2088 1725 ser-

1109 1736 1178 1765 vire
1202 1733 1276 1765 Deo
1301 1734 1419 1766 fiducia
1442 1735 1553 1766 auxilii
1575 1737 1682 1767 (livini.
1721 1736 1863 1772 Quarto,
1889 1748 1955 1768 non
1980 1738 2086 1777 ‹lespi-

1110 1787 1186 1808 cere
1209 1776 1305 1815 alios,
1325 1779 1419 1818 quasi
1443 1777 1497 1808 alii
1522 1788 1587 1809 non
1610 1779 1739 1819 possint
1762 1791 1838 1810 esse
1863 1780 2020 1811 salutaria
2035 1791 2088 1811 or-

1110 1830 1206 1861 gana,
1232 1820 1278 1849 als
1301 1824 1405 1860 seyslzt
1428 1830 1459 1849 es
1482 1821 1584 1857 allelu,
1609 1822 1743 1860 Quinto,
1762 1823 1979 1854 obedientiam
1994 1834 2087 1864 prae-

1109 1868 1198 1893 stare
1221 1863 1252 1893 in
1276 1864 1408 1905 poenis,
1437 1875 1503 1895 non
1528 1865 1691 1905 cogitare,
1724 1867 1809 1907 quod
1835 1867 1953 1897 iniuste
1977 1868 2087 1907 punia-

1109 1905 1165 1936 ris.
1196 1905 1263 1935 Wir
1284 1906 1398 1936 hahens
1421 1907 1487 1937 ulztc
1511 1908 1591 1937 wolzl
1610 1909 1776 1938 verdienet.
1813 1909 1861 1941 lta
1884 1908 2005 1941 multae
2028 1910 2088 1942 vir·

1108 1954 1195 1980 tutes
1219 1948 1431 1982 includuntur
1454 1951 1486 1981 in
1510 1950 1700 1983 bumilitate.

1368 2115 1478 2166 Quid
1510 2124 1572 2158 est
1603 2118 1818 2173 superbia?

1192 2206 1353 2249 Superbia
1376 2214 1428 2239 est
1451 2218 1527 2239 esse
1550 2210 1622 2241 sine
1645 2211 1760 2241 timore
1778 2210 1840 2241 Dei
1864 2219 2029 2249 securum,
2053 2216 2086 2242 et

1106 2249 1279 2281 considere
1298 2251 1372 2289 sibi,
1403 2257 1434 2282 et
1456 2262 1523 2283 non
1547 2263 1679 2284 manere
1704 2255 1788 2284 intra
1812 2259 1917 2284 metas
1941 2254 2084 2286 vocatio-

1104 2293 1168 2331 nis,
1201 2294 1262 2324 sed
1290 2303 1479 2335 erumpere,
1514 2301 1546 2326 et
1568 2295 1674 2327 moliri
1699 2295 1800 2327 multa
1823 2302 1917 2328 extra
1940 2297 2083 2328 vocatio-

1105 2344 1196 2367 nem?
1221 2337 1394 2378 despicere
1414 2336 1514 2369 alios:
1538 2338 1692 2381 Denique
1711 2350 1776 2370 non
1801 2340 1934 2370 obedire
1957 2340 1989 2370 in
2006 2349 2083 2381 poe·

1104 2379 1166 2409 nis.
1211 2378 1377 2412 Antonius
1401 2387 1453 2412 est
1476 2383 1651 2422 superbus.
1700 2383 1729 2414 1.
1753 2382 1813 2413 Est
1832 2392 1984 2420 securus,
2009 2384 2082 2415 sine

1103 2422 1219 2454 timore
1241 2421 1314 2454 Dei.
1350 2424 1379 2455 2,
1405 2423 1513 2456 Habet
1536 2424 1689 2456 fiduciam
1713 2426 1777 2456 sui:
1801 2425 2007 2457 Erdeneket:
2028 2425 2082 2455 ich

1103 2464 1153 2493 bin
1176 2467 1226 2495 ein
1247 2465 1451 2506 krz'eyesman,
1486 2466 1531 2496 Es
1563 2468 1618 2498 lmt
1640 2470 1698 2498 φησί·
1720 2470 1771 2498 nie
1793 2468 1996 2507 nissi-linimen:
2029 2468 2083 2498 «lte

1101 2507 1225 2538 rechten
1247 2509 1432 2549 k're‘eyesleut
1453 2510 1574 2550 lzanyen
1598 2513 1655 2540 mir
1678 2522 1732 2548 cm,
1756 2513 1804 2540 als
1827 2511 1883 2540 der
1906 2512 2081 2543 Ventidius

1102 2550 1230 2582 Bassus
1252 2553 1295 2582 ist
1318 2553 1374 2582 der
1396 2554 1520 2585 rechten
1543 2555 1790 2595 capitaneorum
1821 2555 1905 2583 einer
1932 2564 2079 2594 yeme-ren,

1101 2594 1156 2635 qui
1180 2595 1273 2626 duxit
1292 2598 1471 2628 exercitum
1494 2598 1658 2628 adversus
1679 2597 1832 2634 Parthos,
1856 2604 1888 2627 et
1912 2598 1990 2629 vicit
2009 2608 2078 2630 eos.

80 2627 179 2660 Filius
193 2629 255 2659 Dei
280 2630 420 2672 attingit,
443 2632 658 2673 apprehendit
676 2644 749 2674 nos,
775 2636 914 2667 induens
939 2635 1052 2667 huma-
1075 2635 1078 2668 Ι
1101 2636 1175 2669 Fuit
1201 2639 1340 2680 primum
1363 2639 1476 2678 mulio,
1505 2641 1553 2669 ein
1577 2639 1777 2677 Eseltreiber‚
1808 2640 1943 2669 hernach
1976 2642 2019 2671 ist
2048 2651 2081 2671 el·

234 2697 379 2717 MELANTH.
396 2700 476 2718 emin.
491 2700 555 2719 VOL.
569 2700 635 2721 XXV.
