2374 2985
201 145 259 176 103

196 246 225 270 et
252 240 357 269 indit-ii
384 239 494 270 futuri.
543 238 583 269 Ut
608 250 680 269 cum
708 238 810 275 Abel,
845 239 895 269 cui
920 237 1013 269 Deus
1038 237 1173 268 dederat
1196 240 1199 269 i

195 282 427 319 tes.inioiiiu111‚
451 281 539 322 quod
562 291 635 312 euni
655 282 849 322 recepisset,
868 286 932 311 tam
953 279 1129 312 crudeliter
1153 290 1172 310 a
1196 295 1199 327 ξ

195 323 296 356 fratre
322 324 525 355 interficitur.
561 323 668 355 Dolor
690 324 785 355 Adae
809 331 839 354 ct
854 323 955 361 Evae,
979 333 1074 364 quem
1098 322 1173 353 inde
1197 329 1199 365 Ι

193 375 423 409 perceperunt,
446 366 505 398 fuit
529 368 576 398 eis
601 372 729 408 ιιμωριά
755 374 785 398 et
808 367 978 406 δοκιμασία.
1003 365 1172 407 Sedquod

194 412 234 441 ml
261 410 345 441 Abel
373 411 548 447 attinebat,
584 416 653 441 erat
685 410 856 451 μαρτύριον.
914 409 970 440 Sic
1005 408 1172 446 Ieremias,

194 453 328 491 Paulus,
353 453 503 494 Baptista
528 452 774 484 interficiuntur.

281 496 370 527 llaec
396 495 558 537 supplicia
586 496 732 536 ipsorum
755 502 830 527 sunt
855 495 1058 531 testimonia,
1082 494 1172 535 quod

193 540 355 570 senserint
382 539 565 569 doctrinam
589 549 666 569 csse
691 548 818 569 verani:
844 538 919 579 quia
942 535 1171 577 praetulerunt

193 593 265 613 eam
289 583 385 612 vitae.
432 581 510 612 Item
540 582 626 622 quod
656 592 722 612 non
754 579 915 612 coluerint
941 580 1046 611 Deum
1068 581 1170 611 ambi-

193 626 303 655 tionis.
328 623 516 665 voluptatis.
541 625 697 655 :ix-:niniae
722 634 854 659 caussa,
878 623 935 653 sed
950 630 1086 664 propter
1099 622 1170 665 glo-

194 669 272 698 riam
297 667 374 698 Dei:
411 674 439 697 ct
465 669 549 707 quod
577 667 679 698 Dcuni
704 667 808 708 inagis
833 665 1036 703 dilexerunt,
1072 676 1170 707 quam

193 712 278 742 vitae
326 710 420 741 huius
455 709 742 750 tranquillitatem,

193 764 316 786 omnes.
342 753 489 794 lnprimis
514 763 593 783 vcro
607 758 778 789 testantur,
803 752 891 793 quod
906 757 1010 783 restet
1023 750 1110 783 aliud
1124 752 1170 783 iu-

192 797 322 834 dicium,
346 797 376 826 in
401 806 463 837 qun
479 795 570 826 Deus·
591 794 766 836 patefaciat
786 795 865 825 iram
890 805 983 826 suam
1005 795 1170 826 adversus

192 840 326 880 impios,
362 846 390 869 et
426 839 554 869 ornabit
579 837 684 879 gloria
707 848 799 869 suos.
845 838 918 868 Non
942 838 1029 869 enim
1053 848 1169 878 appro-

192 884 281 913 bavit
305 893 363 913 cos
388 887 495 918 antea,
521 888 553 911 ut
578 882 639 911 sint
662 887 785 911 tantum
809 881 932 918 miseri,
956 891 996 911 ac
1019 882 1169 923 redigen-

789 720 886 750 quam
922 715 1071 740 caeteras
1115 718 1170 740 res

191 933 244 956 tur
268 927 298 956 in
323 923 470 955 nihilum:
497 934 557 955 nec
582 925 654 955 ideo
679 924 781 955 reiicit
806 924 933 965 impios,
957 930 992 955 ut
1010 930 1169 965 perpetuo

192 969 253 999 sint
282 968 449 998 florentes.

277 1011 368 1041 llaec
404 1014 531 1049 oportet
556 1020 617 1041 nos
641 1010 745 1047 scire,
779 1015 813 1040 ut
843 1019 910 1040 non
934 1015 1083 1050 putemus
1108 1020 1170 1041 nos

190 1061 366 1095 propterea
390 1053 534 1084 reiectos
559 1062 646 1090 esse,
669 1052 796 1083 etiamsi
820 1052 854 1083 in
867 1052 1082 1085 confessione
1104 1063 1170 1084 mo-

189 1098 300 1128 rimur.
334 1096 401 1127 lmo
418 1094 592 1126 Ecclesiae
614 1096 782 1136 proprium
805 1101 874 1133 est,
898 1096 1074 1127 ostendere
1094 1106 1171 1127 con-

190 1137 367 1171 fessionem
402 1138 574 1169 doctrinae
610 1139 681 1169 sive
710 1139 874 1179 patiamur
897 1145 1063 1177 extrema,
1098 1140 1171 1170 sive

189 1180 375 1214 liberemur.
410 1180 449 1212 Et
466 1192 663 1222 quamquam
687 1184 784 1213 etiam
807 1182 916 1213 sancti
939 1192 1005 1213 non
1029 1188 1105 1213 sunt
1128 1182 1171 1213 si-

190 1236 231 1257 ne
255 1231 415 1266 peccato,
451 1224 539 1265 quod
563 1223 722 1265 reliquum
747 1230 799 1256 est
822 1225 855 1255 in
879 1230 948 1256 tota
971 1231 1089 1256 natura
1111 1224 1170 1256 ho-

189 1269 322 1305 minum,
347 1274 454 1299 tamen
478 1277 610 1309 semper
632 1267 698 1299 hoc
721 1268 898 1299 tenendum
921 1274 988 1299 est:
1024 1268 1171 1298 Pretiosa

187 1316 235 1342 est
259 1322 339 1340 mors
361 1314 535 1340 sanctorum
557 1312 590 1340 in
613 1314 779 1350 conspectu
792 1310 937 1346 Domini3
960 1311 1016 1352 qui
1038 1312 1170 1352 quidem

188 1353 270 1392 vult,
293 1353 390 1385 etiam
413 1363 539 1384 summa
572 1352 696 1385 lumina
717 1352 908 1389 Ecclesiae,
943 1353 1015 1386 fieri
1040 1352 1170 1386 confor-

187 1398 251 1429 mia
273 1397 425 1439 imaginis
448 1395 506 1427 filii
529 1397 590 1428 sui.

273 1442 320 1472 lta
342 1439 482 1481 insignis
506 1438 632 1471 Schola
655 1445 708 1471 est
730 1439 954 1471 consideratio
977 1440 1069 1472 necis
1093 1449 1170 1472 san·

187 1489 325 1520 ctorum,
349 1488 382 1514 et
405 1483 446 1514 de
468 1483 605 1514 summis
627 1483 729 1515 rebus
752 1493 816 1514 nos
838 1483 1006 1521 admonet,
1029 1493 1170 1525 quarum

187 1526 343 1568 cogitatio
367 1526 567 1567 opponenda
589 1531 641 1557 est
663 1525 814 1557 humanis
838 1526 984 1565 iudiciis,
1012 1536 1097 1568 quae
1121 1525 1168 1557 of-

186 1568 366 1601 fenduntur
398 1569 469 1600 istis
504 1567 708 1610 spectaculis
743 1568 948 1600 dissimilium
979 1576 1167 1601 eventuum.

187 1612 274 1648 Quid
307 1617 360 1643 est
387 1612 473 1642 enim
497 1610 703 1643 dissimilium
726 1622 824 1654 quam
846 1612 936 1643 Nero
961 1619 994 1643 et
1016 1611 1169 1645 Paulus?

187 1654 230 1687 Et
252 1660 362 1686 tamen
375 1653 499 1687 Paulus
523 1655 620 1686 toties
640 1661 795 1687 servatus
818 1661 926 1693 antea,
946 1654 1115 1687 laceratur
1127 1656 1169 1688 ab
1192 1621 1197 1694 Ι

187 1697 245 1729 illa
267 1696 459 1729 foedissima
488 1697 606 1729 bestia.
652 1697 739 1733 Quid
767 1696 958 1730 dissimilius
981 1698 1115 1730 Herode
1138 1704 1171 1730 et

187 1741 363 1782 Baptista?
387 1751 483 1782 quem
506 1746 619 1772 natum
641 1739 801 1783 singulari
823 1741 888 1773 Dei
911 1751 1032 1782 opere,
1056 1748 1089 1773 et
1111 1752 1170 1773 vo-

188 1790 295 1815 catum
318 1784 360 1814 ad
383 1793 546 1815 summum
568 1784 801 1823 ministerium,
825 1790 857 1815 et
885 1790 1037 1816 ornatum
1061 1784 1171 1817 excel·
1194 1790 1198 1834 Ι

189 1826 334 1858 lentibus
358 1826 466 1864 donis,
490 1826 641 1858 interficit
665 1826 841 1869 Tyrannus
866 1833 932 1858 tam
956 1827 1033 1859 cito.

275 1869 370 1900 Hanc
392 1869 564 1901 historiam
586 1869 685 1902 hodie
697 1871 917 1907 considerate,
941 1876 974 1901 et
985 1871 1170 1903 exuscitate

189 1922 250 1944 vos
275 1913 316 1943 ad
341 1912 547 1944 modestiam.
593 1912 669 1944 Non
693 1914 855 1955 cogitate,
878 1911 959 1944 nihil
982 1912 1070 1946 aliud
1093 1924 1171 1947 esse

189 1956 315 1992 vivere,
338 1956 402 1986 nisi
424 1953 534 1987 fruere
557 1961 590 1987 et
611 1955 758 1988 insanire
766 1968 774 1992 ;
798 1957 885 1988 sicut
907 1954 999 1988 multi
1021 1964 1169 1989 vestrum

188 1997 313 2030 faciunt
337 1999 408 2030 istis
432 1998 548 2030 diebus
571 1996 684 2030 festis:
708 2005 740 2030 et
763 2000 848 2031 sicut
870 1997 925 2031 ille
948 1998 1068 2032 nebulo
1092 1999 1171 2033 fecit

188 2042 222 2072 in
246 2042 354 2084 Syria,
378 2041 444 2082 qui,
468 2042 598 2083 quando
622 2043 727 2083 probe
750 2041 917 2074 helluatus
941 2048 1025 2081 erat,
1055 2043 1170 2076 effere-

188 2085 287 2116 batur
320 2085 352 2115 in
382 2083 470 2116 lecto
500 2090 665 2126 tamquam
694 2091 861 2124 mortuus,
896 2091 928 2117 ct
951 2086 1085 2118 iubebat
1108 2087 1169 2119 has

189 2138 293 2158 voces
305 2128 396 2159 addi:
408 2129 553 2168 βεβίωκα,
565 2130 710 2168 βεβίωκα,
724 2130 803 2167 vixi,
817 2130 885 2158 vixi
895 2139 903 2166 3
921 2129 1057 2171 putabat
1070 2131 1170 2162 vitam
1192 2124 1197 2137 ¹

190 2180 266 2201 esse
288 2169 353 2202 hoc
377 2171 484 2212 ipsum
506 2170 666 2209 helluari,
689 2177 722 2202 et
750 2171 906 2203 insanire.
952 2171 1080 2204 Videtis
1103 2183 1170 2205 ma-

189 2214 390 2255 gnitudinem
413 2223 610 2255 poenarum,
633 2223 719 2256 quae
742 2213 1028 2248 commonefacere
1040 2226 1104 2248 nos
1116 2216 1170 2249 de-

188 2256 278 2294 bent,
303 2262 338 2288 ut
362 2257 464 2289 simus
487 2257 716 2289 modestiores.

859 143 966 177 l'lllL.
993 143 1092 176 §ll-212.
1117 142 1302 175 SCRIPTA
1324 141 1586 175 EXEGETICA.

2146 144 2206 176 104

1352 236 1572 269 DOMlNlCA
1600 237 1670 268 llll.
1696 236 2074 269 POSTTRINITATIS.

1473 348 1741 390 Evangelium
1766 349 1900 381 Lucae
1923 350 1952 380 6.

1223 459 1332 490 Estote
1355 461 1580 491 nn’serimrdes.
1604 462 1684 490 sicut
1697 460 1796 490 Pater
1820 465 1932 491 oesters
1959 463 2203 497 111iseric·orsest‚

1681 526 1738 552 ele.

1308 631 1343 662 ln
1367 632 1455 662 omni
1477 630 1620 663 lectione
1644 632 1744 663 totius
1764 630 1982 674 propheticae
2005 642 2038 665 et
2061 635 2204 675 Aposto-

1220 673 1306 706 licac
1318 674 1521 715 scripturae,
1546 686 1677 716 semper
1700 676 1839 716 primum
1864 677 2077 718 cogitandum
2095 683 2147 709 est
2163 677 2206 709 de

1222 717 1351 749 duobus
1376 718 1512 748 summis
1536 719 1699 759 capitibus
1714 720 1896 758 doctrinae,
1923 718 2075 751 videlicet
2098 720 2140 751 de
2161 719 2204 751 le-

1222 770 1264 800 ge
1288 766 1318 791 et
1330 759 1531 801 Evangelio:
1557 769 1588 792 et
1602 762 1891 801 considerandum,
1913 773 1954 793 an
1973 761 2084 801 lectio,
2107 773 2205 804 quam

1221 803 1383 834 habemus
1406 814 1487 845 prae
1511 805 1678 839 manibus,
1702 806 1745 836 sit
1769 804 1887 847 legalis
1911 804 1966 837 vel
1990 804 2203 847 Evangelica.

1222 846 1314 878 Haec
1337 846 1506 889 diligentia
1529 846 1627 879 valde
1651 850 1842 880 necessaria
1867 855 1918 879 est
1940 850 1982 880 ad
2005 855 2098 880 recte
2114 847 2204 880 intel-

1222 889 1377 931 ligendos
1401 897 1523 927 textuS,
1547 897 1576 922 et
1601 892 1643 922 ad
1667 893 1932 923 conservandam
1954 893 2128 933 puritatem
2148 893 2204 924 do-

1223 933 1359 964 ctrinam
1404 933 1488 964 Nam
1511 935 1635 965 amisso
1659 935 1847 966 discrimine
1870 934 1955 976 legis
1974 941 2005 966 et
2018 934 2204 978 Evangelii,

1223 981 1406 1016 sequuntur
1440 975 1616 1008 horribiles
1654 979 1822 1016 tenebrae,
1845 977 1963 1020 quales
1993 984 2130 1019 experta
2153 984 2206 1010 est

1223 1019 1377 1060 superior
1400 1026 1504 1057 aetas,
1527 1027 1559 1051 et
1583 1019 1697 1062 quales
1721 1020 1831 1053 adhuc
1854 1023 1982 1053 suntin
2002 1028 2134 1063 papatu.

1224 1168 1362 1218 Qualis
1395 1183 1491 1224 ergo
1524 1175 1586 1208 est]
1617 1170 1717 1208 haec
1749 1172 1899 1220 concio,
1927 1178 2040 1211 estne
2070 1170 2205 1212 Evan-

1497 1247 1635 1302 gelica‚
1667 1247 1734 1287 vel
1766 1248 1901 1302 legalis
1913 1248 1932 1289 ⁴?

1309 1353 1371 1385 Est
1394 1353 1530 1397 legalis:
1560 1354 1638 1397 quia
1666 1361 1718 1387 est
1745 1355 1896 1388 doctrina
1919 1356 2092 1388 continens
2114 1365 2205 1398 prae-

1223 1403 1320 1440 cepta
1342 1398 1384 1430 de
1406 1398 1503 1430 bonis
1525 1398 1694 1439 operibus.

1223 1547 1297 1589 Ad
1329 1548 1439 1603 quod
1470 1562 1600 1604 genus
1631 1562 1861 1590 caussarum
1900 1548 2037 1589 referri
2068 1554 2204 1604 potest

1549 1626 1591 1667 in
1621 1626 1872 1667 Rhetoricis?

1307 1726 1362 1757 Ad
1385 1735 1492 1768 genus
1515 1727 1720 1765 suasorium,
1743 1727 1786 1758 ad
1810 1727 1900 1768 quod
1923 1726 2089 1768 pertinent
2110 1735 2204 1767 prae-

1223 1769 1407 1810 ceptiones,
1431 1770 1693 1811 obiurgationes,
1716 1769 1792 1800 item
1809 1770 2060 1811 promissiones,
2074 1774 2107 1801 et
2119 1779 2204 1801 com-

1222 1812 1432 1851 minationes,
1472 1813 1558 1844 sicut
1587 1813 1681 1844 scitis
1718 1813 1751 1844 in
1779 1813 1951 1845 suadendo
1984 1812 2069 1844 sumi
2107 1822 2204 1855 argu-

1223 1861 1334 1889 menta
1356 1857 1398 1887 ab
1421 1855 1491 1888 utili
1514 1861 1548 1887 et
1571 1855 1685 1888 inutili.

1222 2003 1379 2046 Suntne
1411 2005 1535 2045 etiam
1566 2011 1782 2060 praecepta
1813 2004 1954 2045 similia
1985 2004 2027 2045 in
2048 2004 2203 2060 scriptis

1222 2082 1524 2138 Philo-sophicis,
1567 2096 1672 2136 quae
1704 2088 1930 2136 congruant
1960 2096 2054 2123 cum
2085 2096 2203 2137 prae-

1477 2158 1604 2215 ceptis
1635 2158 1753 2199 huius
1784 2158 1948 2200 textus?

1310 2258 1382 2291 Lex
1404 2257 1516 2301 aliquo
1539 2258 1638 2290 modo
1662 2263 1713 2290 est
1736 2264 1875 2290 naturae
1887 2264 1978 2296 nota,
1996 2264 2028 2290 et
2039 2259 2204 2300 pertinent

1223 2302 1309 2335 haec
1336 2307 1516 2344 praecepta
1542 2301 1750 2342 potissimum
1778 2302 1822 2333 ad
1848 2302 2030 2334 secundam
2057 2300 2204 2334 tabulam

1223 2344 1398 2387 Decalogi.
1443 2345 1519 2377 Ideo
1541 2343 1695 2386 leguntur
1715 2345 1841 2419 passim
1864 2346 1898 2377 in
1920 2345 2055 2386 scriptis
2077 2345 2203 2387 sapien-

1223 2395 1291 2420 tum
1303 2388 1519 2420 Ethnicorum
1540 2388 1628 2419 dicta
1651 2389 1722 2419 sim'
1739 2388 1781 2427 ia,
1804 2398 1890 2430 quae
1913 2394 1990 2420 sunt
2002 2386 2204 2420 conferenda

1224 2442 1298 2464 cum
1320 2430 1508 2473 Decalogo.
1551 2431 1637 2462 Nam
1659 2431 1849 2473 ubicunque
1875 2431 2000 2474 aliquid
2021 2431 2141 2464 dicitur
2163 2432 2205 2463 de

1223 2475 1412 2512 virtutibuS,
1447 2483 1524 2506 mox
1558 2474 1770 2517 cogitandum
1804 2480 1867 2513 est,
1889 2475 1933 2507 ad
1955 2474 2046 2516 quod
2068 2484 2204 2516 praece-

1223 2523 1316 2560 ptum
1338 2515 1503 2560 Decalogi
1525 2517 1613 2550 dicta
1634 2515 1692 2549 illa
1712 2518 1912 2559 pertineant.
1945 2517 2007 2549 Est
2029 2518 2115 2550 enim
2136 2516 2203 2550 De-

1224 2558 1489 2637 galogusbveluti
1510 2558 1634 2599 lumen,
1653 2570 1782 2604 regens
1804 2561 1994 2595 universam
2019 2561 2203 2594 doctrinam

1248 2614 1266 2637 e
1287 2614 1370 2637 mon
1394 2613 1447 2637 us.
