2374 2985
230 189 291 219 195

227 292 304 314 esse
329 283 581 313 conversionem
607 284 748 315 omnium
773 283 804 313 in
823 281 987 319 Ecclesia,
1007 282 1205 322 quibuscun-

227 335 291 367 que
314 326 451 356 vocibus
476 326 671 357 nominetur.
718 326 856 367 Oportet
880 325 948 356 fieri
975 323 1072 355 talem
1096 325 1204 355 morti-

227 369 432 406 ficationem,
457 375 486 399 et
510 368 606 399 talem
634 369 898 400 vivificationem.
954 367 1011 398 Isti
1040 374 1113 399 sunt
1139 368 1204 399 (1110
1228 383 1231 409 ;

227 418 335 442 motus
360 413 519 449 distincti3
554 411 638 443 alter
662 412 882 447 niortiiicans;
918 410 1000 442 alter
1031 411 1203 441 vivificans

228 455 328 486 eorda
352 456 391 485 ad
418 456 516 486 vitain
541 463 716 486 aeternam.

1228 525 1231 578 ἶ

249 637 465 688 Quomodo
499 638 571 678 fiat:
601 638 857 677 mortificatio
891 643 932 677 et
964 636 1182 677 vivificatio
1228 623 1230 657 i

616 724 655 762 in
687 723 812 762 nobis
1229 736 1231 759 1

1230 792 1231 805 1

311 831 372 863 llla
402 832 450 863 ¹sic
481 831 574 862 fiunt:
610 830 750 866 Quando
781 832 884 862 corda
908 838 1091 872 arguuntur
1119 841 1204 863 voce

226 875 310 916 legis
334 880 514 906 accusante
538 881 692 915 peccata,
718 880 796 905 tunc
820 875 961 915 Spiritus
986 880 1137 905 sanctum
1162 875 1204 905 si·
1229 878 1231 889 ³

224 917 292 950 mul
327 924 376 949 est
412 918 548 955 efficax,
589 918 672 947 sicut
702 916 866 948 Dominus
901 918 1021 958 inquit:

225 966 350 991 sanetus
387 965 494 999 “rynel
529 960 668 989 mundum
703 960 742 989 de
767 965 912 999 peccalo.
970 960 1095 991 Postea
1129 970 1230 991 cum·

224 1015 340 1036 rursus
365 1005 513 1035 audimus
539 1014 651 1034 vocem
676 1002 849 1045 Evangelii
878 1002 1105 1035 consolantem
1129 1014 1203 1042 nOS,

225 1048 364 1089 Spiritus
389 1054 524 1078 sanctus
548 1048 643 1077 etiam
668 1047 831 1088 perhanc
856 1057 972 1078 vocem
997 1053 1046 1077 est
1072 1045 1203 1085 efficax,

225 1091 285 1122 sed
316 1092 375 1128 ita,
404 1097 437 1121 ut
469 1100 531 1121 nos
562 1100 627 1120 non
657 1100 878 1129 repugnemus
908 1090 1042 1131 Spiritui
1068 1096 1202 1120 sancto:

226 1134 363 1174 Oportet
386 1133 470 1164 enim
494 1131 644 1173 ainple‹·¹i
669 1132 756 1163 illam
781 1144 906 1164 vocem.
954 1133 1091 1174 Oportet
1116 1133 1201 1173 cogi-

227 1178 286 1208 tari
322 1177 570 1217 promissionem
607 1175 842 1207 universalem:
878 1183 1007 1216 oportet
1039 1182 1072 1206 te
1101 1175 1229 1217 appli—¹

227 1231 303 1251 care
329 1221 382 1250 tibi
408 1218 506 1250 illam.
551 1219 591 1249 Et
616 1220 747 1260 qnando
777 1220 898 1249 recitas
928 1219 1141 1261 Symbolum,
1172 1225 1203 1249 et
1228 1216 1230 1246 ἶ

226 1264 323 1295 dicis:
349 1263 451 1291 Credo
472 1264 675 1291 remissionem
693 1266 902 1301 perculerunt,
919 1263 1023 1292 debes·
1037 1263 1202 1303 cogitare:
1228 1284 1230 1301 N

226 1306 333 1337 Credo
369 1316 433 1336 non
468 1312 592 1336 tantun!
627 1304 700 1336 aliis
737 1306 823 1343 dari,
858 1306 916 1336 sed
949 1305 1024 1335 mihi
1060 1309 1230 1347 quoque}

224 1349 288 1380 Ubi
307 1355 415 1380 autem
441 1355 491 1379 est
510 1348 705 1386 vivificatio,
737 1349 778 1379 ibi
804 1354 855 1379 est
879 1349 975 1379 etiam
999 1348 1123 1378 initium
1148 1358 1204 1378 no·
1228 1352 1231 1359 ¹

225 1403 286 1424 vae
310 1391 526 1423 obedientiae.
1227 1373 1230 1417 1

311 1435 405 1466 Hanc
429 1440 560 1476 oportet
582 1434 730 1465 inchoari
753 1434 784 1465 in
809 1434 922 1472 nobis,
945 1433 1020 1475 quia
1044 1443 1204 1464 vocamur
1228 1434 1231 1463 1

226 1485 255 1509 et.
278 1478 510 1516 iustificamur,
534 1488 600 1509 non
624 1484 659 1509 ut
683 1487 874 1508 maneamus
893 1477 925 1508 in
949 1477 1118 1517 peceatiS,
1143 1477 1204 1507 sed
1229 1488 1231 1520 Ι

227 1530 260 1552 nt
283 1522 346 1552 sint
376 1522 570 1559 conversio,
595 1521 659 1552 sint
683 1521 773 1551 initia
795 1531 903 1552 novae
926 1520 1148 1558 obedientiae,
1173 1526 1203 1551 et
1229 1526 1232 1538 ¹

225 1566 311 1596 vitae
335 1570 503 1596 aeternae.
1229 1540 1231 1605 1

311 1606 413 1639 Filius
441 1606 506 1638 Dei
535 1617 601 1638 non
631 1613 682 1637 est
704 1615 826 1648 passus
849 1617 910 1647 pro
933 1606 1048 1643 nobis,
1083 1611 1119 1637 ut
1142 1615 1204 1637 nos
1229 1609 1233 1649 f

225 1657 344 1692 postea
373 1651 404 1682 in
436 1651 527 1682 tetris
557 1649 723 1681 furoribus
747 1659 1016 1691 perseveremus:
1046 1649 1105 1680 sed
1129 1649 1204 1680 ideo

226 1704 347 1735 passus
382 1700 450 1731 est,
486 1700 520 1725 ut
551 1693 685 1725 tolleret
714 1699 890 1734 peccatum
918 1702 954 1723 re
980 1693 1069 1734 ipsa,
1104 1698 1136 1723 et
1158 1693 1204 1722 in-

226 1743 433 1768 sfauraretur
466 1748 553 1768 nova
583 1737 780 1768 obedientia.

227 1788 350 1822 typum.

1064 917 1204 956 »Spiritus
1228 932 1230 943 ε

837 1735 903 1767 lam
939 1734 1204 1777 contemplamini
1229 1771 1231 1788 ⁴

1230 1847 1231 1889 1

1230 1920 1232 1936 i

358 1945 462 2000 Typi
496 1944 688 1999 propositi
722 1945 761 1983 in
793 1944 869 1984 hac
902 1943 1076 1984 historia.

314 2052 394 2085 Illae
417 2060 485 2084 tres
511 2059 621 2094 partes
641 2058 715 2083 sunt
741 2053 771 2082 in
796 2051 948 2090 muliere,
978 2053 1063 2083 sicut
1083 2052 1205 2082 dictum.

229 2102 294 2128 est:
329 2103 501 2138 praeterea
531 2102 606 2126 sunt
636 2095 678 2126 ibi
708 2094 889 2126 antitheses
919 2094 1088 2136 pulchrae.
1145 2094 1206 2125 Est

228 2141 312 2172 enim
333 2140 534 2171 Pharisaeus
557 2138 611 2175 ibi,
636 2139 690 2180 qui
710 2138 858 2169 inritavit
884 2137 1062 2176 Christum,
1085 2138 1117 2169 id
1141 2143 1203 2175 est,

228 2182 383 2215 Ecclesia
406 2182 504 2214 habet
530 2183 593 2212 duo
619 2192 774 2221 corpora:
809 2180 941 2221 Corpus
967 2181 1203 2218 Pharisaicum,

228 2227 485 2268 hypocriticnm,
509 2232 539 2255 et
563 2224 628 2255 hoc
652 2223 845 2265 plerumque
874 2230 1007 2265 regnat,
1037 2224 1124 2265 quod
1148 2223 1203 2254 ha-

229 2270 285 2301 bet
310 2270 559 2310 persuasionem
590 2278 670 2298 suae
699 2268 855 2304 iustitiae,
884 2273 915 2297 et
944 2267 1144 2308 sapientiae,
1173 2272 1206 2297 et

229 2323 266 2343 se
300 2311 512 2354 magnifacit,
549 2317 579 2342 et
603 2321 640 2341 se
664 2312 783 2341 iustum
808 2316 918 2351 putat,
947 2316 1082 2351 propter
1111 2320 1204 2341 suam

230 2355 453 2394 disciplinam,
482 2365 565 2396 quae
589 2360 637 2384 est
662 2354 803 2384 iustitiae
828 2354 947 2383 carnis.
1004 2353 1205 2384 Pharisaeus

229 2399 292 2429 iste
315 2399 528 2438 imaginatur,
552 2408 588 2428 se
612 2407 690 2428 esse
712 2397 815 2428 virum
840 2403 1010 2434 sanctum,
1034 2397 1206 2427 doctorem

229 2442 261 2473 in
283 2441 407 2482 populo
431 2441 511 2478 Dei,
536 2447 568 2471 et
587 2440 698 2470 invitat
725 2438 909 2477 Christum,
937 2449 1001 2469 non
1033 2446 1067 2469 ut
1098 2440 1139 2470 ab
1166 2449 1206 2469 eo

230 2483 351 2525 aliquid
376 2485 500 2522 discat,
520 2489 577 2515 aut
600 2482 724 2525 aliquid
747 2483 908 2523 accipiat,
932 2482 990 2512 sed
1013 2487 1047 2513 ut
1071 2482 1141 2522 ipse
1165 2482 1207 2512 sit

231 2527 400 2559 beneficus
424 2528 454 2558 in
478 2528 583 2558 virum
607 2527 757 2563 doctum,
780 2536 845 2556 non
871 2531 904 2556 ut
928 2524 1004 2556 velit
1029 2526 1069 2555 ab
1094 2535 1134 2555 eo
1154 2535 1206 2556 ac-

233 2571 341 2612 cipere
364 2571 530 2601 iustitiam.

318 2611 412 2644 Alter
436 2619 551 2644 coetus
576 2613 606 2643 in
631 2610 800 2648 Ecclesia,
831 2617 882 2641 est
911 2608 967 2641 illa
991 2610 1112 2641 misera
1135 2621 1208 2650 pcc·

232 2656 334 2687 catrix
371 2655 500 2687 mulier:
536 2656 567 2686 id
602 2661 672 2694 est,
705 2654 737 2685 hi
772 2654 826 2696 qui
855 2659 1043 2695 agnoscunt
1072 2662 1108 2684 se
1131 2663 1236 2688 esse.

865 188 973 219 PlllL.
1000 187 1100 218 MEL.
1126 186 1311 218 SCRIPTA
1337 187 1599 219 EXEGETICA.

1227 895 1230 912 :
1257 886 1343 915 omni
1375 886 1579 916 aeternitate.

2175 190 2235 222 196

1256 288 1472 324 peccatores,
1496 283 1550 324 qui
1575 284 1719 314 sentiunt
1742 293 1803 314 sua
1826 283 1979 322 vulnera,
2003 283 2112 326 aliquo
2138 286 2236 317 modo

1257 323 1390 356 saltem:
1415 325 1445 356 hi
1469 332 1654 366 agnoscunt
1679 325 1770 357 illum
1798 325 1956 357 Messinm
1988 326 2099 366 aliter,
2136 335 2235 370 atque

1257 367 1475 404 Pharisaens;
1498 375 1609 410 petunt
1635 370 1676 399 ab
1702 379 1742 400 eo
1761 371 1989 401 remissione-n
2011 378 2234 412 peccatorum,

1230 425 1231 428 ¹
1256 412 1421 452 accipiunt
1446 412 1487 442 ab
1513 423 1551 442 eo
1576 412 1749 448 iustitiam,
1780 419 1811 443 et
1836 411 1946 443 colunt
1973 424 2045 444 enm
2075 412 2148 445 aliis
2169 425 2236 446 rno-

1229 460 1230 465 ’
1258 455 1325 492 dis,
1352 465 1449 496 quam
1475 454 1686 486 Pharisaeus.

1732 454 1933 487 Pharisaeus
1959 467 2023 487 non
2048 458 2169 499 accipit
2190 459 2236 489 iu-

1229 500 1230 503 ’
1257 498 1377 528 stitiam
1404 509 1423 528 a
1452 496 1604 529 Christo:
1640 497 1832 529 muliercula
1861 500 1979 540 accipit
2011 501 2165 532 iustitiam
2193 502 2234 533 ab

1256 549 1313 577 eo,
1339 539 1415 570 colit
1440 552 1513 572 eum
1539 541 1612 578 fide,
1637 547 1667 571 et
1692 542 1782 572 addit
1807 543 1991 573 testimonia
2017 543 2103 581 iidei,
2124 542 2236 575 officia

1256 582 1490 615 confessionis.

1344 626 1415 657 1100
1432 634 1478 658 est
1501 625 1581 657 illud
1601 627 1739 658 alterum
1759 638 1881 668 corpus
1901 628 1930 659 in
1944 627 2109 667 Ecclesia,
2123 640 2234 661 eorum

1257 670 1311 711 qni
1334 670 1565 706 iustificantur,
1584 670 1734 701 homines
1754 677 1891 711 agentes
1915 672 2160 711 poenitentiam,
2181 673 2235 714 qui

1258 713 1403 743 sentiunt
1424 716 1488 744 ‘sua
1511 712 1669 751 vulnera,
1701 719 1732 744 et
1756 714 1821 744 fide
1845 722 2033 755 agnoscunt.
2056 715 2144 746 hunc
2167 715 2235 747 Do-

1230 771 1231 776 *
1257 756 1376 786 minum
1407 766 1482 787 esse
1517 757 1668 795 missmn,
1703 762 1736 787 ut
1767 766 1825 797 per
1855 766 1928 787 011111
1957 764 2112 789 aeternus
2138 758 2236 789 Pater

1230 810 1231 814 ¹
1256 797 1426 839 placatus,
1452 800 1583 840 recipiat
1606 807 1744 839 agentes
1767 800 2020 841 poenitentiarii,
2045 808 2073 831 et
2101 800 2238 843 colligat

1256 842 1319 872 sibi
1354 848 1522 873 aeternam
1556 842 1762 879 Ecclesiam,
1797 842 2040 875 celebraturam
2069 845 2174 885 ipsum
2203 846 2236 875 in

1638 886 1703 916 Sed
1739 885 1796 917 illa
1832 885 1960 917 misella
1994 886 2148 918 Ecclesia
2185 893 2236 918 est

1228 951 1230 965 ς
1257 934 1444 969 contempta
1468 935 1500 959 et
1523 935 1636 969 spreta
1660 930 1701 959 ab
1722 928 1911 970 Epi-scopis,
1932 929 2132 968 Pharisaeis,
2153 930 2237 961 Pon-

1257 970 1401 1002 tificibus
1425 973 1572 1012 magniS,
1596 978 1627 1001 et
1652 973 1911 1012 praestantibus:
1937 974 2023 1003 sicut
2036 972 2236 1004 Pharisaeus

1257 1014 1350 1046 dicit:
1385 1014 1422 1043 Si
1444 1014 1495 1043 Ιιίι·
1519 1018 1597 1044 esset
1619 1014 1799 1054 Propheta,
1834 1017 1928 1045 sciret
1951 1027 2044 1056 qnae,
2076 1020 2105 1045 et
2135 1016 2237 1056 qualit

1257 1061 1335 1086 esset
1356 1057 1416 1086 Ιιαι·
1439 1057 1559 1092 nudior,
1583 1068 1660 1097 q‘me
1684 1060 1786 1097 tanyit
1810 1069 1884 1089 enm.

1304 1258 1523 1306 Quomodo
1556 1258 1662 1297 sedit
1695 1258 1896 1305 Christus,
1929 1273 2021 1297 cum
2056 1259 2196 1298 mulier

1430 1335 1696 1374 contrectavit
1728 1337 1852 1389 pedes
1887 1335 2065 1375 Christi?

1342 1442 1451 1474 Pedes
1474 1442 1607 1474 fuerunt
1626 1443 1724 1483 positi
1743 1443 1774 1473 in
1794 1443 1867 1484 ipso
1887 1453 2035 1481 scamno,
2049 1444 2080 1474 in
2098 1442 2234 1482 lectulo,

1255 1486 1287 1517 in
1311 1496 1376 1527 quo
1402 1486 1564 1517 accubuit.
1612 1486 1762 1517 Pictores
1787 1496 1852 1517 non
1872 1492 1963 1517 recte
1987 1487 2153 1518 imitantur
2176 1498 2235 1518 no-

1256 1536 1359 1560 stram
1382 1535 1591 1570 praesentem
1616 1531 1904 1567 consuetudinem,
1933 1531 1964 1560 in
1994 1530 2057 1561 ista
2086 1530 2235 1562 historia.

1255 1572 1361 1602 silari«
1395 1574 1437 1602 ist
1471 1572 1556 1602 nicht
1590 1573 1687 1601 under
1722 1572 1773 1602 die
1808 1572 1907 1602 bam-k
1939 1572 2134 1612 yet-rochen,
2169 1583 2236 1604 non

1256 1616 1372 1647 subter
1406 1626 1553 1647 mensam
1593 1616 1717 1647 abdidit
1756 1625 1812 1654 se,
1855 1622 1889 1646 ut
1923 1622 2097 1658 quaereret
2133 1617 2236 1657 pedes

1257 1657 1391 1690 Christi.
1436 1658 1508 1690 Fuit
1532 1660 1665 1700 antiqua
1689 1659 1917 1697 consuetudo,
1944 1664 1980 1689 ut
2003 1659 2237 1690 accumberent

1256 1702 1298 1733 ad
1322 1711 1480 1733 mensam.
1526 1702 1644 1733 Mensa
1666 1703 1739 1743 ipsa
1762 1707 1901 1733 vocatur
1924 1701 2102 1731 triclinium.
2153 1701 2237 1734 Fue-

1256 1751 1331 1776 runt
1354 1752 1423 1776 tres
1446 1744 1539 1783 lecti,
1566 1751 1598 1776 et
1621 1744 1847 1785 unusquilibet
1871 1745 2049 1786 occupavit
2073 1745 2235 1786 integrum

1230 1798 1231 1832 J
1255 1787 1422 1819 lectulum.

1344 1831 1501 1862 Homines
1533 1831 1703 1871 sapientes
1732 1829 1836 1862 semel
1867 1831 1908 1862 de
1932 1831 1984 1861 die
2008 1831 2235 1862 comederunt:

1256 1874 1356 1916 igitur
1379 1873 1550 1916 defatigati
1573 1873 1762 1912 laboribus,
1786 1884 1859 1905 cum
1884 1874 2059 1905 veniebant
2081 1873 2123 1904 ad
2146 1883 2236 1904 men-

1257 1927 1345 1955 sam,
1372 1918 1529 1948 volebant
1553 1927 1629 1948 esse
1653 1918 1772 1959 quieti3
1803 1918 1879 1958 quia
1902 1926 2017 1947 mensa
2041 1916 2137 1947 (lebet
2160 1925 2236 1947 esse

1257 1960 1353 1991 locus
1377 1961 1508 2002 quietis
1562 1960 1602 1991 Et
1626 1960 1699 1991 ideo
1728 1960 1921 1991 assidebant
1952 1966 2037 1995 tres3
2071 1960 2147 2000 quia
2178 1969 2236 1990 nu-

1258 2014 1369 2035 merus
1394 2004 1559 2034 ternarius
1583 2010 1631 2033 est
1648 2014 1726 2034 com
1736 2004 1850 2034 eniens
1868 2001 2048 2043 colloquio.
2074 2001 2234 2044 Dialogus

1258 2053 1308 2077 est
1340 2045 1533 2088 plerumque
1568 2047 1674 2077 trium.
1739 2046 1878 2086 Oportet,
1908 2055 1984 2076 esse
2016 2045 2100 2075 duos
2131 2044 2235 2076 eollo-

1258 2096 1414 2131 quentes,
1444 2095 1474 2119 et
1506 2090 1620 2120 tertius
1653 2095 1703 2119 est
1732 2088 1827 2130 quasi
1851 2089 1973 2119 arbiter
1996 2087 2234 2130 inter-loquens.

1258 2133 1350 2164 Sicut
1372 2133 1404 2163 in
1429 2131 1572 2173 dialogis
1596 2130 1759 2163 Platonis:
1784 2137 1815 2162 et
1838 2132 1925 2172 apud
1950 2130 2146 2162 Ciceronem
2170 2130 2236 2163 col-

1256 2174 1434 2217 loquuntur
1454 2173 1616 2206 Scaevola
1626 2198 1636 2211 Α.
1661 2174 1823 2212 Crassus,
1848 2181 1876 2204 et
1897 2174 2074 2205 Antonius.

1345 2218 1464 2249 Omnia
1499 2217 1650 2258 exempla
1682 2218 1884 2259 antiquitatis
1918 2216 1989 2248 fere
2023 2216 2145 2248 habent
2177 2215 2236 2248 ali·

1259 2273 1355 2304 quam
1379 2260 1549 2302 pulchram
1573 2267 1603 2291 et
1632 2270 1769 2301 gravem
1794 2271 1958 2291 caussam.
2011 2259 2132 2291 Nostra
2158 2271 2236 2291 con·

1259 2305 1346 2336 vivia
1381 2310 1456 2335 sunt
1492 2303 1698 2333 Centaurica:
1732 2304 1864 2345 quando
1898 2302 1990 2334 multi
2025 2303 2234 2339 accumbunt,

1259 2355 1325 2379 tum
1350 2347 1470 2379 multos
1495 2352 1621 2387 oportet
1651 2352 1772 2377 tacere.
1825 2346 1859 2377 111
1890 2346 2052 2377 conviviis
2081 2347 2235 2377 nostrativ

1260 2393 1321 2422 bus
1345 2391 1455 2429 wer-sen
1479 2389 1544 2419 siclt
1568 2389 1620 2418 die
1643 2389 1811 2419 lum-karen
1835 2391 1889 2419 mit
1907 2389 2043 2423 lmunen,
2068 2389 2120 2418 die
2141 2389 2235 2428 yeler-

1259 2438 1308 2464 ten
1332 2435 1385 2463 mit
1408 2434 1499 2462 biisen
1526 2437 1649 2462 werten.

1346 2477 1533 2518 Antiquitas
1572 2474 1675 2507 semel
1711 2481 1836 2507 tantum
1879 2475 2073 2506 comedebat
2106 2475 2137 2505 in
2173 2475 2234 2505 die.

1259 2519 1333 2552 Hoc
1366 2530 1430 2550 non
1465 2517 1614 2560 intelligo
1647 2519 1687 2549 de
1716 2519 1940 2556 messoribus,
1975 2519 2015 2549 de
2046 2518 2170 2555 servis,
2195 2518 2236 2548 dc

1259 2563 1389 2604 pueris,
1424 2563 1476 2604 qui
1502 2561 1668 2592 habebant
1691 2572 1751 2593 sua
1776 2560 1955 2593 ientacula:
1983 2561 2042 2592 scd
2067 2560 2236 2592 honestio-

1260 2615 1314 2637 res
1338 2606 1490 2646 occupati
1515 2603 1681 2643 consiliis,
1715 2612 1744 2635 et
1777 2605 1974 2645 grandiores
2006 2610 2103 2642 natu,
2133 2601 2235 2634 semel

1261 2655 1384 2680 tantum
1409 2648 1628 2680 comederunt
1688 2648 1744 2679 Sic
1769 2648 1866 2679 etiam
1890 2648 1986 2678 nobIs
2010 2647 2162 2678 idoneum
2186 2656 2235 2678 es-
