2343 2970
98 171 162 204 209

99 265 260 297 laestinae
294 262 438 294 exhibita
471 266 557 292 sunt.
625 258 808 291 Debcbatis
843 258 941 300 igitur
975 267 1077 289 nosse

98 308 353 348 descriptionem
376 304 464 336 illius
487 309 608 340 terrae,
631 313 697 333 non
719 300 815 332 aliter
837 311 934 342 quam
958 301 1077 342 oppida

97 358 130 384 et
154 352 271 382 domus
294 355 437 386 vestras,
460 348 492 378 in
517 347 636 388 quibus
659 346 725 376 nati
749 344 840 375 estis.

185 393 293 425 Credo
318 402 384 422 non
408 389 511 422 fnisse
535 389 643 420 locum
667 387 758 419 ullibi
782 388 812 418 in
838 387 933 417 terris
958 386 1007 417 sie
1025 396 1076 417 or-

96 442 210 470 natum
233 435 387 477 pretiosis
411 435 528 471 rebus,
564 432 734 470 remediis,
769 436 801 461 et
824 428 986 461 fructibus
1012 436 1076 460 tam

98 480 288 523 generosis,
323 485 357 510 ut
392 476 579 508 Palaestina
609 474 678 507 suit.
723 474 876 515 Augusto
900 473 1076 514 quotannis

96 524 172 555 inde
195 523 318 553 missae
352 526 428 552 sunt
457 518 631 561 palmulae.
677 517 833 558 Pompeio
858 516 889 547 in
913 516 1075 556 triumpho

98 567 139 597 de
162 566 260 608 Syria
283 570 455 605 occupata,
491 561 658 604 praelatae
691 559 822 592 fuerunt
846 559 982 591 frondes
1007 558 1075 590 bal-

98 609 191 641 sami.

194 651 260 682 Sed
295 650 440 690 inprimis
476 654 609 690 propter
643 647 883 678 invocationem
918 645 1075 676 debemus

97 694 222 726 referre
257 701 397 724 mentem
429 698 460 723 et
484 691 601 722 oculos
626 691 667 721 ad
691 688 745 720 illa
771 689 862 726 loca,
897 689 930 719 in
954 689 1073 729 quibus

96 737 200 769 Filius
227 737 306 774 Dei,
341 736 503 766 Dominus
533 740 645 764 noster
668 732 760 763 iesus·
784 731 938 762 Christus
962 742 1074 762 versa·
1097 761 1100 775 ί

97 787 150 812 tus
175 787 236 813 est,
262 787 293 810 et
318 779 440 816 docuit,
464 784 493 819 et
519 777 703 807 testimonia
727 774 959 806 miraculorum
984 774 1073 804 addi-
1097 778 1101 819 ξ

98 824 161 858 dit3
196 824 271 864 quia
300 832 430 862 semper
464 821 494 850 in
518 820 728 851 invocatione
752 819 920 859 dirigenda
946 823 994 848 est
1021 828 1073 847 co-

98 867 212 908 gitatio
231 866 271 897 ad
295 865 381 895 hunc
405 863 523 900 Deum,
550 863 655 904 quise
679 860 832 902 patefecit
855 861 956 892 misso
980 859 1074 898 Filio,

98 916 130 940 et
152 909 227 939 dato
251 907 314 938 1100
337 908 449 937 verbo.

182 949 393 991 Evangelista
426 949 457 979 in
493 948 555 979 hac
590 947 726 978 historia
762 946 839 978 facit
875 948 1102 1018 mentionem}

99 992 351 1030 Dalmanuthae‚
386 1002 471 1033 quae
496 1002 558 1022 non
583 989 700 1033 procul
723 989 826 1022 abfuit
849 1000 868 1021 a
891 989 1072 1020 Damasco.

201 1159 310 1208 Quid
342 1158 539 1211 significat·
571 1171 720 1196 nomen
752 1155 968 1195 Damasci?

184 1248 395 1290 Respondet).
440 1248 627 1279 Damascus
663 1247 826 1289 significat
848 1256 977 1278 saccum
999 1255 1074 1278 san-

94 1292 221 1333 yuim's,
263 1293 482 1333 undecunque
517 1293 609 1332 origo
644 1290 874 1332 appellationis
910 1296 987 1320 nata
1020 1290 1073 1319 511.

95 1334 195 1376 Alqui
232 1335 344 1366 dicunt
379 1335 408 1365 in
444 1334 500 1366 illa
530 1335 649 1366 vicinia
677 1333 844 1364 conditum
868 1343 944 1364 esse
967 1333 1073 1362 Adam

95 1387 137 1409 ex
170 1379 271 1408 rubra
305 1384 403 1409 terra.
450 1376 492 1408 Et
526 1382 784 1408 consentaneum
821 1381 871 1407 est
902 1376 944 1406 ibi
969 1374 1073 1406 fuisse

95 1420 304 1454 Paradisum,
340 1421 416 1462 quia
439 1419 495 1451 illa
518 1419 613 1451 locus
636 1426 688 1450 est
711 1419 782 1450 sere
805 1419 945 1450 medium
968 1425 1074 1449 terrac

95 1462 272 1494 habitatae.
318 1463 360 1494 Et
383 1464 432 1495 510
466 1462 614 1504 plerique
648 1464 816 1500 scribunt,
852 1461 1074 1493 Palaestinam

95 1505 199 1538 fuisse
223 1507 458 1547 propemodum
483 1507 623 1537 medium
650 1506 775 1543 mundi,
801 1505 888 1547 quod
912 1503 1072 1546 intelliga-

96 1554 149 1580 tur
172 1559 239 1580 non
263 1550 303 1580 de
327 1550 443 1584 medio,
467 1559 528 1580 seu
550 1555 672 1591 puncto
687 1548 931 1586 mathematico,
954 1548 1015 1579 sed
1034 1548 1074 1578 de

95 1591 353 1623 habitationibus
373 1593 505 1634 generis
523 1591 656 1624 humani
681 1592 975 1629 commodioribus;
998 1592 1074 1632 quia

97 1644 138 1665 ex
162 1634 350 1666 Palaestina
383 1640 560 1676 potuerunt
592 1636 710 1666 itinera
745 1635 915 1665 commode
950 1634 1074 1665 institui

97 1682 186 1707 terra
205 1676 258 1707 vel
281 1678 372 1714 mari,
396 1678 465 1708 fere
488 1678 520 1707 in
543 1688 658 1708 omnes
671 1684 783 1718 partes
797 1679 888 1708 orbis
903 1684 1075 1714 terrarum,

99 1726 133 1749 ut
152 1729 210 1760 per
223 1729 311 1749 mare
325 1721 458 1750 rubrum
473 1720 504 1750 in
519 1720 686 1758 Arabiam,
700 1721 836 1759 Indiam,
850 1720 1074 1760 Aethiopiam:

98 1771 157 1802 per
191 1772 281 1792 mare
315 1763 587 1793 mediterraneum
616 1763 648 1793 in
671 1763 880 1804 Aegyptum,
915 1762 1074 1800 Africam,

99 1804 301 1845 Hispaniam,
325 1803 460 1842 ltaliam,
481 1804 664 1838 Graeciam,
685 1807 810 1845 Asiam,
829 1806 977 1847 Syriam3
1001 1805 1076 1836 inde

98 1857 218 1877 versus
244 1853 347 1878 ortum
372 1848 404 1878 in
427 1847 659 1889 Babyloniam,
684 1848 851 1885 Perdam,
875 1849 1075 1885 Armeniam,

98 1896 161 1920 etc.

184 1930 294 1974 Aliqui
319 1933 429 1963 dicunt
454 1932 710 1973 appellationem
724 1933 880 1963 Damasei
900 1933 974 1963 inde
990 1943 1076 1964 sum-

99 1981 188 2015 ptam
211 1985 303 2012 0550,
339 1977 415 2017 quia
451 1976 539 2006 circa
569 1974 624 2006 illa
658 1974 732 2007 loca
766 1976 900 2006 occisus
925 1977 967 2007 sit
989 1974 1077 2006 Abel

100 2026 120 2048 a
137 2015 237 2048 fratrc
256 2016 347 2048 Cain.
395 2017 490 2053 Quod
514 2019 542 2048 si
565 2019 609 2049 ita
634 2025 695 2056 est,
719 2018 896 2059 appellatio
919 2017 975 2049 illa
1000 2029 1076 2050 con-

100 2061 245 2091 servavit
276 2061 463 2092 memoriam
498 2062 593 2092 istius
613 2062 796 2102 parricidii,
832 2072 897 2103 quo
934 2068 1020 2092 terra
1044 2061 1104 2095 in,

100 2102 171 2133 istis
196 2102 277 2133 locis
301 2104 436 2144 primum
461 2114 643 2144 conspersa
666 2111 698 2135 et
717 2103 841 2145 polluta
864 2110 915 2135 051
933 2103 1075 2136 humano

100 2147 270 2187 sanguine.
1098 2126 1103 2176 l

188 2188 349 2220 Graecum
370 2189 566 2220 vocabulum
585 2189 688 2227 ἀσκὸς,
709 2196 758 2221 est
777 2200 796 2220 a
814 2200 898 2221 voce
913 2189 1074 2228 Hebraea,
1098 2182 1104 2235 j

101 2236 132 2262 et
150 2229 298 2263 similiter
315 2232 479 2273 significat
496 2237 608 2272 utrem,
624 2232 677 2263 vel
694 2243 831 2271 saccum,
845 2239 969 2263 tantum
987 2232 1076 2263 facta
1099 2241 1104 2258 ¹

101 2273 271 2305 metathesi
304 2272 482 2306 literarum.
536 2276 585 2305 Ac
621 2276 740 2307 Graeci
775 2277 986 2306 occasionem
1021 2276 1074 2306 isti

100 2317 222 2348 nomini
257 2318 367 2348 «latum
402 2318 589 2348 existimant
614 2318 706 2356 inde,
741 2320 829 2360 quod
859 2320 901 2350 ibi
927 2319 1075 2359 provenit

1099 1994 1105 2073 ——-
1097 1088 1105 1987 ψἫωμ-κῇ--γ
1098 1067 1101 1080 -

783 163 998 195 POSTILLA
1026 161 1422 194 MELANTHONIANA.

2043 160 2108 192 210

1127 257 1283 287 tationem
1316 265 1510 297 pauperum:
1546 256 1596 286 ein
1624 255 1802 291 Armlzaus,·
1842 255 1919 296 quia
1952 256 2016 286 sita
2043 254 2103 287 suit

1126 300 1158 330 in
1182 299 1266 330 locis
1286 301 1391 330 minus
1415 297 1526 336 cultis,
1550 308 1636 340 quae
1659 299 1747 329 «licta
1769 303 1844 328 sunt
1865 298 2013 334 deserta;
2036 308 2102 329 non

1127 343 1215 384 quod
1250 353 1345 374 nemo
1386 341 1552 373 hominum
1587 342 1630 372 ibi
1664 340 1882 378 habitaverit,
1927 340 1980 372 vel
2014 341 2102 382 quod

1127 385 1205 416 nulli
1237 387 1313 427 pagi
1347 391 1403 417 aut
1437 385 1556 426 oppida
1587 385 1630 415 ibi
1654 383 1790 415 fuerint:
1827 385 1887 414 sed
1922 384 2011 425 quod
2035 394 2102 415 non

1126 429 1223 460 fuerit
1257 430 1371 460 eadem
1394 428 1577 459 amoenitas
1602 433 1633 458 et
1656 426 1825 465 fertilitas,
1860 426 1966 468 qualis
1991 426 2048 458 fuit
2071 428 2103 458 in

1125 471 1198 503 aliis
1224 473 1372 513 partibus
1396 471 1537 502 Iudaeae
1556 476 1586 501 et
1609 469 1789 502 Galilaeae.
1835 470 1913 501 lude
1938 470 2033 501 etiam
2056 481 2103 501 re-

1126 516 1179 556 gio
1200 517 1261 547 ista
1281 516 1399 553 vicina,
1425 515 1512 545 dicta
1533 513 1825 551 suitTrachonitiS,
1848 515 1889 544 ab
1909 514 2104 554 asperitate5

1127 559 1203 599 quia
1231 558 1364 590 fuerunt
1397 557 1472 589 loca
1504 556 1639 589 horrida
1673 563 1705 588 et
1741 555 1960 598 confragosa,
1994 555 2104 598 qualia

1126 608 1201 632 511111
1221 603 1252 632 111
1276 607 1383 633 tractu
1407 600 1572 639 Hareinio,
1594 601 1684 631 circa
1703 600 1925 631 Nortbusiam.

1216 645 1303 676 Loca
1336 645 1419 675 iuter
1452 650 1608 675 montana
1641 642 1835 684 plerumque
1863 649 1939 673 sunt
1959 643 2105 684 pinguis-

1125 689 1208 718 sima
1242 695 1273 718 et
1308 688 1489 725 uberrima,
1524 692 1558 718 ut
1591 685 1772 728 Tiluringia
1802 685 1902 717 habet
1933 689 1974 717 ab
1999 685 2104 716 altera

1126 742 1217 771 parte
1241 731 1355 768 silvas,
1380 731 1443 762 (len
1470 730 1651 770 lee'irz‘nyer
1672 729 1776 761 Wald.
1812 729 1861 759 Ex
1885 729 1989 760 altera
2013 736 2106 769 parte

1127 776 1222 805 11111101
1248 781 1375 805 montes
1400 773 1618 804 Bohemicos:
1650 773 1723 804 ideo
1749 772 1844 803 vallis·
1868 773 1898 802 in
1924 772 2029 803 medio
2055 777 2106 802 est

1125 818 1290 848 uberrima
1313 823 1345 848 01
1368 815 1588 851 feracissima3
1625 817 1700 857 quia
1734 826 1776 846 ex
1808 816 1974 846 montibus
1998 814 2106 856 liquor

1127 861 1209 891 bene
1245 866 1361 891 coctus
1391 860 1498 891 influit
1529 860 1559 890 in
1587 860 1694 890 media
1721 858 1807 889 loca.
1853 858 1910 889 Sic
1935 858 2053 889 Iudaea
2074 864 2105 888 et

1127 902 1276 934 Galilaea
1300 908 1392 934 erant
1417 902 1492 933 loca
1517 903 1691 940 uberrima,
1728 907 1864 942 propter
1888 902 1963 943 iuga
1988 901 2105 932 Libani

1128 957 1244 978 vicina.

1212 988 1455 1020 Dalmanuthae
1480 998 1599 1019 nomen
1623 994 1674 1018 est
1699 988 1901 1019 conveniens
1920 986 2103 1018 Ecclesiae.

1126 1032 1207 1062 Nam
1225 1031 1373 1063 Ecclesia
1397 1042 1475 1063 vere
1498 1038 1549 1062 est
1573 1030 1773 1063 domicilium
1796 1037 1828 1062 et
1853 1031 2008 1061 habitatio
2026 1040 2105 1071 pau-

1126 1086 1251 1116 perum,
1275 1082 1306 1106 01
1330 1082 1438 1106 tamen
1463 1081 1685 1106 commoratur
1708 1075 1749 1105 ibi
1763 1073 1927 1111 Christus,
1950 1079 1982 1104 et
1998 1073 2105 1114 pascit

1128 1119 1296 1149 auditores
1330 1129 1411 1149 suos
1446 1116 1655 1149 miraculose.
1712 1117 1851 1158 Imperia
1884 1117 1994 1148 mundi
2028 1121 2105 1147 sunt

1127 1160 1332 1195 Damascus:
1367 1167 1444 1192 sunt
1467 1161 1628 1202 quaedam
1652 1159 1797 1198 laniena,
1838 1161 1924 1191 sicut
1954 1160 2104 1190 videmus

1127 1205 1157 1234 in
1181 1204 1327 1235 historiis
1351 1205 1493 1235 omnium
1518 1209 1717 1244 temporum,
1753 1204 1840 1244 quod
1864 1203 2003 1243 Imperia
2028 1212 2105 1232 con—

1127 1249 1251 1281 sumta,
1265 1252 1374 1284 aucta,
1389 1253 1421 1277 et
1435 1256 1549 1277 rursus
1568 1247 1737 1277 destructa
1757 1247 1819 1276 sint
1841 1246 1946 1277 effuso
1967 1245 2105 1286 copioso

1127 1291 1287 1331 sanguine
1311 1290 1466 1320 humano.
1513 1289 1547 1319 ln
1571 1289 1688 1320 horum
1718 1288 1910 1321 tumultibus
1941 1290 2025 1319 iacet
2044 1287 2106 1319 Ec·

1127 1332 1241 1370 elesia,
1264 1339 1296 1363 et
1321 1338 1469 1363 vastatur
1492 1343 1531 1363 ac
1556 1338 1745 1364 cruentatur
1768 1333 1841 1373 ipsa
1867 1342 2012 1374 quoque,
2045 1331 2106 1363 sed

1128 1383 1236 1407 tamen
1261 1381 1479 1407 conservatur
1502 1375 1666 1407 divinitus.

1212 1417 1394 1460 Decapolis
1418 1417 1476 1449 fuit
1499 1424 1624 1450 tractus
1648 1419 1814 1461 regionis,
1850 1429 1937 1460 quae
1960 1418 2106 1449 contine-

1128 1463 1182 1493 bat
1212 1463 1325 1493 decem
1355 1463 1475 1498 urbes,
1507 1461 1592 1492 inter
1630 1461 1826 1493 Damascum
1861 1467 1892 1492 et
1922 1462 2108 1499 Iordanem,

1127 1515 1245 1537 versus
1280 1505 1412 1547 Tyrum.
1458 1505 1544 1536 Inter
1577 1503 1652 1535 illas
1687 1506 1786 1536 urbes
1822 1503 1881 1535 fuit
1916 1505 2014 1536 etiam
2049 1504 2107 1535 Sa-

1127 1555 1237 1590 repta,
1271 1549 1321 1580 sic
1355 1549 1462 1586 dicta,
1496 1558 1515 1579 a
1550 1548 1735 1579 conflandis
1759 1547 1918 1584 metallis3
1953 1548 2029 1589 quia
2062 1547 2106 1578 ibi

1127 1591 1259 1623 suerunt
1292 1590 1425 1623 fodinae
1448 1590 1644 1629 metallicae,
1668 1591 1744 1623 item
1768 1590 1922 1622 officinae
1941 1591 2105 1622 vitrariae.

1128 1635 1253 1666 Nomen
1277 1635 1458 1676 Sareptae,
1481 1634 1648 1672 significat
1671 1636 1722 1665 ein
1744 1634 1891 1666 sclzmeltz
1913 1634 2038 1666 hatten:
2062 1634 2106 1665 ibi

1128 1677 1218 1709 Elias
1243 1677 1303 1709 fuit
1326 1677 1450 1718 hospes
1474 1679 1592 1709 viduae
1616 1679 1828 1718 Sareptanae.

1214 1721 1376 1752 Dominus
1400 1720 1572 1761 aliquoties
1596 1719 1671 1752 loca
1694 1724 1757 1751 ista
1780 1720 1983 1761 peragravit,
2018 1720 2107 1760 pedi·

1130 1765 1189 1795 bus
1212 1766 1273 1795 iter
1306 1762 1451 1801 faciens,
1486 1769 1517 1794 et
1547 1763 1677 1805 quidem
1708 1766 1791 1794 intcr
1815 1774 1935 1805 magna
1958 1762 2107 1804 pericula

1128 1813 1159 1837 et
1192 1816 1332 1848 magnos
1367 1806 1512 1837 dolores.
1566 1805 1623 1836 llla
1657 1806 1775 1836 itinera
1810 1805 1932 1837 Christi
1967 1806 2106 1847 pingunt

1128 1850 1302 1891 imaginem
1326 1848 1495 1880 exilior-um
1509 1848 1693 1886 Ecclesiae,
1716 1859 1801 1890 quae
1825 1859 1888 1880 non
1913 1848 2012 1880 habet
2035 1859 2106 1881 cer-

1127 1898 1193 1923 tam
1213 1893 1336 1929 sedem,
1362 1899 1393 1923 ct
1415 1891 1606 1933 plerumque
1630 1890 1738 1922 exulat
1762 1893 1794 1922 in
1818 1892 1950 1923 inundo.

1129 2048 1243 2099 Quae
1276 2056 1337 2090 est
1368 2064 1526 2099 caussa,
1565 2064 1634 2089 cur
1675 2050 1785 2089 Deus
1825 2050 1928 2090 sinat
1969 2049 2104 2089 Eccle-

1380 2127 1479 2167 siam
1512 2141 1625 2166 suam
1658 2127 1820 2167 exulare
1831 2128 1848 2167 ’ἓ

1216 2233 1424 2275 Respondeo.
1471 2235 1555 2270 Quia
1578 2234 1648 2267 vult
1673 2246 1733 2266 nos
1753 2234 2039 2267 commonefacere
2062 2236 2103 2266 de

1127 2278 1231 2318 primo
1256 2277 1370 2316 exilio,
1406 2277 1533 2309 scilicet
1568 2279 1698 2320 quando
1736 2279 1841 2310 Adam
1865 2279 1973 2309 amisit
1992 2288 2104 2310 veram

1126 2321 1274 2362 patriam,
1297 2322 1583 2359 immortalitatem,
1606 2328 1638 2352 et
1662 2322 1827 2358 iustitiam,
1849 2328 1994 2352 ettotam
2014 2320 2103 2353 illam

101 2359 133 2390 in
157 2370 276 2399 magna
299 2361 393 2400 copia
413 2361 568 2400 optimum
592 2361 701 2392 vinum
719 2363 870 2397 rubrum;
896 2363 979 2393 sicut
1003 2362 1075 2392 Stc-
1099 2368 1104 2401 Ι
1126 2364 1328 2405 dignitatem,
1341 2365 1371 2394 in
1392 2375 1456 2406 qua
1475 2363 1531 2395 fuit
1546 2365 1715 2400 contlitus;
1738 2375 1836 2405 quam
1855 2365 1882 2394 si
1903 2364 2103 2402 retinuisset,

101 2402 231 2443 phanus
261 2402 292 2432 in
315 2401 427 2432 libello
453 2402 505 2433 De
527 2404 663 2435 urbibus
686 2405 803 2446 inquit:
845 2404 971 2436 Veteres
1004 2406 1076 2435 isaeo
1100 2406 1103 2421 ¹

99 2445 230 2488 finxisse
265 2444 423 2475 {iacchum
444 2447 478 2475 in
500 2446 564 2477 illis
585 2448 664 2478 locis
686 2453 833 2488 euplum,
868 2453 896 2478 et
921 2449 952 2478 ι’Ίι
974 2453 1076 2479 utrem
1099 2426 1103 2473 l

100 2489 256 2520 inclusam
280 2488 479 2528 aliqmnmliu
501 2490 644 2527 latuisse,
668 2491 753 2530 quod
775 2491 821 2522 ibi
836 2492 1007 2532 proveniat
1022 2501 1075 2522 ru·
1098 2475 1103 2536 l

102 2532 193 2563 hrum
216 2531 320 2561 υἰηιιηι
344 2531 511 2562 admodum
532 2542 726 2573 ρεπεν-1130111.
1098 2538 1102 2568 t

188 2573 262 2604 Non
297 2572 413 2614 procul
447 2575 520 2605 inde
547 2575 607 2606 fuit
630 2575 866 2611 Dalmanutlia,
902 2587 986 2618 quae
1011 2587 1075 2608 vox
1098 2585 1102 2649 ι

103 2622 210 2649 exstat
233 2616 328 2646 etiam
350 2617 381 2646 111
407 2615 606 2649 Ptolemaeo.
650 2619 779 2651 Nomen
798 2621 961 2660 significat
985 2620 1074 2651 habi-

256 2666 369 2685 MRLAM
377 2667 442 2688 NON,
458 2669 536 2687 ovfflt.
551 2669 613 2688 VOL.
629 2670 699 2692 XXV,

1127 2407 1305 2437 mansisset
1327 2407 1359 2438 in
1374 2407 1545 2445 paradiso,
1570 2406 1687 2438 suisset
1711 2408 1781 2438 sine
1801 2406 1906 2445 malis,
1930 2408 2001 2437 sine
2019 2418 2103 2438 mor-

1128 2450 1195 2480 bis.
1224 2450 1296 2481 sine
1331 2458 1449 2485 morte3
1484 2451 1545 2481 scd
1579 2451 1655 2491 quia
1690 2452 1921 2490 obtemperans
1946 2450 2102 2490 serpenti,

1128 2491 1214 2523 ultro
1238 2493 1410 2535 digressus
1430 2492 1534 2524 fuerat
1557 2504 1575 2524 a
1602 2493 1691 2531 000,
1717 2494 1840 2524 eiectus
1864 2492 1924 2523 suit
1947 2503 1987 2523 ex
2011 2503 2101 2534 para-

1127 2535 1217 2572 diso,
1252 2542 1283 2566 ct
1318 2535 1435 2578 pulsus
1471 2538 1502 2566 in
1537 2535 1676 2567 exilium.
1724 2535 1774 2566 De
1800 2536 1862 2566 hoc
1892 2547 1973 2577 ergo
1998 2536 2102 2576 primo

1126 2578 1237 2616 exilio,
1262 2585 1297 2610 ut
1320 2590 1521 2616 moneamur,
1544 2578 1612 2610 vult
1636 2578 1728 2609 Deus
1751 2578 1937 2610 Ecclesiam
1961 2579 2103 2610 subinde

1126 2622 1265 2663 experiri
1289 2622 1405 2660 exilia,
1440 2629 1475 2653 ut
1500 2623 1683 2659 Abraham,
1718 2622 1822 2659 isaac,
1848 2628 1880 2653 et
1903 2623 2024 2654 caeteri
2047 2633 2103 2663 pa·

1868 2683 1898 2706 14
