2374 2985
235 167 298 198 115

232 262 381 294 Domine,
416 262 485 301 quis
514 261 698 291 sustinebit?
752 262 825 292 Non
850 262 968 300 faciam
986 261 1124 299 szcrorem
1146 262 1214 289 irae

233 315 331 339 meae,
355 306 428 344 quia
452 304 539 334 Deus
561 316 641 339 snm,
666 315 725 334 non
748 305 846 334 Immo.

320 347 471 379 Affirmat
495 358 532 378 se
552 348 772 389 mitigatur-um
797 357 874 378 esse
897 356 1036 387 poenas:
1060 347 1211 387 primum,
1237 376 1240 391 ,

234 391 308 433 quia
328 401 423 422 nemo
445 392 547 431 possit
568 392 641 421 sine
661 391 757 421 exitio
772 389 858 421 ferre
872 391 951 420 iram
966 389 1037 420 Dei.
1071 388 1212 427 Deinde,
1237 402 1239 435 f

234 435 309 475 quia
334 434 364 464 in
390 434 555 474 puniendo
575 432 799 475 principaliter
817 438 940 474 spectat
962 432 1210 474 poenitenti-‘mu
1236 438 1239 478 t

234 484 265 507 et
289 478 559 514 emendationem,
585 488 650 507 non
675 477 847 507 interittnn.
886 476 1041 506 Homines
1058 480 1212 516 spectant
1237 482 1238 512 t

234 521 264 550 in
289 521 334 550 ira
360 530 421 550 sua
446 518 599 550 ultionem
624 520 770 560 privatae
795 520 967 556 vindictae,
991 524 1021 548 et
1046 518 1210 549 interitum
1236 517 1238 543 ἶ

233 564 501 594 :ulversariorum
525 574 676 593 suorum:
701 562 794 593 Deus
818 569 939 599 antem,
965 561 1096 603 qnando
1120 561 1211 602 punit

233 606 376 637 Sanctus
400 612 538 647 paterna
562 606 791 646 castigatione,
811 604 877 636 vult
899 614 958 636 eos
983 614 1144 635 revoc-'ire
1168 604 1210 634 ad

233 656 477 690 poenitentium.

319 691 411 722 Talia
436 691 521 722 dicta
546 692 667 722 debent
691 701 768 721 esse
788 691 819 721 in
838 697 1034 731 conspectu,
1057 700 1123 720 non
1142 695 1212 720 tan-

234 742 299 765 tum
329 741 365 766 ut
394 735 618 765 discernamus
643 734 871 765 remissionem
895 732 1012 774 culpae
1035 739 1066 764 et
1089 743 1211 774 poena-

233 789 304 808 rum
330 777 576 818 temporalium,
600 778 659 807 sed
685 777 779 807 etiam
804 782 837 808 ut
862 776 1022 807 imitemur
1046 775 1212 807 clamores

236 820 434 852 Sanctorum
458 822 633 862 petentium
657 820 890 861 mitigationem
914 829 1102 860 poenarum.
1237 820 1240 859 ᾇ

869 167 980 198 Ptin..
1005 166 1109 198 MEL.
1137 165 1325 198 st‘nn‘TA
1348 164 1610 197 EXEGl-L'rtCA.

2184 168 2245 199 116

1265 259 1450 300 probabilis
1477 269 1598 291 caussa
1620 259 1824 298 remittendi,
1852 266 1888 292 ut
1911 261 2043 302 quando
2066 261 2245 294 instituitur

1265 301 1489 334 reconciliatio
1516 312 1588 334 cum
1612 302 1739 344 aliquo,
1763 309 1839 344 post
1862 301 1991 335 facinus
2017 305 2206 336 admissum.

1352 346 1460 387 Saepe
1474 352 1609 387 propter
1627 356 1831 379 cnmnumem
1851 346 2131 388 tranquillitatem,
2148 358 2243 389 opor-

1264 394 1309 419 tet
1335 389 1524 420 condonare
1547 387 1675 430 aliquas
1700 389 1846 427 iniurias,
1871 396 1902 419 ut
1929 396 2003 430 post
2027 396 2242 432 recuperatas

1264 430 1414 462 Athenas
1445 430 1675 473 Thrasybulus
1707 432 1816 462 sanxit
1845 431 2024 471 ἀμιήσιίαν,
2058 439 2090 464 et
2118 433 2243 464 Romae

1263 481 1341 515 post
1375 474 1582 506 interfectum
1618 473 1751 513 lulium,
1784 473 1874 506 facta
1908 481 1959 506 est
1993 477 2176 508 transactio
2212 482 2244 507 et

1264 518 1458 558 compositio
1483 518 1586 558 pacis,
1607 528 1746 559 eamque
1767 517 1977 549 vehementer
1996 520 2101 550 suasit
2114 518 2244 550 Cicero.

1264 561 1319 592 Sic
1344 559 1538 601 Philosophi
1573 561 1790 601 praecipiunt:
1823 559 1864 600 μή
1891 566 2096 600 μνησικακεῖν,
2120 563 2152 593 id
2181 568 2244 600 est,

1262 614 1322 633 nou
1347 605 1494 643 persequi
1522 614 1622 632 onmes
1650 605 1792 632 iniurius.
1850 603 1925 634 Non
1955 611 2084 646 oportet
2113 615 2244 647 semper

1264 647 1303 678 de
1327 656 1455 677 suanno
1480 647 1547 677 ture
1572 647 1666 677 nimis
1691 645 1856 677 subtiliter
1881 646 2065 688 disputare:
2091 649 2185 690 quia,
2209 654 2244 679 ut

1265 690 1398 726 dicitur,
1434 689 1466 718 ra
1502 691 1569 719 λίαν
1604 688 1723 720 δίκωον
1756 689 1911 731 πρόφασίς
1939 692 2001 721 ἐστι
2033 692 2083 729 τῆς
2115 690 2244 726 ἀδικίας.

1263 732 1384 762 dnbtz'le
1418 733 1481 764 ins,
1517 735 1562 761 est
1596 735 1714 761 Cautum
1745 736 1931 771 praetextus
1963 734 2145 763 iniusticiae.
2209 734 2244 764 Si

1265 776 1339 817 quis
1368 774 1464 806 laesit
1493 775 1534 805 de
1565 776 1667 806 verbo
1698 782 1753 806 aut
1783 774 1873 806 facto
1896 774 2026 817 aliquo,
2049 777 2243 818 praesertim

1265 820 1294 850 si
1317 828 1373 848 res
1397 828 1462 848 non
1487 824 1536 848 est
1561 819 1670 859 magni
1693 819 1866 856 momenti,
1891 819 1994 849 debes
2014 820 2191 857 remittere,
2209 825 2245 850 ut

1238 865 1240 895 ἶ
1264 871 1386 904 parcas
1410 861 1573 892 communi
1593 861 1746 892 societati
1771 868 1802 892 et
1826 860 2011 893 Ecclesiae.

472 1002 644 1042 Valetne
677 1009 981 1056 argumentum:

321 1111 504 1139 Mandatum
527 1114 588 1143 est,
614 1109 790 1139 Renurtite:

319 1153 407 1192 Eryo
427 1164 487 1182 non
504 1153 600 1182 debeo
617 1152 780 1191 postulare
789 1154 953 1192 pecuniam
971 1152 1046 1181 milei
1058 1152 1213 1184 debitam?

322 1247 369 1279 lta
392 1257 472 1278 vero
495 1245 705 1278 solverentur
728 1257 844 1278 omnes
869 1253 1071 1277 contractus.
1118 1246 1214 1277 Simi-

236 1290 310 1322 liter
334 1290 584 1321 confirmaretur
607 1289 738 1321 licentia
761 1289 998 1331 petulantibus.
1034 1290 1086 1320 An
1105 1289 1214 1320 remit-

235 1334 368 1365 tendum
393 1340 442 1365 est
473 1332 684 1374 simpliciter,
718 1333 756 1362 Si
783 1335 853 1373 quis
882 1333 1035 1362 occiderit
1069 1336 1215 1371 (ιφιαίιιηι

237 1382 333 1411 linum,
360 1381 413 1406 ant
438 1378 578 1416 rapuerit
602 1377 660 1406 libi
683 1378 842 1415 rmzinyem
862 1380 915 1405 ant
934 1375 1054 1414 filium?

322 1420 533 1461 Respomteo.
569 1420 659 1451 Sicut
681 1425 777 1450 antea
790 1420 830 1449 de
848 1419 1073 1450 misericordia
1093 1419 1214 1449 dictum

237 1469 304 1502 est,
334 1464 378 1494 ita
409 1462 463 1494 hie
493 1463 588 1494 etiam
619 1464 766 1494 iubemur
795 1462 976 1500 remittere,
1008 1460 1137 1492 scilicet
1160 1461 1215 1492 ubi

236 1513 288 1538 est
311 1505 495 1548 probabilis
521 1516 644 1538 caussa
669 1506 866 1537 remittendi.
919 1505 953 1536 Si
978 1505 1050 1546 quis
1074 1504 1159 1536 latro
1183 1511 1216 1535 te

237 1551 371 1581 invadat
394 1550 424 1581 in
450 1559 551 1592 agro,
575 1555 607 1580 et
632 1549 708 1580 velit
733 1555 765 1580 te
789 1547 990 1586 interficere,
1022 1559 1087 1579 nnn
1112 1548 1214 1579 debes
1238 1562 1242 1576 ι

237 1594 265 1624 ci
290 1594 467 1630 remittere,
490 1593 551 1623 scd
575 1591 755 1623 defendere
779 1593 877 1623 vitam
901 1598 1001 1623 tuam.
1046 1591 1138 1622 Haec
1161 1591 1217 1621 de-

237 1636 344 1668 i'ensio
369 1642 419 1667 est
443 1637 523 1666 iuris.
549 1634 711 1666 naturalis
736 1642 769 1667 ct
792 1635 902 1666 divini.
949 1634 1032 1666 Nam
1056 1632 1217 1666 naturalia

239 1686 316 1711 sunt
339 1680 420 1710 iuris
443 1679 552 1710 divini.

327 1721 408 1753 Cum
441 1732 591 1754 essemus
621 1722 652 1752 in
678 1726 843 1752 conventu
867 1720 1123 1757 Ratisbonensi,
1147 1724 1217 1750 erat

242 1766 370 1808 quidam
401 1776 527 1806 pauper
557 1772 740 1801 mercator,
773 1770 803 1795 et
835 1764 966 1805 quidem
988 1763 1133 1804 hospes,
1162 1762 1216 1804 qui

240 1808 373 1840 ludebat
397 1809 427 1838 in
452 1808 591 1850 quadam
617 1807 728 1849 platea
745 1807 895 1839 iaciendo
917 1805 1018 1848 globo
1038 1806 1079 1836 ad
1098 1805 1216 1836 ferien-

241 1853 300 1883 das
325 1853 528 1893 pyramides,
552 1862 612 1880 nos
636 1862 796 1882 vocamus
820 1849 938 1889 keyelu,
958 1850 1034 1879 oder
1053 1850 1109 1878 der
1131 1847 1221 1887 lwyel

241 1895 389 1924 sclme'lwn.
443 1894 617 1925 Transibat
650 1892 725 1924 illac
755 1894 941 1934 Hispanus,
974 1902 1071 1934 quem
1099 1901 1218 1932 seque-

241 1939 337 1969 batur
361 1936 529 1974 canicula,
561 1948 656 1977 qnam
681 1936 823 1967 habebat
846 1937 876 1966 in
902 1934 1046 1973 deliciis,
1076 1945 1115 1965 ea
1138 1933 1218 1965 alla-

243 1982 348 2011 trabzit
385 1988 618 2014 mercatorem,
659 1987 689 2010 et
730 1979 885 2010 fortassis
924 1979 1069 2009 laeserat
1103 1988 1218 2008 morsu
1242 1973 1246 2012 l

243 2034 319 2054 crus
345 2023 424 2053 cius.
461 2023 629 2054 Mercator
651 2023 749 2063 igitur
773 2023 873 2062 abigit
899 2020 1092 2059 caniculam,
1115 2027 1147 2051 et:
1170 2031 1220 2051 ar-

243 2067 315 2107 ripit
339 2065 489 2106 lapidem.
541 2066 636 2100 Quod
663 2065 830 2105 liispanus
855 2075 954 2106 aegre
983 2064 1112 2101 ferens,
1141 2074 1218 2094 mox

245 2110 373 2151 stringit
411 2108 564 2149 gladium.
623 2107 698 2145 lllc,
733 2109 808 2149 qnia
839 2114 908 2138 erat
939 2108 1089 2145 inermis,
1125 2105 1246 2147 sugit,¹

246 2152 412 2192 Hispanus
436 2152 634 2192 insequitur,
659 2158 688 2181 et
713 2158 762 2181 ter
784 2162 844 2192 per
867 2149 954 2181 illam
978 2149 1137 2191 plateam,
1165 2150 1220 2180 ubi

246 2195 368 2226 luserat
389 2196 469 2232 iste,
494 2194 568 2225 ltine
592 2195 667 2224 inde
690 2192 868 2235 fugientem
897 2194 1123 2234 persequitur3
1152 2199 1220 2223 tan-
1245 2200 1248 2231 1

246 2239 318 2269 alem
342 2239 373 2269 in
398 2238 493 2268 tertio
519 2238 743 2268 circumcursu
762 2237 874 2277 arripit
893 2242 1058 2267 mercator
1077 2234 1222 2277 gladium

246 2280 381 2312 alterins
419 2282 459 2311 ibi
496 2281 676 2316 iacentem3
712 2287 741 2310 et
780 2290 852 2310 cum
886 2279 1054 2319 Hispanus
1089 2283 1223 2320 urgeret

246 2326 371 2365 ipsum,
396 2330 429 2354 ut
454 2334 491 2355 se
515 2322 707 2354 defenderet
730 2323 846 2353 stricto
870 2321 998 2364 gladic,
1023 2332 1094 2352 eum
1116 2328 1222 2352 trans-

247 2367 339 2398 fodit.
384 2366 464 2397 Mox
487 2367 616 2397 ducitur
640 2367 671 2396 in
696 2375 875 2397 carcerem.
921 2364 982 2400 Qui
1005 2371 1157 2405 praeerat
1181 2365 1223 2395 iu-

247 2410 356 2447 diciis,
388 2410 482 2440 iussit
511 2409 690 2441 examinari
723 2414 842 2446 testes,
872 2414 904 2439 et
935 2408 986 2438 his
1016 2407 1154 2445 auditis,
1177 2407 1224 2438 di-

247 2454 331 2483 misit
355 2464 438 2483 cum.
1103 2480 1110 2483 ,

334 2495 426 2526 Haec
449 2494 583 2537 politica
607 2494 731 2525 habent
757 2504 851 2525 suum
875 2492 984 2525 locum
1009 2499 1041 2524 et
1065 2492 1224 2523 ordinem.

246 2538 321 2569 Non
345 2540 446 2569 debes
472 2539 650 2575 remittere,
680 2538 738 2567 sed
764 2537 847 2568 tueri
877 2543 908 2568 tc
938 2536 1102 2567 adversus
1126 2534 1225 2566 latro-

250 2592 331 2611 nem.
379 2581 423 2611 lta
449 2592 510 2612 nee
534 2580 579 2612 illi
604 2581 768 2611 remittere
793 2580 907 2617 debes,
921 2579 973 2620 qui
999 2577 1069 2610 vult
1092 2579 1148 2609 tibi
1171 2588 1224 2609 res

250 2634 322 2655 tuas
347 2625 483 2665 eripere.
530 2624 612 2655 Sunt
637 2631 743 2654 tamen
769 2622 823 2654 alii
847 2621 939 2654 multi
962 2632 1072 2660 casus,
1097 2621 1152 2652 ubi
1175 2627 1225 2652 est

1350 903 1412 934 Est
1450 903 1625 944 pulchrum
1664 904 1785 935 dictum
1822 903 1967 936 Cornelii
2002 902 2109 935 Celsi:
2148 903 2245 934 Multi

1265 948 1370 986 mayni
1392 947 1489 975 morbi
1513 950 1660 976 curantur
1687 949 1789 986 quiete
1819 951 1848 976 el
1879 948 2077 977 abstinentia.
2130 946 2164 977 {d
2189 957 2244 978 ve-

1266 1000 1335 1020 rum
1361 997 1412 1020 est
1435 990 1531 1020 etiam
1557 990 1597 1020 de
1622 991 1778 1020 moribus.
1832 990 1869 1020 St
1892 991 1966 1032 quis
1991 990 2107 1021 febrim
2131 989 2243 1028 habet,

1265 1033 1294 1062 ei
1319 1033 1476 1073 optimum
1501 1038 1549 1062 est
1579 1033 1610 1062 in
1635 1033 1795 1073 principio
1821 1042 1897 1064 esse
1921 1034 2064 1074 quietum
2088 1038 2117 1063 et
2143 1033 2244 1063 absti-

1265 1080 1406 1106 nentem.
1442 1074 1515 1116 Ego
1540 1085 1641 1116 saepe
1664 1076 1709 1106 ita
1734 1074 1844 1116 depuli
1868 1075 1942 1106 mihi
1967 1082 1999 1107 et
2022 1075 2095 1106 aliis
2116 1073 2243 1106 febrim.

1266 1117 1333 1148 Sed
1357 1118 1389 1148 in
1413 1118 1480 1149 vita
1503 1127 1637 1159 quoque
1660 1119 1825 1149 communi
1848 1129 1914 1149 non
1938 1125 1986 1149 est
2008 1117 2123 1149 melius
2142 1128 2244 1149 reme-

1267 1161 1373 1197 dium,
1403 1171 1501 1201 quam
1531 1160 1699 1201 patientia.
1751 1161 1835 1191 Nam
1865 1160 1918 1192 hic
1942 1172 2073 1203 quoque
2097 1161 2244 1192 curando

1267 1203 1338 1234 fieri
1361 1204 1522 1244 quaedam
1544 1203 1655 1244 peiora
1681 1203 1847 1240 videmus,
1878 1204 2020 1238 Vulnera,
2040 1215 2118 1243 quae
2140 1204 2245 1234 melius

1266 1257 1327 1276 non
1351 1248 1491 1285 tetiyisse
1508 1247 1582 1284 fuit.
1635 1246 1671 1277 Si
1700 1256 1767 1277 non
1790 1245 1944 1278 volumus
1967 1252 2104 1278 nostrae
2127 1246 2246 1278 utilita-

1266 1290 1307 1320 tis
1340 1299 1460 1320 caussa
1490 1288 1639 1330 perferre
1671 1287 1907 1330 aliquantulam
1938 1290 2106 1328 iniuriam,
2136 1295 2246 1321 tamen

1268 1331 1446 1364 consulere
1465 1332 1623 1363 debemus
1646 1333 1720 1372 paci
1744 1331 1971 1373 Reipublicae.

1352 1374 1516 1406 Heni-icus
1550 1374 1717 1412 Mai-chio,
1753 1374 1874 1406 Comes
1904 1376 1945 1406 de
1973 1375 2133 1413 Nassaw,
2169 1385 2242 1406 cum

1266 1416 1504 1449 sollicitaretur
1527 1428 1546 1448 a
1569 1418 1763 1459 quibusdam
1787 1418 1829 1448 ad
1853 1418 2099 1459 suscipiendum
2122 1416 2246 1449 bellum

1267 1466 1383 1491 contra
1407 1460 1671 1503 Landgravium,
1696 1461 1737 1491 ad
1761 1462 2024 1502 recuperandum
2049 1460 2247 1492 Comitatum

1266 1502 1582 1546 Katzenelnbogen,
1611 1514 1672 1534 nec
1703 1504 1859 1534 deessent
1892 1504 2109 1541 occasiones;
2139 1509 2247 1535 tamen

1267 1547 1413 1589 graviter
1437 1547 1626 1587 respondit:
1649 1546 1721 1576 Non
1745 1551 1790 1576 esi
1813 1546 1889 1576 milti
1911 1548 1994 1577 tanti
2017 1550 2102 1576 totus
2123 1546 2176 1576 ille
2199 1557 2246 1574 eo-

1266 1591 1401 1623 mitatus,
1421 1594 1452 1619 ul
1473 1593 1643 1629 propterea
1669 1590 1754 1619 velim
1779 1590 1902 1619 turbare
1922 1590 2126 1619 Germaniam.
2162 1589 2248 1618 Dens

1267 1633 1357 1662 dabit
1378 1644 1433 1662 suo
1453 1637 1588 1672 tempore
1596 1643 1606 1667 ;
1630 1633 1715 1664 sicut
1735 1633 1866 1664 tandem
1886 1631 1976 1664 facta
1995 1638 2045 1664 est
2065 1633 2246 1664 transactio

1266 1676 1346 1707 iure.

1354 1719 1442 1750 Idem
1466 1717 1566 1750 multo
1590 1720 1695 1760 magis
1719 1728 1782 1749 nos
1812 1717 1973 1749 faciamus
2002 1718 2034 1749 in
2063 1718 2164 1749 rebus
2191 1717 2248 1748 mi-

1267 1763 1423 1798 nortbus3
1452 1772 1518 1792 non
1542 1761 1764 1793 anteferamus
1789 1761 1983 1802 cupiditates
2007 1766 2142 1792 nostras
2165 1759 2249 1790 utili-

1269 1806 1325 1835 tati
1356 1805 1536 1842 conanum,
1568 1811 1598 1835 et
1627 1803 1854 1846 tranquillitati
1885 1803 2069 1835 Ecclesiae.
2121 1802 2248 1844 Cogite-

1268 1858 1341 1878 mus
1376 1846 1472 1886 illud,
1514 1848 1601 1888 quod
1644 1854 1735 1878 recte
1774 1848 1871 1878 etiam
1906 1846 1971 1878 huc
2005 1846 2250 1877 accommodari

1269 1897 1381 1931 potest
1406 1891 1447 1921 de
1467 1891 1679 1922 cunctatione
1702 1890 1811 1921 Fabii:
1845 1889 1917 1920 Non
1938 1889 2075 1928 ponebat
2101 1890 2180 1918 enim
2202 1899 2249 1917 ru-

1269 1944 1368 1963 mores
1391 1938 1462 1963 ante
1485 1933 1624 1964 salntem.

1271 2083 1335 2124 De
1368 2096 1447 2136 qua
1479 2082 1628 2121 virtute
1657 2080 1898 2135 praecipitur
1926 2081 1967 2120 in
1992 2081 2075 2120 istis
2100 2079 2249 2120 verbis:

1543 2155 1644 2189 Date,
1670 2158 1700 2183 et
1723 2154 1850 2183 dabitur
1873 2154 1981 2185 vobis?

1359 2233 1523 2273 Praecipit
1558 2232 1611 2262 hic
1641 2230 1795 2262 Christus
1830 2231 1871 2262 de
1907 2230 2144 2268 beneficentia,
2172 2228 2252 2261 Vult

1274 2286 1336 2308 nos
1360 2274 1557 2306 benefacere
1579 2273 1669 2313 aliis,
1692 2274 1807 2304 iuvare
1831 2273 1982 2311 consilio,
2007 2271 2249 2309 consolatione,

1274 2318 1501 2350 facultatibus,
1560 2316 1688 2348 Rursus
1718 2324 1825 2347 autem
1855 2317 1945 2348 addit
1976 2317 2250 2357 promissionem:

1275 2362 1411 2392 Dabitur
1445 2360 1540 2390 vobis.
1596 2359 1666 2390 Nec
1702 2366 1751 2390 est
1786 2360 1966 2390 absurdum
2002 2360 2131 2397 dicere,
2164 2359 2253 2400 quod

1276 2405 1369 2436 Deus
1393 2410 1585 2444 compenset
1610 2402 1779 2433 beneficiis
1803 2403 1872 2434 suis
1895 2409 2043 2433 nostram
2069 2401 2253 2433 beneficen-

1277 2449 1370 2486 tiam,
1406 2454 1435 2478 et
1471 2447 1630 2477 habemus
1665 2444 1849 2486 exemplum
1884 2446 2002 2476 viduae
2037 2445 2250 2486 Sareptanae.

1276 2491 1348 2522 Nec
1372 2490 1504 2521 dubium
1530 2496 1597 2525 est,
1628 2489 1705 2529 quin
1729 2487 1824 2519 Dens
1848 2488 1965 2520 reddat
1989 2488 2133 2529 praemia
2156 2488 2252 2518 etiam

1277 2535 1309 2565 in
1332 2533 1394 2564 hac
1419 2533 1486 2564 vita
1508 2532 1561 2569 iis,
1582 2532 1635 2573 qui
1655 2530 1865 2563 benefaciunt
1883 2529 2054 2562 Ecclesiae
2073 2536 2104 2561 et
2125 2530 2253 2561 discen—

1277 2578 1364 2608 tibus
1387 2574 1545 2607 Salomon
1569 2574 1687 2615 inquit:
1714 2574 1776 2608 Qui
1798 2574 1855 2604 (lat
1873 2574 2092 2614 eleemosynam
2106 2573 2253 2612 pauperi,

1278 2620 1414 2659 accipiet
1437 2629 1546 2648 usuras
1568 2629 1586 2647 (ι
1610 2617 1755 2646 Domino.
