2343 2970
162 146 227 177 ‘219

223 244 333 295 Quid
366 245 556 285 differunt,
588 245 776 285 Haeresis
810 252 851 284 et
882 244 1090 286 Schisma?

249 335 406 367 Haeresis
443 334 584 367 refertur
625 337 669 367 ad
708 336 905 367 doctrinam:
945 345 986 366 ac
1023 345 1143 366 nomen

164 380 289 422 ipsum,
323 379 434 421 quoad
457 378 712 421 Ety·.=1010giam,
747 378 913 420 significat
947 377 1142 409 electionem

162 423 345 454 sententiae
380 420 432 453 vel
460 423 624 464 opinionis
652 421 802 453 alicuius.
848 420 1001 452 Schisma
1035 427 1143 452 autem

161 472 214 498 est
238 466 380 497 desertio
405 466 592 496 ordinariae
617 465 906 507 congregationis,
936 463 989 497 vel
1013 465 1143 495 ordina-

163 509 232 540 riae
250 509 436 550 potestatis.
484 508 555 540 Hoc
581 509 704 540 crimen
729 508 888 539 obiiciunt
911 508 1008 538 nobis
1032 507 1142 539 Ponti·

161 551 238 590 ficii,
263 553 323 582 sed
347 550 444 583 salso.
491 551 548 583 Sic
571 558 678 583 autem
701 557 990 592 argumentantur:

207 621 307 652 Omne
328 622 470 652 schisma
493 625 544 652 est
563 621 766 652 dmnnatmn:

213 665 267 695 Vos
290 665 467 695 Luthermte·
500 664 563 699 (sic
601 664 686 694 enim
726 672 788 693 nos
817 661 1000 704 appellant)
1034 663 1142 695 seiun-

244 710 343 738 xistis
366 717 420 738 vos
444 708 485 738 ab
508 709 676 738 ordinaria
697 710 877 747 potestate:

203 751 289 791 Eryo
311 754 389 781 estis
410 752 564 782 damnati.

163 879 360 916 danmalmn,
381 877 505 909 scilicet
526 879 613 920 quod
637 878 671 909 fit
696 889 762 910 non
786 879 962 910 mandante
986 879 1079 916 Deo3
1106 884 1142 910 ut

162 922 191 953 si
225 921 330 953 velles
365 932 401 952 re
431 931 590 962 separare
623 932 641 953 a
677 927 733 953 tuo
768 928 902 962 pastore
938 923 1010 953 sine
1038 931 1142 953 causa

161 966 259 1003 iusta,
282 965 310 995 si
332 963 388 995 ille
410 975 475 995 non
496 966 615 996 doceat
637 963 757 996 falsum
770 964 944 997 articulum
958 966 1141 1003 doctrinae,

159 1018 222 1040 nec
246 1008 415 1039 constituit
438 1007 544 1046 idola,
581 1009 714 1040 omnino
738 1019 919 1050 peccares3
955 1009 1030 1050 quia
1060 1009 1141 1040 scri-

159 1058 250 1094 ptum
273 1057 340 1082 est:
380 1052 508 1083 Obede'e‘e
528 1053 728 1092 praepositis
750 1056 874 1084 vestris.
926 1052 993 1083 lam
1016 1052 1059 1083 ad
1081 1050 1141 1082 Mi-

159 1105 288 1126 norem:
317 1096 383 1127 Nos
405 1098 606 1126 setunsz‘mus
635 1105 695 1127 ηοε
722 1096 762 1126 ab
784 1097 952 1127 ordinaria
971 1099 1141 1135 potestate,

159 1136 288 1169 scilicet,
307 1138 460 1169 mandato
484 1138 607 1175 divino,
642 1145 675 1169 et
706 1139 837 1180 quidem
865 1139 930 1170 hoc
954 1139 1026 1180 ipso
1051 1147 1141 1169 man-

160 1181 253 1212 dato:
280 1181 394 1213 Cavete
417 1182 504 1213 vobis
525 1192 546 1212 α
565 1184 667 1221 falsis
682 1183 860 1222 prophetis.
898 1182 989 1220 ltem,
1013 1183 1050 1213 Sc·
1070 1184 1141 1221 quis

160 1225 249 1256 aliud
269 1225 476 1264 Eranyelium
499 1226 600 1262 docet,
619 1227 790 1256 anathema
807 1229 857 1256 sit.
903 1225 1000 1263 Item,
1033 1227 1142 1264 huyne
1167 1238 1168 1246 κ

160 1268 383 1299 idololatriam.
428 1267 519 1298 Haec
542 1269 693 1299 mandata
716 1269 933 1308 praecipiunt,
956 1279 998 1299 ne
1021 1276 1141 1308 appro-
1167 1271 1169 1281 ¹

160 1311 276 1341 bemus
306 1309 425 1341 salsam
461 1310 657 1349 doctrinam,
691 1318 721 1341 et
750 1318 784 1342 ut
815 1321 1009 1352 separemus
1035 1320 1098 1341 nos
1122 1320 1142 1340 a

160 1352 392 1386 defensoribus
416 1352 524 1385 salsae
547 1354 732 1391 doctrinae,
755 1360 786 1385 et
808 1354 982 1386 idolorum.
1166 1362 1169 1399 j

246 1396 338 1427 Haec
365 1403 401 1427 ut
431 1397 554 1428 rectius
578 1395 815 1439 intelligantur,
851 1403 981 1439 oportet
1015 1398 1055 1428 de
1089 1394 1141 1426 his
1166 1401 1169 1412 ¹

1167 787 1170 806 Ι

247 834 448 876 Respondeo
482 836 523 866 ad
559 835 734 867 Maiorem:
781 837 879 868 Omne
918 838 1057 868 schisma
1092 839 1142 867 est

1166 1210 1169 1236 l

161 1439 303 1482 quinque
326 1438 408 1471 locis
424 1440 669 1471 commonelieri
683 1442 863 1472 discentes,
899 1440 1041 1472 Primum
1054 1439 1141 1470 scire

161 1488 292 1523 oportet
321 1483 540 1514 definitionem
572 1482 757 1514 Ecclesiae.
803 1483 977 1521 Secundo,
1012 1487 1143 1524 oportet

162 1526 248 1557 seire
282 1526 490 1564 mandatum,
524 1527 612 1567 quod
642 1526 778 1567 quilibet
800 1526 899 1558 homo
923 1527 1043 1557 debeat
1066 1535 1142 1556 csse

160 1569 340 1600 membrum
365 1568 547 1607 Ecclesiae,
571 1575 603 1600 et.
626 1570 808 1612 adiungere
831 1580 869 1600 se
882 1569 923 1601 ad
937 1578 1143 1600 communem
1168 1587 1169 1591 =

162 1612 445 1643 consociationem
470 1611 652 1643 Ecclesiae.
700 1612 824 1651 Tertio,
849 1613 981 1654 quando
1002 1621 1143 1642 necesse

160 1656 203 1685 sit
237 1656 410 1686 discedere
444 1656 486 1686 ab
521 1656 687 1686 ordinaria
709 1662 887 1697 potestate,
921 1654 973 1687 vcl
1008 1656 1048 1685 ab
1086 1652 1142 1685 illo

161 1705 270 1736 coetu,
289 1704 321 1729 et
343 1697 549 1729 multitudine
561 1699 687 1736 maiori,
706 1705 837 1731 tenente
860 1708 990 1735 nomen,
1015 1696 1142 1728 titulum

161 1747 191 1772 et
222 1742 450 1772 auctoritatem
474 1740 659 1773 Ecclesiae.
707 1742 852 1780 Quarto,
877 1742 950 1783 quis
981 1741 1023 1771 sit
1046 1741 1143 1771 iudex

160 1786 191 1815 in
224 1785 464 1816 controversiis
496 1785 536 1816 de
565 1784 733 1823 doctrina,
771 1796 812 1816 ex
843 1786 963 1826 quibus
994 1784 1143 1814 oriuntur

161 1828 411 1869 segregationes
436 1836 466 1858 et
490 1827 680 1860 schismata.
726 1827 859 1866 Quinto,
883 1837 948 1869 quo
972 1827 1013 1858 sit
1037 1827 1144 1858 disce·
1168 1846 1169 1854 η

161 1871 313 1902 dendum.
369 1870 422 1902 De
458 1870 509 1902 his
547 1872 708 1912 capitibus
740 1881 881 1903 necesse
917 1876 968 1902 est
996 1871 1142 1901 iuniores

160 1919 249 1944 recte
273 1914 393 1946 erudiri
417 1922 447 1945 et
472 1915 671 1951 confirmari,
696 1913 967 1955 praesertimiioc
982 1919 1142 1954 tempore,

158 1957 213 1988 ubi
237 1958 413 1998 praecipua
438 1965 489 1988 est
508 1958 685 1998 disputatio
710 1958 794 1989 inter
818 1968 879 1989 nos
903 1963 934 1988 et
953 1956 1142 1987 Pontificios

158 1999 200 2031 de
222 1998 413 2031 schismate.

244 2041 423 2084 Allegatur
447 2042 578 2074 Dictum
602 2043 772 2085 Dionysii,
796 2045 884 2086 quod
908 2051 1018 2075 exstat
1040 2045 1071 2076 in
1096 2044 1142 2075 hi-

163 2086 266 2116 storia
293 2084 442 2117 Eusebii:
487 2085 560 2117 Non
589 2091 639 2118 est
666 2090 770 2118 minus
800 2092 963 2128 peccalum
989 2089 1141 2126 schisma,

160 2138 251 2168 quam
274 2130 467 2161 idololatria.
510 2129 615 2161 Estne
645 2139 758 2160 verum
795 2130 858 2161 hoc
889 2131 1034 2162 dictum?
1080 2131 1142 2162 Re-

161 2171 322 2213 spondco.
361 2171 565 2214 Quamquam
588 2183 741 2214 magnum
764 2180 938 2214 peccatum
962 2181 1013 2205 est
1035 2173 1141 2205 schis-

158 2225 211 2245 ma
235 2215 307 2246 sinc
330 2225 461 2253 caussa,
487 2223 593 2246 tamen
617 2217 797 2256 prudenter
819 2216 883 2248 hoc
903 2218 1024 2249 dictum
1047 2217 1140 2249 intel—

159 2255 326 2298 ligendum
350 2264 410 2289 est.
456 2258 638 2301 Dionysius
662 2268 743 2290 usus
768 2265 817 2290 est
841 2270 880 2291 eo
911 2261 998 2292 dicto
1023 2268 1140 2293 contra

158 2299 248 2339 illos,
273 2302 328 2343 qui
351 2300 500 2333 fecerant
522 2301 669 2333 schisma
692 2302 764 2333 sine
787 2313 918 2335 caussa.

1167 1471 1169 1487 l

159 2423 419 2479 Repetitio
478 2424 812 2466 Definitionis
869 2426 1137 2469 Ecclesiae.

367 2518 476 2570 Quid
507 2534 604 2575 ergo
636 2527 698 2561 est
728 2520 934 2562 Ecclesia?

247 2609 459 2654 Respondet».
507 2611 668 2645 Omnibus
692 2618 770 2644 nota
798 2621 876 2644 esse
904 2612 1001 2644 debet
1026 2613 1139 2645 defini·

802 147 913 178 ΡΗΙΙ..
938 146 1042 180 MEL.
1065 145 1252 178 SCRIPTA
1276 146 1538 179 EXEGETICA.

1167 245 1170 271 ἵ
1195 243 1240 272 tio
1275 241 1451 274 Ecclesiae
1460 265 1470 280 ‚

2117 152 2181 185 220

1512 253 1609 284 quam
1650 244 1738 275 bono
1773 245 1883 275 studio
1919 246 1969 276 sic
2002 246 2180 278 tradimus:

1196 284 1351 317 Ecclesia
1379 291 1431 317 est
1463 292 1578 318 coetus
1607 286 1747 318 visibilis
1776 286 2042 329 amplectentium
2072 291 2181 321 incor-

1196 334 1324 370 ruptam
1359 336 1391 360 et
1425 339 1537 360 veram
1571 329 1754 361 doctrinam
1788 329 1977 373 Evangelii,
2024 338 2056 363 et
2090 339 2182 365 recte

1196 372 1352 403 utentium
1377 371 1614 409 sacramentis,
1638 372 1670 403 in
1695 384 1760 414 quo
1785 380 1882 405 coetu
1898 373 2000 406 Filius
2014 373 2078 407 Dei
2101 386 2181 408 vere

1196 420 1249 446 est
1282 413 1403 446 efficax
1432 426 1491 456 per
1519 416 1734 447 ministerium
1764 415 1956 458 Evangelii,
1990 424 2024 449 et
2056 417 2180 451 multos

1196 464 1374 500 regenerat
1395 459 1437 489 ad
1461 459 1560 489 vitam
1583 464 1767 490 aeternam:
1791 466 1823 491 et
1846 467 1921 492 sunt
1934 467 2043 492 tamen
2066 462 2099 492 in
2121 460 2179 493 illo

1196 507 1292 532 coetu
1320 501 1412 533 multi
1442 512 1508 533 non
1539 504 1664 540 renati,
1699 502 1759 533 sed
1791 503 1832 534 de
1860 504 2011 536 doctrina
2039 514 2180 537 consen-

1195 544 1328 582 tientes,
1350 555 1416 576 non
1439 551 1680 586 persequentes
1703 546 1888 584 veritatem,
1913 557 1945 578 et
1969 547 2067 579 simul
2085 554 2180 580 uten-

1195 593 1246 619 tes
1270 595 1407 619 externa
1430 589 1544 629 specie
1564 588 1745 619 ministerii.

1283 630 1393 662 Credo
1424 634 1510 662 hanc
1546 631 1769 663 definitionem
1807 633 2068 665 consentientem
2103 643 2180 666 esse

1196 674 1392 705 testimoniis
1420 675 1512 706 verbi
1542 675 1662 712 divini,
1693 680 1725 706 ct
1754 685 1790 706 re
1818 676 1874 707 diu
1902 677 2066 719 cogitata,
2105 687 2179 709 eam

1196 717 1364 756 constitui,
1387 724 1420 749 et
1442 719 1473 749 in
1497 727 1538 750 ea
1561 718 1751 760 acquiesco.

1196 839 1280 882 Cur
1313 841 1482 882 dicimus
1526 841 1745 882 Ecclesiam
1786 857 1873 883 esse
1913 849 2076 884 coetum
2116 844 2178 884 vi-

1596 902 1781 943 sibilem'?

1282 976 1367 1012 Quia
1400 987 1467 1008 non
1502 982 1553 1008 est
1585 976 1849 1018 imaginandum,
1884 976 2072 1009 Ecclesiam
2101 988 2180 1010 esse

1194 1018 1304 1051 Ideatn
1328 1018 1544 1055 Platonicam,
1567 1019 1599 1050 id
1623 1026 1686 1058 cst,
1709 1020 1883 1061 quiddam,
1917 1021 2007 1062 quod
2031 1031 2094 1052 nec
2122 1031 2181 1053 au-

1194 1062 1256 1093 diri
1275 1073 1339 1093 nec
1362 1063 1513 1104 conspici
1536 1063 1568 1093 in
1592 1063 1714 1094 mundo
1743 1064 1860 1104 possit.
1906 1062 2061 1095 Christus
2087 1062 2179 1096 able-

1194 1111 1252 1146 gat
1274 1115 1336 1136 nos
1360 1106 1401 1136 ad
1425 1103 1611 1137 Ecclesiam
1633 1104 1815 1145 visibilem,
1843 1116 1917 1138 cum
1947 1107 2067 1148 inquit:
2113 1107 2180 1138 Dic

1194 1148 1368 1180 Ecclesiae.
1419 1147 1499 1180 Vult
1521 1148 1615 1180 Deus
1650 1149 1754 1180 audiri
1779 1155 1811 1180 et
1832 1151 1974 1192 agnosci
1997 1151 2029 1181 in
2054 1161 2179 1192 genere

1193 1191 1340 1223 humano
1360 1190 1488 1223 Filium.
1533 1190 1614 1222 Vult
1637 1192 1735 1233 igitur
1755 1191 1943 1224 Ecclesiam
1967 1203 2100 1235 quoque
2123 1204 2179 1225 au—

1167 1262 1168 1265 ,
1195 1235 1255 1266 diri
1276 1241 1308 1266 et
1337 1236 1504 1276 conspici,
1537 1236 1569 1266 in
1593 1245 1658 1277 qua
1681 1245 1806 1266 sonare
1829 1237 1927 1267 debet
1951 1235 2115 1268 Doctrina
2140 1237 2181 1268 de

1195 1278 1278 1309 Filio
1309 1277 1388 1316 Dei,
1414 1290 1455 1310 ac
1479 1288 1610 1320 semper
1628 1277 1722 1310 Deus
1747 1280 1916 1310 constituit
1939 1278 2126 1311 Ecclesiam
2148 1279 2180 1310 in

1195 1322 1350 1352 eminenti
1373 1320 1483 1363 aliquo
1506 1320 1595 1359 loco,
1619 1327 1653 1352 ut
1672 1322 1922 1362 conspiceretur
1945 1328 1978 1353 et
2000 1323 2179 1354 audiretur.

1194 1364 1269 1395 Non
1302 1363 1359 1396 suit
1388 1365 1501 1406 ignota
1524 1363 1692 1400 Ecclesia,
1723 1371 1870 1406 tempore
1899 1364 2013 1407 populi
2042 1365 2181 1403 Iudaici3

1167 1434 1168 1439 ,
1195 1408 1258 1438 imo
1284 1413 1315 1438 et
1337 1413 1475 1449 patrum,
1499 1408 1620 1449 quibus
1644 1409 1839 1439 attribuerat
1864 1408 1957 1439 Deus
1982 1414 2106 1440 certam
2129 1418 2181 1441 se-

1194 1451 1285 1488 dem,
1310 1451 1397 1482 unde
1420 1457 1636 1492 spargeretur
1660 1451 1811 1483 doctrina
1835 1452 1868 1482 in
1891 1449 1955 1482 alia
1978 1450 2065 1483 loca.

1281 1493 1337 1524 Sic
1365 1500 1482 1535 postea
1511 1504 1643 1536 semper
1673 1495 1821 1526 servavit
1843 1494 1937 1526 Deus
1968 1494 2091 1526 alicubi
2117 1494 2181 1527 Ec-

1168 1546 1169 1564 1
1195 1536 1349 1574 clesiam,
1373 1546 1458 1578 quae
1481 1535 1546 1568 alio
1570 1543 1719 1579 tempore
1743 1538 1864 1576 maior,
1887 1537 1952 1569 alio
1976 1538 2083 1570 minor
2105 1537 2181 1570 fuit:

1195 1586 1242 1617 ut,
1274 1586 1424 1621 tempore
1447 1579 1588 1618 Christi,
1618 1581 1750 1622 quando
1780 1582 1967 1621 regnabant
1997 1580 2181 1620 Pharisaei,

1194 1621 1350 1654 Ecclesia
1377 1629 1447 1654 erat
1475 1623 1615 1664 exiguus
1647 1631 1779 1661 coetus,
1809 1623 2012 1661 Zacharias,
2037 1624 2182 1663 Simeon,

1195 1666 1324 1704 Hanna,
1353 1665 1477 1704 Maria,
1508 1665 1631 1708 loseph
1661 1673 1693 1697 et
1722 1667 1817 1708 pauci
1847 1667 1919 1705 alii,
1948 1673 1980 1698 et
2009 1673 2119 1698 tamen
2148 1667 2182 1698 hi

1195 1709 1414 1740 audiebantur
1438 1716 1469 1740 et
1483 1711 1788 1751 conspiciebantur,
1813 1715 1846 1740 et
1868 1710 2037 1741 habebant
2060 1720 2182 1751 magna

1196 1753 1376 1783 certamina
1407 1762 1481 1783 cum
1513 1751 1703 1784 Pharisaeis
1734 1754 1775 1783 (le
1803 1753 1972 1792 doctrina,
2007 1753 2092 1784 sicut
2120 1753 2182 1785 Za—

1196 1794 1326 1826 charias
1344 1794 1536 1826 interfectus
1556 1801 1605 1826 est
1621 1802 1756 1837 propter
1776 1794 2029 1828 confessionem.
2061 1796 2181 1831 Quam-

1196 1848 1294 1880 quam
1317 1844 1426 1870 autcm
1441 1848 1572 1879 semper
1594 1839 1627 1869 in
1651 1839 1813 1870 communi
1837 1838 2042 1870 multitudine
2058 1838 2181 1880 aliquid

1196 1881 1344 1912 sordium
1368 1887 1431 1919 est,
1454 1888 1563 1912 tamen
1588 1881 1780 1913 mirabiliter
1801 1880 1895 1913 Deus
1924 1888 2037 1913 servat
2068 1881 2180 1924 aliqua

1195 1925 1342 1955 membra
1365 1930 1456 1955 recte
1480 1925 1663 1956 sentientia.

1284 1967 1360 1998 Dixi
1395 1968 1492 1998 etiam
1520 1966 1605 1998 alias
1634 1969 1674 1999 de
1703 1969 1845 2010 imagine
1874 1966 2063 2005 Ecclesiae,
2094 1978 2180 2010 quae

1196 2016 1466 2051 repraesentatur
1499 2011 1532 2041 in
1561 2011 1688 2042 vicibus
1719 2011 1842 2042 Lunae.
1894 2011 1942 2041 Ea
1977 2012 2180 2052 conspicitur

1196 2052 1376 2095 aliquando
1399 2052 1498 2094 pleno
1518 2054 1610 2092 orbe,
1636 2064 1695 2085 scu
1720 2053 1861 2090 lumine;
1885 2053 2064 2095 aliquando
2087 2055 2179 2086 amit-

1196 2097 1233 2127 tit
1256 2095 1378 2138 aliquid
1407 2097 1448 2127 de
1475 2106 1536 2127 sua
1564 2096 1783 2137 plenitudinum
1814 2107 2050 2138 nonnunquam
2080 2098 2179 2130 etiam

1194 2149 1334 2180 prorsus
1354 2139 1483 2171 videtur
1505 2140 1661 2171 extincta:
1692 2140 1752 2171 sed
1776 2151 1854 2171 mox
1883 2141 2019 2181 emergit
2049 2141 2178 2179 iterum,

1195 2189 1227 2214 et
1249 2182 1372 2224 aliquid
1395 2181 1480 2214 lucis
1505 2193 1635 2214 rursum
1659 2184 1812 2214 ostendit.
1849 2182 1895 2214 lta
1917 2181 2070 2215 Ecclesia
2092 2182 2178 2215 alias

1195 2233 1246 2257 est
1269 2226 1471 2267 speciosior,
1494 2224 1576 2256 alias
1601 2224 1794 2258 deformior:
1822 2236 2058 2267 nonnunquam
2081 2227 2178 2258 etiam

1194 2269 1238 2300 ita
1268 2275 1473 2306 attenuatur,
1509 2275 1543 2299 ut
1570 2279 1710 2309 prorsus
1741 2269 1892 2300 videatur
1921 2267 2053 2300 sublata
2083 2279 2176 2300 esse:

1193 2318 1238 2350 ut,
1262 2319 1408 2353 tempore
1438 2313 1605 2352 passionis
1637 2312 1779 2350 Christi,
1811 2311 1964 2353 discipuli
1993 2311 2177 2351 latitabant,

1192 2355 1257 2386 imo
1281 2356 1376 2386 etiam
1400 2354 1620 2394 haesitabant,
1640 2367 1682 2386 an
1705 2355 1759 2386 hic
1783 2361 1876 2386 esset
1898 2365 1998 2386 verus
2018 2354 2174 2388 Messias.

1192 2397 1299 2430 Maria
1323 2409 1397 2430 cum
1415 2398 1590 2429 admodum
1622 2399 1736 2439 paucis
1759 2399 1890 2429 retinuit
1919 2396 2027 2429 lucem
2057 2398 2098 2429 de
2125 2409 2176 2430 re-

1192 2441 1398 2473 surrectione
1421 2440 1554 2479 Christi,
1577 2441 1689 2473 futura
1712 2442 1808 2473 tertio
1829 2441 1892 2472 die.
1938 2440 2061 2472 Postea
2085 2440 2175 2473 Chri-

1192 2490 1246 2516 sto
1281 2485 1500 2523 resuscitato,
1535 2486 1674 2527 emergit
1708 2494 1826 2516 rursus
1860 2482 2033 2522 Ecclesia,
2067 2489 2099 2515 et
2131 2484 2176 2515 sit

1194 2528 1374 2569 conspicua
1397 2528 1428 2559 in
1452 2527 1590 2565 Iudaea,
1616 2533 1648 2559 et
1675 2533 1744 2559 toto
1775 2528 1857 2558 orbe
1889 2533 2062 2564 terrarum,
2086 2526 2175 2568 Apo-

1164 2598 1165 2604 ,
1193 2570 1290 2602 stolis
1313 2572 1575 2614 propagantibus
1595 2572 1780 2602 doctrinam
1801 2580 1861 2612 per
1883 2579 1999 2601 omnes
2021 2569 2173 2602 nationes

1192 2621 1224 2646 et
1247 2619 1374 2657 gentes.
