2343 2970
115 173 181 206 925
812 172 1029 204 POSTILLA
1051 171 1452 204 MELANTHONIANA.
2063 173 2128 205 926

115 267 330 310 Stephanum.
376 267 438 300 Hic
469 268 679 300 observanda
703 273 754 300 est
780 268 957 309 praecipue
978 278 1094 309 preca-
1146 268 1254 306 idest,
1277 266 1359 299 illud
1384 267 1518 305 donum,
1537 266 1625 308 quod
1643 265 1972 306 exhibebam-vobis,
1995 269 2128 310 quando

115 313 158 343 tiu
179 312 350 353 Stephani.
408 312 466 343 lite
503 322 575 342 cum
612 317 700 343 esset
724 312 847 353 primus
870 317 1005 353 martyr,
1041 312 1094 342 ha-
1147 311 1318 352 apparebit
1342 309 1428 342 filius
1448 309 1520 341 Dei.

116 356 216 386 beliat
239 354 440 396 ⁴singularem
472 354 752 393 consolatitmcm,
787 354 874 385 {ilius
897 354 959 385 Dei
984 355 1093 386 visibi-
1234 355 1367 394 suscipe
1378 356 1526 394 spii-ilum
1548 361 1660 384 meum-
1695 351 1762 383 Ista
1785 351 1952 384 consessio
1969 360 2020 384 est
2050 364 2127 385 cor.-

114 397 188 429 Iiter
224 398 366 428 ostendit
401 408 439 429 sc
476 399 515 429 ei.
581 398 726 429 liembus
761 396 901 438 pulchre
937 398 1094 429 describit
1148 397 1250 429 fessio
1263 397 1427 438 potentiae
1442 397 1584 435 divinae,
1599 394 1703 427 solius
1718 396 1781 427 Dei
1795 402 1845 427 cst
1860 396 2033 428 xiviticare.
2068 397 2129 428 llic

115 442 197 473 (luas
216 441 355 472 virtutes
380 441 410 471 in
437 440 606 482 Stephano
633 441 697 471 hoc
720 451 835 472 versu:
1150 440 1326 472 confitetur
1348 439 1507 471 messiam
1526 449 1602 471 esse
1625 444 1742 470 natura
1764 439 1883 477 Deum,
1910 446 1941 472 et
1962 450 2034 471 cum
2054 450 2130 472 esse

511 505 516 510 -
550 503 559 513 .—
1006 511 1031 520 ,,
1148 484 1404 515 instauratorem
1438 489 1470 515 et
1497 483 1645 514 datorem
1680 482 1766 513 vitae
1802 490 1975 520 aeternae,
2011 488 2042 513 et
2064 482 2130 514 hoc

244 501 317 532 Ibat
337 511 437 533 ovans
459 512 575 533 anzmaes
609 506 641 533 el
661 511 718 542 spe
739 511 800 533 sua
817 502 935 532 damna
964 502 1093 532 leanbatz
1149 533 1201 558 est
1230 525 1433 567 exemplum,
1474 526 1562 568 quod
1598 526 1762 557 invocatio
1796 526 1839 557 sit
1880 526 2051 567 dirigenda
2087 527 2129 557 ad

119 570 202 602 Ora-s·
224 571 354 607 (tunnis,
373 569 481 600 laetus
505 569 586 607 side,
615 570 743 601 sciebat
766 580 802 600 sc
825 568 899 600 Deo
924 575 1095 610 praestare
1150 568 1248 601 filium
1273 568 1355 608 Dei,
1391 570 1477 601 sicut
1505 570 1576 610 ipse
1601 569 1691 600 dicit:
1729 568 1839 601 Venite
1864 571 1909 601 ad
1935 580 1986 600 me
2011 579 2130 601 omnes.

115 613 353 650 obedientiam,
389 620 421 644 ct
445 613 569 644 sciebat
595 612 667 644 Deo
686 613 820 654 placere
844 613 940 644 istam
964 612 1096 644 confes·
1149 611 1338 654 Stephanus
1373 622 1439 643 non
1474 613 1608 643 invocat
1639 611 1771 643 Petrum
1806 618 1838 643 et
1876 611 2013 644 Paulum
2049 619 2125 651 etc„

113 656 250 687 sionem.
296 658 338 688 El
358 666 415 696 spe
433 667 494 688 suu
512 658 631 687 [taimen
652 658 784 695 levabat,
819 656 937 693 idest,
969 656 1095 687 sciebat
1149 657 1209 687 sed
1242 654 1343 687 filium
1377 654 1452 687 Dei.
1514 654 1652 686 Psalm.:
1685 656 1879 687 Inrocabunt
1915 666 1985 687 eum
2019 665 2130 688 omnes

112 699 176 730 sibi
211 700 414 740 propositam
449 709 524 730 esse
557 698 843 729 immortalitatem.
904 698 1096 731 Mandatum
1146 701 1268 738 yentes.
1322 698 1407 734 Quia
1436 697 1534 741 igitur
1562 698 1728 730 invocatio
1758 699 1801 730 ad
1830 698 1930 730 filium
1959 699 2131 741 dirigenda

114 748 166 772 est
189 742 344 780 divinum,
375 748 411 774 ut
433 752 604 783 speremus
635 752 698 772 nos
727 742 898 773 habituros
917 743 1016 773 vitam
1040 752 1095 773 ae·
1149 748 1217 773 est:
1254 752 1336 784 ergo
1365 741 1511 773 Messias
1545 746 1597 772 est
1624 750 1702 773 vere
1725 740 1819 773 Deus
1851 748 1882 773 et
1910 743 2131 784 omnipotenS,

113 790 252 825 ternam,
287 792 321 817 ut
344 785 465 817 Petrus
490 785 581 816 dicit:
616 787 767 825 Perfecte
796 790 926 825 sper-‘tle
944 788 1095 825 qratiam,
1150 785 1226 826 quia
1246 785 1411 816 invocatio
1436 784 1591 817 convenit
1614 790 1750 817 naturae
1774 786 1999 827 omnipotenti.

736 870 781 902 IN
810 870 885 902 DIE
909 870 1122 902 IOHANNIS
1151 869 1508 903 EVANGELISTAE.

823 937 926 978 (cons.
949 938 1026 971 vol.
1050 938 1172 970 XXIV.
1194 950 1227 981 p.
1254 939 1315 971 147
1337 942 1428 982 sqq.)

320 1004 517 1039 Celebratnr
539 1006 638 1038 hodie
661 1005 782 1039 festum
805 1006 971 1039 Iohannes
994 1006 1241 1050 Evangelistae‚
1265 1008 1359 1041 cuius
1382 1013 1476 1049 pater
1498 1007 1559 1040 fuit
1582 1008 1786 1041 Zebedaeus.

890 1066 1019 1099 Mattha

578 1126 628 1158 Eli
1376 1128 1475 1160 Iacob

331 1186 438 1218 Maria
467 1193 573 1218 mater
617 1186 724 1218 Maria
747 1186 927 1229 Cleophae.
1137 1188 1298 1230 Iosephus
1312 1198 1412 1230 spon·
1500 1187 1631 1220 Salome
1654 1195 1758 1230 nupta
1781 1188 1883 1221 Zebe-

331 1228 464 1261 Christi.
617 1229 717 1261 Iacob
741 1229 894 1271 Alphaei,
1138 1241 1197 1263 sus
1220 1231 1355 1263 Mariae.
1655 1233 1739 1263 daeo

1460 1279 1565 1324 ffib
1574 1293 1673 1324 inter·
1717 1292 1880 1324 Iohannes

1465 1333 1574 1367 fectus
1598 1336 1639 1367 ab
1714 1334 1965 1378 >Evangelistae⁸

1462 1377 1605 1411 Herode-

619 1271 808 1314 Episcopus
850 1273 925 1305 Hie-

620 1314 877 1357 rosolymitanus
888 1339 897 1354 ‚

620 1359 675 1399 qui
702 1359 783 1390 vixit
805 1358 847 1389 30
868 1369 923 1390 an—

619 1411 682 1432 nos
711 1407 788 1441 post
815 1411 924 1432 resur-

619 1444 798 1475 rectionem
827 1443 920 1475 Chri-

619 1487 672 1517 sti.

196 1551 287 1594 Ergo
329 1553 492 1585 Iohannes
534 1555 632 1585 tertio
677 1555 784 1597 gradu
824 1560 988 1597 cognatus
1033 1554 1093 1588 fuit

112 1594 265 1631 chi-istm
295 1595 436 1628 Iacobus
458 1595 600 1638 Alphaei
624 1598 773 1629 secundo
797 1600 901 1639 gradu
926 1605 1090 1641 cognatus

107 1637 169 1670 snit
188 1638 333 1670 Christo.

196 1681 360 1713 lohannes
390 1682 470 1713 vixit
500 1692 606 1713 annos
638 1682 680 1713 63
710 1688 788 1724 post
810 1685 1092 1716 resurrectionem

108 1724 250 1763 Christi,
282 1723 342 1756 suit
371 1723 539 1766 relegatus
568 1732 716 1766 tempore
745 1726 940 1762 Domanniz
974 1733 1093 1768 postea

109 1766 273 1799 Traianus
308 1769 476 1799 concessit
509 1769 647 1799 reditum
682 1767 843 1800 exulibus.
900 1772 951 1801 Da
985 1773 1029 1802 isc
1055 1780 1093 1802 er

110 1812 210 1842 willer
244 1820 308 1850 qen
342 1812 502 1851 Ephesum
543 1813 699 1843 hommen-
766 1812 813 1843 Ibi
846 1812 960 1844 habuit
996 1814 1092 1844 etiam

109 1852 278 1891 scholam,
312 1864 379 1885 non
416 1853 527 1885 solun
563 1855 675 1886 docuit
708 1854 865 1895 populum
888 1854 1091 1894 illiteratum,

110 1896 173 1927 sed
195 1896 293 1927 etiam
322 1897 354 1927 111
378 1896 495 1928 schola
524 1898 635 1929 docuit
664 1903 699 1928 ut
733 1898 850 1929 doctor
879 1904 910 1929 et
933 1898 1093 1940 theologi-

111 1949 172 1971 cus
202 1938 385 1980 professor.
437 1939 593 1971 Irenaeus
629 1939 753 1982 allegat
788 1941 976 1973 testimonia
1006 1941 1092 1973 Poli-

1116 1556 1122 1780 Ι
1144 1556 1226 1591 cios,
1249 1557 1428 1599 disputavit
1458 1557 1578 1590 multas
1612 1557 1847 1600 blasphemias.
1905 1558 1987 1592 Tum
2010 1558 2124 1592 Iohan-

112 1984 215 2023 carpi,
234 1983 289 2023 qui
313 1983 442 2014 dixerat
464 1993 502 2015 se
526 1985 587 2014 ista
611 1984 779 2015 audivisse
802 1994 841 2014 ex
866 1983 1020 2016 Iohanne.
1115 1978 1122 2215 Ι
1231 1984 1395 2018 Iohannes
1418 1985 1533 2018 habuit
1556 1986 1804 2020 adolescentem
1827 1999 2038 2031 generosum,
2069 1991 2124 2032 qui

1143 1610 1204 1631 nes
1229 1600 1308 1632 dixit
1336 1601 1379 1632 ad
1402 1611 1498 1633 suos:
1529 1600 1766 1644 Egrediamurg
1794 1602 1887 1634 Deus
1910 1603 1995 1634 enim
2019 1604 2128 1634 statim

1143 1644 1240 1674 istam
1280 1642 1518 1684 blasphemiam
1557 1646 1680 1686 puniet.
1747 1645 1789 1676 Et
1828 1647 1976 1688 egressis
2018 1647 2129 1677 statim

1145 1686 1269 1717 corruit
1292 1687 1426 1724 domus,
1460 1693 1492 1718 et
1527 1689 1693 1728 oppressit
1724 1687 1916 1720 Cerinthum
1947 1694 1979 1720 et
2011 1699 2127 1720 omnes

1145 1729 1258 1759 socios
1283 1729 1366 1760 eius.
1412 1729 1507 1760 Hanc
1530 1729 1700 1762 historiam
1723 1732 1839 1762 recitat
1868 1731 2042 1770 lrenaeus,
2073 1732 2127 1774 qui

1145 1777 1330 1844 itafi1·at.se
1359 1781 1431 1803 eam
1465 1773 1633 1805 audivisse
1657 1784 1698 1806 ex
1721 1772 1926 1816 Polycarpo,
1961 1774 2124 1816 discipulo

1161 1824 1179 1845 ο
1206 1824 1315 1846 3111115.

1487 1908 1605 1941 Altera
1637 1910 1787 1943 historia.

198 2024 363 2056 Iohannes
387 2024 560 2068 diligenter
583 2027 714 2057 tradidit
738 2025 910 2058 articulum
940 2028 980 2059 de
1004 2029 1092 2059 trini·
1145 2034 1216 2059 erat
1249 2029 1448 2070 baptizatus,
1483 2036 1515 2061 et
1549 2037 1620 2062 erat
1654 2032 1784 2063 auditor
1817 2033 1900 2064 eius.
1952 2031 2010 2064 Ille
2034 2034 2125 2064 dese·

112 2072 197 2106 tate,
239 2074 272 2098 et
305 2068 378 2109 ipse
412 2070 571 2110 imprimis
611 2069 788 2101 inculcavit
822 2071 1027 2109 hominibus,
1061 2078 1093 2103 et
1144 2077 1256 2102 ruerat
1279 2071 1427 2104 scholam
1452 2073 1677 2113 christianam,
1705 2081 1737 2106 et
1759 2076 1953 2107 adiunxerat
1977 2086 2015 2107 se
2038 2075 2123 2108 malo

110 2108 242 2151 reliquit
264 2112 462 2149 testimonia,
486 2123 571 2154 quae
595 2112 703 2143 adhuc
726 2119 848 2144 extant.
1144 2113 1308 2146 sodalitio.
1366 2116 1446 2147 Post
1469 2115 1603 2158 aliquod
1632 2124 1761 2159 tempus
1789 2120 1924 2150 rescivit
1949 2118 2125 2158 Iohannes,

200 2152 339 2188 Quando
364 2154 404 2184 de
423 2155 570 2186 historiis
600 2160 791 2187 sanctorum
826 2156 961 2194 dicitur,
995 2167 1091 2197 prae-

113 2196 208 2237 cipue
241 2197 430 2237 quaerenda
463 2204 514 2228 est
550 2199 699 2230 doctrina
737 2210 869 2237 eorum,
905 2205 937 2231 et
972 2200 1091 2231 deinde

110 2240 279 2280 quomodo
302 2239 394 2271 Deus
418 2241 459 2271 de
477 2239 535 2271 illa
557 2241 737 2280 doctrinae,
761 2242 957 2274 testificatus
980 2241 1089 2274 fuerit.

109 2281 153 2313 Et
175 2281 338 2314 lohannes
362 2281 463 2314 multa
485 2283 642 2316 miracula
664 2283 755 2323 fecit,
779 2291 811 2316 et
828 2284 1004 2317 dolendum
1028 2292 1091 2324 est,

110 2325 200 2366 quod
223 2335 290 2356 non
309 2327 498 2367 conscripta
520 2327 595 2357 sint.
641 2327 682 2359 Et
704 2329 828 2369 scripta
847 2327 951 2360 fuisse
974 2329 1088 2367 credo,

110 2369 172 2400 sed
202 2369 234 2399 in
262 2367 359 2399 bellis
382 2370 559 2409 perierunt.
611 2369 704 2406 Quae
727 2372 770 2402 sit
797 2377 904 2403 autem
939 2372 1089 2403 doctrina

109 2410 276 2449 lobannis,
299 2412 449 2443 videmus
472 2422 512 2442 ex
535 2413 606 2444 eius
625 2414 775 2455 scriptis3
798 2420 899 2446 totam
922 2415 1007 2446 enim
1031 2415 1087 2446 do-

111 2454 249 2485 ctrinam
273 2455 484 2486 ornatissime
514 2456 723 2497 conscripsit.
778 2457 848 2488 Has
871 2463 979 2489 autem
1005 2458 1090 2490 duas

110 2496 268 2528 historias
296 2497 475 2538 praecipue
501 2499 623 2530 sciatis.
679 2499 810 2532 Dicitur
832 2500 1008 2541 ⁴Iohannes
1032 2499 1089 2532 ali-

110 2540 243 2581 quando
266 2538 371 2572 fuisse
393 2540 426 2571 111
451 2539 584 2580 balneo,
615 2547 647 2572 ct
668 2542 701 2573 in
725 2543 842 2575 eodem
866 2542 986 2575 balneo
1010 2550 1089 2575 tuno

109 2583 173 2616 suit
207 2581 400 2621 cerinthus,
441 2584 496 2626 qui
535 2591 707 2625 sparserat
739 2584 859 2618 falsum
894 2587 1015 2629 dogma
1048 2587 1089 2619 de

110 2625 278 2659 divinitate
301 2625 430 2658 Christi.
488 2626 581 2659 Sedit
616 2626 791 2661 Cerinthus
825 2630 908 2661 inter
931 2640 1013 2661 suos
1036 2640 1089 2662 so-

1144 2163 1176 2188 et
1199 2158 1369 2198 profectus
1404 2165 1455 2190 est
1487 2161 1528 2191 ad
1552 2158 1629 2191 illos
1652 2160 1877 2201 latrunculos,
1908 2173 1980 2194 cum
2005 2164 2124 2204 quibus

1144 2199 1200 2231 ille
1234 2200 1418 2242 discipulus
1452 2202 1607 2234 Iohannis
1644 2206 1925 2243 conversabatur,
1960 2211 1991 2236 et
2021 2204 2124 2237 voluit

1143 2253 1216 2275 eum
1238 2244 1409 2276 reducere.
1444 2244 1494 2277 Illi
1517 2247 1704 2278 reverentia
1727 2248 1796 2279 cius
1820 2250 1898 2280 moti
1922 2255 2122 2290 exceperunt

1143 2285 1321 2318 Iohannem
1350 2295 1553 2327 reverenter,
1586 2295 1619 2321 et
1647 2290 1846 2322 adolescens
1880 2297 2036 2332 precatur
2071 2297 2122 2323 est

1141 2330 1282 2361 veniam.
1349 2330 1385 2362 In
1418 2329 1474 2363 illo
1513 2333 1627 2364 itinere
1661 2335 1870 2365 resuscitavit
1911 2333 2122 2374 Drusianam,

1140 2382 1226 2414 quae
1254 2378 1321 2404 tum
1350 2373 1547 2407 efferebatur
1568 2376 1611 2407 ad
1640 2375 1853 2417 sepulturam.

1227 2414 1394 2448 Iohanneo
1418 2419 1552 2460 scripsit
1574 2420 1832 2461 παραλειπόμενα,
1858 2419 1981 2451 omissa
2003 2430 2022 2450 a
2047 2430 2121 2452 cae-

1142 2459 1221 2490 teris
1231 2481 1241 2497 ,
1285 2460 1420 2501 scripsit
1453 2460 1623 2493 historiam
1662 2461 1798 2500 Lazari,
1834 2473 1931 2505 quam
1965 2461 2019 2494 alii
2053 2473 2120 2495 non

1141 2501 1358 2542 scripserunt.
1409 2503 1562 2536 Continet
1590 2510 1698 2536 autem
1728 2505 1810 2537 duas
1833 2505 2030 2547 praecipuas
2052 2516 2122 2538 ma-

1141 2545 1240 2576 terias
1263 2547 1408 2578 narratio
1431 2546 1623 2589 Evangelii:

1227 2587 1251 2620 1.
1274 2588 1327 2620 De
1345 2590 1533 2622 discrimine
1552 2589 1744 2631 disciplinae
1768 2597 1800 2622 et.
1823 2590 1945 2624 cultum
1971 2590 2024 2624 vel
2042 2592 2121 2624 obe—

1142 2630 1283 2664 dientiae
1317 2633 1349 2663 in
1377 2632 1541 2665 Ecclesia.
1601 2634 1676 2665 Cum
1706 2644 1795 2666 esses
1816 2637 1939 2674 iunim·,
1972 2637 2120 2675 citzyebas
