2343 2970
179 150 245 182 915

177 244 376 281 humilitas,
411 246 443 278 in
478 245 535 278 illo
569 245 742 278 excellenti
774 246 889 287 gmdu.
935 243 1172 276 lllamhumili-

181 294 283 320 tatem
310 288 459 321 declarat
485 291 514 321 in
539 291 715 332 passione:
751 290 793 320 ibi
828 299 866 319 se
893 289 1025 319 subiicit
1055 287 1171 320 vulun-

180 333 240 363 tati
265 331 340 371 Dei,
367 333 492 364 derivat
515 334 546 364 fn
571 342 608 363 se
633 345 669 363 m
686 344 713 363 ni
738 333 861 363 aeterni
884 333 988 373 patris
1007 332 1170 363 adversus

182 383 328 416 peccata
363 384 489 408 nostra.
544 375 623 406 Ideo
659 376 735 407 dicit
758 386 796 407 se
831 376 990 407 minorem
1014 385 1093 407 csse
1121 375 1170 406 lo-

183 417 294 451 hanne
313 420 467 461 baptista.

311 520 535 553 DOMlNICA
559 521 611 552 111.
636 521 750 553 POST
773 520 1038 554 ADYENTUM.

348 589 678 634 Evangelium
702 589 943 622 Iohannis
970 591 997 623 l.

389 649 496 687 (conf.
514 650 728 682 V01.XX1V.
752 662 781 693 p.
802 651 845 681 55
869 654 958 692 sqq.)

265 720 468 758 Bethabara,
502 720 534 751 id
569 725 636 756 est,
672 720 790 752 domus
824 720 995 751 traiectus.
1052 721 1166 751 ΑόιτνιιΥ

178 763 346 795 siwnificat
370 764 458 801 rber,
487 764 639 794 convenit
672 774 744 794 cum
776 763 978 805 germanico.
1026 761 1165 798 Quidam

177 818 221 839 vo
239 813 357 838 uerunt
380 807 569 845 emendare,
589 814 621 838 et
646 804 795 838 fecerunt
816 807 1020 844 Bellum-aba,
1046 806 1077 837 id
1102 812 1164 845 est,

179 850 303 882 deserti
332 851 466 886 domus;
501 851 560 882 sed
583 848 703 881 salsum
727 856 787 881 est.
845 849 900 880 Sic
927 851 1026 881 Prota
1056 860 1164 891 pagus

178 891 236 925 ille
259 903 326 924 non
350 892 467 935 procul
490 895 532 925 ab
556 895 640 925 urbe
664 893 783 924 dicitur
806 893 981 929 traiectus;
1012 893 1054 924 ibi
1079 893 1164 924 enim

177 935 240 969 fuit
277 937 459 974 traiectus,
507 937 640 978 quando
672 946 738 967 non
774 934 834 967 suit
868 946 965 978 pons.
1035 935 1071 966 ln
1101 935 1165 967 Bo-

177 979 288 1011 hemia
308 980 405 1011 etiam
423 986 473 1011 est
491 980 611 1020 Prata,
635 986 668 1011 et
690 978 857 1022 significat
880 980 975 1010 etiam
994 980 1166 1016 traiectus,

177 1024 335 1064 θῦεν-[τινί.
1008 1024 1012 1025 ’

266 1066 433 1097 lohannes
466 1071 576 1098 autem
610 1064 772 1097 habitavit
810 1066 843 1097 in
876 1064 934 1097 illo
973 1075 1082 1108 pag0‚
1123 1065 1165 1096 ad

179 1118 276 1151 quem
300 1115 371 1141 erat
405 1110 576 1142 traiectus.
622 1108 788 1140 Habitaxit
818 1114 926 1140 autem
956 1108 1031 1139 ideo
1060 1109 1093 1139 in
1124 1119 1164 1140 eo

178 1151 271 1190 loco,
295 1153 371 1194 quia
394 1153 499 1184 maior
521 1152 695 1185 multitudo
719 1152 874 1184 convenit
902 1152 944 1182 ad
967 1158 1163 1190 traccctum,

179 1202 216 1227 ut
237 1202 353 1238 posset
382 1194 496 1237 plures
531 1196 671 1231 docere:
706 1206 772 1227 non
806 1195 932 1226 abdidit
966 1195 1058 1226 sein
1082 1193 1164 1226 late-

181 1239 274 1278 bras,
297 1249 365 1270 non
387 1239 473 1281 fugzt
495 1240 526 1270 in
551 1238 694 1280 aliquam
717 1238 941 1270 solitudinem.

303 1327 440 1378 Quare
473 1327 656 1370 Christus
687 1335 857 1368 vocatur
888 1326 1044 1383 agnus?

267 1410 480 1453 Respondeo.
536 1411 623 1447 Quia
652 1411 714 1443 fuit
747 1411 898 1449 victima,
934 1421 1001 1442 non
1031 1415 1165 1452 propter

180 1453 445 1497 simplieitatem,
498 1455 560 1486 sed
603 1461 739 1497 propter
789 1455 951 1486 rationem
1002 1454 1163 1486 victimae.

180 1499 298 1538 Aynus,
321 1498 353 1529 id
377 1504 440 1537 est,
463 1498 596 1529 victima
620 1497 694 1537 Dei,
717 1507 784 1529 non
807 1498 964 1536 Aaronis,
994 1507 1061 1529 non
1084 1507 1165 1538 pnn-

180 1541 322 1579 tificum,
351 1552 419 1573 non
442 1542 666 1579 sacerdotum,
690 1539 854 1573 non‘talis
878 1551 1004 1582 agnus,
1034 1538 1164 1582 qualem

180 1590 367 1617 mactarunt
401 1584 595 1626 pontifices,
629 1584 689 1615 sed
711 1595 731 1615 a
753 1583 827 1615 Deo
859 1582 988 1615 electus
1024 1581 1164 1614 mirabili

182 1626 324 1659 consilio
359 1628 557 1659 constitutus
591 1638 651 1669 pro
679 1627 827 1668 peccatis
856 1627 990 1668 generis
1020 1626 1163 1657 humani.

181 1670 278 1703 Deus
313 1671 474 1702 immensa
502 1671 731 1702 misericordia
765 1670 891 1711 recepit
924 1679 1030 1711 genus
1053 1667 1166 1700 huma-

181 1724 273 1752 num,
309 1715 369 1746 sed
392 1715 439 1745 ita
461 1719 497 1746 ut
519 1713 617 1745 simul
639 1714 782 1745 iustiiiae
805 1723 887 1744 suae
910 1712 1107 1750 satisfieret,
1135 1717 1167 1742 et

183 1755 283 1789 simul
315 1757 543 1789 misericordia
584 1763 828 1789 exserueretur.

183 1806 478 1841 temperamentum
522 1800 665 1832 iustitiae
709 1800 838 1831 debetis
879 1800 964 1831 bene
1011 1799 1167 1841 cogitare.

184 1843 261 1875 Das
290 1847 333 1875 isc
360 1845 448 1876 solt-lt
477 1845 556 1875 ΙιοεΙι
592 1853 672 1883 yros
705 1845 799 1883 (ling),
834 1844 895 1875 das
928 1844 1003 1874 hein
1037 1846 1169 1874 creatur

184 1888 347 1919 aus-reden
364 1889 438 1919 lum.
472 1887 540 1918 lmo
564 1897 679 1918 omnes
705 1893 878 1918 creaturae
896 1886 928 1917 in
952 1886 1040 1917 omni
1063 1890 1169 1916 aeter·

185 1930 289 1962 nitate
330 1930 396 1961 hoc
431 1929 548 1971 ingens
593 1929 787 1962 beneficium
829 1930 1102 1964 considerebunt3
1138 1933 1170 1959 et

186 1974 272 2005 ratio
295 1972 411 2005 harum
433 1983 543 2005 rerum
574 1973 791 2004 immensitate
815 1972 974 2015 languefit
1003 1978 1035 2003 et
1058 1972 1169 2003 obstu-

187 2016 311 2058 pescit;
345 2016 407 2047 scd
437 2026 568 2047 oremus
592 2015 720 2054 Deum,
753 2022 790 2047 ut
818 2016 873 2047 det
892 2016 987 2047 nobis
1012 2015 1169 2056 Spiritum

188 2064 362 2097 sanctum,
395 2065 429 2090 ut
462 2057 520 2090 illa
543 2058 653 2101 aliquo
682 2060 781 2091 modo
815 2059 1016 2100 accipiamus
1051 2064 1083 2089 et
1105 2068 1170 2089 am-

187 2102 384 2144 plectamur.
440 2101 504 2133 Hic
538 2103 681 2134 cernitur
714 2103 832 2144 ingens
874 2109 906 2134 et
938 2099 1170 2133 inenarrabilis

188 2146 240 2177 ira
263 2144 328 2177 Dei
361 2145 527 2176 adversus
549 2152 741 2186 peceatum,
775 2146 864 2187 quod
899 2144 994 2176 Deus
1029 2142 1172 2176 noluerit

189 2189 356 2220 remittere
390 2195 548 2230 peccata,
586 2188 648 2219 nisi
682 2189 862 2220 satisfieret
901 2189 1043 2220 iustitiae
1079 2197 1169 2218 suae.

190 2231 270 2264 Ideo
293 2232 384 2264 venit
406 2230 493 2263 filius
516 2230 598 2269 Dei,
631 2236 666 2262 ut
694 2230 793 2263 homo
817 2232 922 2270 fieret,
946 2232 1000 2273 qui
1024 2229 1172 2262 solveret

191 2275 286 2316 λύτρα
319 2286 379 2316 pro
413 2275 561 2316 peccatis
596 2275 728 2317 generis
762 2272 912 2312 humani,
947 2281 978 2306 et
1013 2279 1048 2305 ut
1081 2279 1171 2304 esset

191 2318 331 2360 pretium
355 2316 587 2359 aequivalens:
610 2318 686 2348 ideo
710 2319 853 2358 oportuit
876 2327 949 2348 eum
962 2327 1039 2349 esse
1051 2316 1171 2348 Deum.

281 2361 437 2403 Oportuit
460 2371 533 2392 eum
557 2371 635 2392 esse
656 2359 776 2398 Deum,
809 2367 844 2392 ut
866 2367 985 2402 posset
1007 2360 1172 2391 sustinere

192 2403 284 2436 illam
306 2415 460 2447 magnam
489 2405 587 2441 iram3
621 2404 698 2435 item
731 2409 767 2435 ut
803 2410 893 2435 esset
928 2405 1035 2436 victor
1057 2403 1172 2434 mortis

193 2454 227 2479 et
245 2448 449 2479 instaurator
471 2447 558 2479 vitae
580 2453 754 2482 aeternam
783 2447 859 2478 item
886 2452 922 2477 ut
944 2447 1174 2488 ingrederetur

194 2491 227 2522 in
255 2500 414 2522 arcanum
443 2488 618 2522 consilium
652 2490 779 2521 aeterni
812 2490 932 2530 patris,
968 2496 1005 2521 ut
1041 2499 1174 2529 semper

195 2539 389 2575 precaretur
407 2544 468 2574 pro
492 2533 606 2570 nobis3
634 2533 711 2564 item
734 2539 781 2571 ut,
811 2543 884 2564 cum
908 2533 951 2563 sit
974 2538 1088 2564 eustos
1111 2531 1173 2564 Ec-

196 2575 332 2615 clesiae,
355 2576 475 2608 habeat
496 2577 676 2618 potentiam
694 2577 851 2608 maiorem
871 2580 988 2607 contra
999 2574 1175 2614 Diabolos,

195 2625 233 2652 ut
255 2629 317 2651 nos
341 2619 497 2652 defendat
520 2625 552 2651 et
574 2627 696 2652 servet.
742 2619 898 2661 Oportuit
926 2628 1000 2650 eum
1023 2618 1094 2649 fieri
1115 2617 1175 2650 ho-

827 150 940 183 PHlL.
964 149 1066 182 MEL.
1090 148 1278 183 SCRIPTA
1300 148 1566 183 EXEGETICA.

1193 411 1198 581 Ι
1224 423 1368 458 gestare.

1191 585 1196 823 Ι

1191 964 1194 992 Ι
1219 945 1279 977 pro
1304 935 1413 973 nobis,
1437 945 1478 966 ne
1501 941 1641 976 peccata
1662 937 1759 967 nobis
1783 937 1992 978 imputentur.

896 1755 981 1788 Illud
1020 1753 1169 1787 mirabile
1191 1744 1195 1791 Ι
1219 1753 1334 1793 stolis,
1368 1759 1400 1784 et
1422 1758 1532 1795 potest
1550 1752 1629 1784 labi.

2140 153 2207 185 916

1197 249 1201 276 l
1225 244 1364 282 minem,
1400 245 1476 286 quia
1505 251 1678 286 peccatum
1706 256 1746 277 ex
1778 256 1901 289 genere
1929 246 2073 279 humano
2098 254 2204 281 ortum

1226 294 1306 319 crat.
1365 287 1442 319 ldeo
1466 288 1529 319 iste
1553 299 1659 330 agnus
1685 290 1790 321 debuit
1823 300 1900 321 csse
1927 290 2016 321 Deus
2041 298 2072 322 ct
2097 290 2205 323 immo.

1316 332 1373 368 Qm
1397 333 1490 371 lolle'l]
1512 333 1648 363 verbum
1672 333 1749 372 αἴρω
1774 335 1951 375 respondet
1978 335 2108 365 duobus
2132 345 2204 365 xer-

1196 383 1198 410 5
1224 374 1275 405 bis
1300 373 1486 412 Hebraicis,
1510 385 1594 417 quae
1617 382 1693 406 sunt
1715 376 1812 407 ambo
1835 378 1920 417 apud
1942 377 2090 408 Esaiam:
2114 379 2206 410 subal

1432 418 1563 456 [Matth.
1602 418 1653 457 ll,
1685 418 1754 458 29]
1799 417 1899 460 ’Ἄρατε
1933 421 1982 450 7121v
2019 421 2101 460 {170
2133 434 2203 461 μιν,

1222 462 1253 491 id
1278 467 1346 498 est,
1382 459 1485 492 tollite
1521 462 1630 503 iugum
1665 472 1782 493 meum.
1829 463 1908 494 lieni
1933 464 2007 501 lies.
2032 464 2116 502 5;3.1:
2140 466 2204 496 11η·-

1221 507 1358 543 qm'lales
1380 514 1490 536 eorum
1515 508 1583 545 ipse
1614 509 1770 545 portarit,
1806 505 1836 536 id
1857 513 1918 539 est,
1954 508 2022 547 ipse
2043 508 2204 539 derivavit

1221 548 1252 577 in
1283 558 1321 578 se
1356 547 1451 578 istam
1476 548 1674 579 horrendam
1707 549 1808 587 iram,
1841 550 2050 581 incurrerunt
2074 551 2105 581 in
2129 562 2202 582 eum

1221 591 1330 621 onmia
1366 598 1504 631 peccata
1545 592 1644 622 totius
1684 593 1816 633 generis
1853 591 1995 624 hmnani.
2052 592 2205 625 Alterum

1220 634 1356 664 verbum
1391 644 1487 674 unsa,
1521 634 1552 664 id
1577 640 1640 672 est,
1674 633 1817 675 sustulit,
1852 643 1881 666 et
1918 646 2072 677 graecum
2107 637 2203 668 etiam

1220 676 1384 717 significat
1423 675 1576 716 sustulit,
1618 683 1652 708 ut
1686 678 1772 719 apud
1809 678 2029 719 Sophoclem:
2066 681 2204 718 Πόλεμος

1220 719 1322 750 σι’-δίψα
1351 718 1449 761 ἄνδρα
1475 719 1550 751 ἑκών
1580 721 1660 762 αἴρει
1685 721 1826 761 πονηριῗν,
1857 721 1932 752 ἀλλά
1962 721 2027 757 nis
2055 721 2204 764 χρηστοὺς

1219 761 1278 800 ἀεί,
1301 763 1332 794 id
1357 769 1420 800 est,
1442 762 1572 795 Bellum
1592 765 1755 795 neminem
1773 765 1834 795 nisi
1859 775 1939 796 casu
1962 764 2080 796 malum
2106 767 2203 796 inter·

1220 805 1298 844 ficit,
1334 806 1395 836 sed
1419 807 1575 847 optimum
1600 817 1765 848 quemque
1787 818 1928 849 semper.
1984 807 2085 839 Tollit
2108 808 2203 840 Chri-

1218 855 1291 880 stus
1315 855 1455 890 peccata
1477 850 1600 887 mundi,
1623 856 1656 881 et
1678 849 1773 881 simul
1799 849 1885 882 delet
1916 852 2141 893 imputatione,
2169 851 2202 883 id

1219 898 1287 930 est,
1322 893 1394 933 ipse
1429 898 1496 923 stat
1531 903 1643 924 coram
1677 900 1812 924 aeterno
1847 900 1952 935 patre,
1987 893 2204 936 interpellans

1349 1005 1511 1036 lohannes
1532 1009 1630 1044 neyal
1645 1014 1680 1036 se
1703 1015 1775 1037 esse
1795 1007 1993 1046 prophetam.

1638 1097 1774 1131 Contra.

1346 1169 1502 1200 Doctores
1520 1171 1553 1199 in
1578 1169 1723 1200 Ecclesia
1744 1173 1822 1200 sune
1838 1169 2024 1209 prophetae.

1346 1212 1506 1243 Iohannes
1529 1216 1601 1243 erut
1622 1213 1752 1243 doctor:

1347 1255 1433 1294 Ergo
1454 1256 1614 1286 lohannes
1637 1259 1708 1286 erat
1721 1255 1888 1295 propheat.

1303 1321 1516 1364 Respondet».
1572 1324 1736 1364 Propheta
1774 1323 1806 1354 in
1842 1321 1954 1353 Veteri
1988 1322 2201 1357 Testamenta

1217 1372 1269 1398 est
1291 1376 1436 1407 persona
1459 1366 1643 1397 immediate
1666 1376 1685 1397 a
1704 1365 1778 1397 Deo
1802 1372 1923 1397 vocata
1946 1366 1989 1397 ad
2013 1367 2202 1399 docendum

1218 1416 1249 1441 et
1272 1410 1314 1440 ad
1338 1408 1552 1440 illustrandas
1575 1410 1824 1449 promissiones,
1853 1414 1885 1439 et
1907 1409 1950 1439 ad
1973 1417 2099 1449 partem
2119 1409 2201 1450 poli·

1217 1453 1303 1484 ticae
1327 1452 1587 1494 gubernationis.
1644 1450 1734 1482 Talis
1770 1451 1931 1492 propheta
1965 1462 2031 1482 non
2061 1458 2133 1483 crat
2152 1452 2200 1484 lo—

1216 1495 1357 1527 hannes.
1412 1496 1581 1535 Apostolus
1614 1500 1665 1525 est
1697 1504 1842 1535 persona
1871 1494 2057 1525 immediate
2080 1501 2201 1527 vocata

1216 1549 1236 1570 a
1259 1538 1332 1569 Deo
1355 1538 1398 1568 ad
1426 1538 1684 1578 praedicandum
1708 1535 1937 1578 Evangelium,
1967 1547 2032 1567 non
2067 1538 2110 1568 acl
2144 1548 2202 1579 gu·

1216 1581 1444 1613 bernationem
1467 1578 1644 1622 politicam,
1680 1586 1712 1610 et
1745 1580 1875 1610 habens
1909 1580 2095 1611 mandatum
2130 1581 2201 1612 uni-

1217 1622 1349 1656 versale
1385 1624 1508 1665 ubique
1543 1623 1702 1661 docendi,
1742 1629 1774 1654 et
1801 1623 1931 1654 habens
1966 1623 2200 1662 testimonium,

1219 1668 1308 1710 quod
1332 1677 1397 1698 non
1427 1672 1514 1698 erret
1537 1667 1715 1707 Episcopus·
1743 1671 1794 1697 est
1816 1675 1961 1708 persona
1983 1666 2122 1697 mediate
2146 1676 2204 1698 vo·

1221 1717 1295 1742 eata
1318 1721 1337 1742 a
1359 1710 1445 1748 Deo,
1469 1715 1501 1742 et
1524 1709 1809 1750 debeteaccipere
1839 1709 2020 1741 doctrinam
2044 1710 2087 1740 ab
2112 1709 2200 1750 Apo-

1685 1753 1867 1793 Prophetae
1899 1753 1932 1783 in
1966 1752 2062 1784 Novo
2085 1751 2203 1784 Testa·

1220 1803 1329 1829 mento
1353 1804 1430 1828 sunt
1451 1797 1694 1828 instauratores
1718 1796 1905 1831 doctrinam
1940 1794 1993 1826 tat·
2050 1793 2112 1827 fuit
2144 1795 2201 1827 do-

1221 1847 1294 1873 ctor
1316 1839 1478 1871 Martinus
1502 1839 1681 1871 Lutherus.

1306 1883 1417 1926 Negat
1461 1883 1560 1925 igitur
1592 1881 1758 1913 Iohannes
1805 1892 1843 1913 se
1882 1891 1960 1912 esa-c-
2000 1915 2004 1920 „
2061 1881 2205 1920 phetam,

1221 1925 1350 1958 scilicet
1384 1925 1504 1964 talem,
1540 1925 1671 1968 qualem
1705 1925 1767 1966 ipsi
1796 1925 1829 1955 in
1858 1924 1968 1955 Veteil
2000 1951 2034 1953 μ
2064 1929 2205 1955 amento

1221 1972 1389 2002 vocabant
1412 1969 1615 2010 prophetam.

1308 2013 1376 2055 Eyo
1397 2023 1467 2044 sum
1490 2022 1550 2044 τοι·
1571 2013 1763 2050 clamantis]
1808 2009 1870 2041 Est
1899 2010 2102 2051 praedicatio
2126 2009 2206 2052 figu-

1221 2062 1295 2088 rata
1333 2067 1392 2098 per
1431 2053 1658 2097 Metalephin,
1698 2055 1729 2084 id
1763 2059 1832 2091 est,
1878 2062 1941 2095 ego
1976 2062 2049 2084 sum
2078 2062 2204 2084 sonans

1222 2110 1350 2132 vocem-

1224 2206 1359 2257 Quare
1407 2205 1518 2245 dicit:
1567 2219 1624 2249 eyo
1646 2218 1715 2240 sum
1738 2218 1816 2247 vox,
1865 2208 1907 2243 et
1944 2216 2045 2242 non:
2086 2216 2207 2239 sonam

1649 2287 1754 2310 9008111
1761 2262 1779 2305 ‘3

1311 2356 1524 2399 Respondeo.
1571 2355 1712 2397 Propter
1735 2353 1919 2396 emphasin,
1946 2359 1982 2384 ut
2004 2350 2207 2394 intelligatur

1225 2401 1402 2434 discrimen
1435 2399 1659 2431 ministrorum
1682 2408 1702 2430 a
1724 2407 1886 2439 persona,
1920 2402 1951 2428 et
1973 2396 2117 2427 sciamus
2141 2405 2207 2427 non

1225 2454 1304 2477 esse
1327 2443 1496 2476 miscenda
1519 2439 1713 2483 personalia
1732 2440 1926 2478 ministerio,
1955 2449 2018 2471 nec
2051 2448 2127 2470 esse
2150 2438 2207 2469 ad-

1227 2487 1334 2520 denda
1366 2486 1530 2523 humana,
1565 2492 1597 2516 et
1620 2490 1758 2516 nostros
1791 2482 1951 2521 affectus,
1992 2486 2026 2513 et
2057 2486 2209 2513 nostram

1226 2532 1404 2573 potentiam
1427 2535 1490 2560 etc.
1510 2528 1703 2560 ministerio.

1313 2573 1410 2605 Duae
1432 2577 1507 2603 sunt
1541 2571 1741 2613 praecipuae
1769 2575 1882 2612 partes
1909 2568 2008 2600 huius
2037 2565 2207 2599 lectionis:

1227 2617 1251 2649 1.
1275 2616 1327 2649 De
1350 2615 1543 2648 secessione
1567 2613 1742 2652 Iohannis,
1770 2619 1804 2645 et
1833 2613 1874 2644 de
1895 2610 1952 2644 illa
1973 2620 2061 2643 nova
2078 2610 2209 2642 institu-
