2343 2970
193 149 258 181 94⁷

281 246 436 284 Βουλιμία
466 249 517 276 est
550 244 687 275 morbus
716 243 892 286 plurimum
914 245 1118 288 vorantium,
1146 251 1179 277 et

194 292 305 319 tamen
345 287 481 319 assidue
525 287 755 325 esurientium,
813 289 1053 328 Wolffshunyer.
1121 287 1178 320 Sic

194 331 293 362 etiam
316 331 379 361 iam
403 336 481 362 sunt
502 331 673 372 regimina.
714 329 889 372 Exsugunt
911 341 1011 374 reges
1035 337 1067 363 et
1090 333 1178 374 prin·

194 374 287 415 cipes
324 373 480 405 sudorem
510 379 542 404 et
566 373 761 414 sanguinem
791 374 932 406 miserae
954 373 1083 416 plebis,
1117 377 1178 407 das

194 420 256 449 wol
287 426 327 448 zu
360 418 531 448 erbarmen
560 419 622 456 ist,
654 418 720 448 cnd
751 418 839 457 leilffc
867 421 916 449 sie
950 419 1030 450 doch
1063 420 1177 451 nichar-

194 459 253 491 Sic
277 459 496 490 consideretis
520 468 711 491 communes
735 460 886 492 miserias
913 461 946 492 in
975 462 1057 498 vita3
1093 461 1177 494 haec

194 502 281 534 enim
305 502 525 533 consideratio
550 508 602 534 est
625 502 724 544 digna
742 503 931 537 hominibus
955 505 1103 537 eruditis.

282 544 436 576 Christus
466 543 621 577 fortassis
662 546 723 578 fuit
763 554 926 589 cognatus
961 558 1088 590 sponso
1121 548 1178 581 vel

193 598 351 630 sponsae,
374 589 464 629 quod
487 595 623 630 apparet
656 589 750 628 inde,
786 590 862 632 quia
883 590 990 622 Maria
1018 593 1121 624 servit
1144 593 1177 624 in

194 632 305 673 operis
325 630 509 670 culinariis,
544 635 593 664 sie
625 633 711 673 ΙιίΙΙῙῖ
742 637 775 665 iu
808 635 870 665 cler
897 635 986 666 Jsz‘zclz
1019 639 1079 667 mit
1094 638 1178 676 auff-

193 676 308 709 εεΙιειι,
354 685 457 716 quare
502 676 600 707 etiam
645 686 786 718 aequum
827 675 887 709 fuit
934 677 1014 709 dare
1057 689 1177 711 munus

192 717 345 758 γαμῆὶψον.

278 760 402 793 Dicunt
426 772 524 794 unam
546 763 662 795 harum
686 763 919 805 amphorarum
943 774 1020 796 esse
1038 764 1176 808 Magde-

191 804 309 846 burgi,
344 806 383 837 de
405 807 509 837 sffellet
535 809 578 838 im
607 808 694 839 thum
724 809 841 839 ltinder
863 809 932 839 dem
954 808 1057 840 holzen
1080 812 1175 850 altar,

191 853 225 880 et
264 849 340 878 item
380 859 479 880 unam
513 849 745 892 Bambergae3
789 861 852 893 ego
886 857 1059 893 utramque
1097 853 1175 884 w‘di.

190 891 237 923 Es
259 901 317 931 sey
346 901 390 922 nu
412 893 491 924 oder
520 903 578 933 Sey
608 896 710 934 nicht,
744 895 807 926 das
836 895 1038 935 derselbz'qen
1073 897 1176 935 kruye

190 937 289 974 seien,
312 936 355 965 da
376 937 453 974 le'eqe
473 938 561 967 nicht
579 947 676 976 ,φνας-ε
693 947 746 974 απ,
776 941 833 969 mic
851 939 911 969 der
934 948 1005 970 mas
1028 940 1176 971 lconzmen

190 981 240 1009 sie
258 976 330 1016 last
356 978 491 1010 chet-ein.
536 979 571 1010 In
600 979 751 1022 physicis
775 980 840 1011 «lici
865 979 967 1013 solet:
995 983 1085 1013 Nlln'l
1105 983 1175 1020 alil,

190 1024 258 1052 nisi
289 1023 375 1061 quod
406 1027 456 1053 est
476 1024 620 1055 mioetum.
678 1023 734 1054 Sic
768 1030 885 1055 nostra
919 1035 1005 1066 aqua
1039 1023 1175 1056 fontana

189 1062 291 1095 habet
313 1065 502 1097 mixturam:
526 1066 625 1108 igitur
648 1067 744 1098 etiam
767 1066 843 1102 alit;
868 1067 897 1099 si
920 1068 1006 1099 enim
1028 1078 1095 1099 non
1119 1068 1174 1100 ha-

189 1107 285 1138 beret
325 1108 511 1149 mixturam,
556 1115 624 1140 tum
665 1120 731 1142 non
771 1109 909 1142 haberet
954 1109 1174 1143 dulcedinem.

189 1149 311 1181 Vinum
346 1157 456 1182 autem
490 1150 608 1184 melius
639 1154 741 1185 nutrit
776 1164 875 1195 quam
899 1164 1003 1195 aqua,
1040 1161 1072 1185 et
1108 1165 1173 1196 quo

190 1199 242 1225 est
265 1193 408 1235 plenius,
431 1204 471 1226 eo
494 1196 601 1237 magis
625 1202 675 1227 est
699 1197 742 1228 ad
760 1197 971 1228 nutritionem
987 1207 1174 1229 accommo-

190 1237 310 1268 datius.
356 1237 442 1268 Hinc
465 1238 562 1270 etiam
585 1238 690 1271 Solon
713 1240 777 1271 iam
801 1250 904 1272 senex
929 1240 1009 1271 dixit
1032 1250 1070 1271 se
1095 1241 1174 1272 dua·

188 1280 253 1311 bus
281 1281 382 1312 rebus
412 1282 620 1322 potissimum
655 1281 834 1322 delectari,
869 1284 947 1315 vino
984 1282 1111 1316 scilicet
1141 1289 1174 1316 et

188 1323 360 1356 discendo.

279 1369 465 1401 Iria-linium
498 1376 674 1412 utrumque
708 1369 891 1413 significat,
926 1380 1074 1403 mensam
1099 1381 1173 1403 cum

187 1411 295 1444 tribus
330 1410 426 1444 lectis
463 1422 525 1445 seu
558 1414 664 1445 tribus
687 1415 850 1453 scamnis,
886 1420 918 1446 et
940 1422 1059 1455 postea
1081 1414 1172 1446 habi-

187 1455 334 1487 taculum
369 1454 459 1487 illius
492 1467 648 1496 mensae,
691 1459 744 1489 die
777 1459 889 1489 stechen
922 1460 1000 1490 oder
1028 1459 1171 1498 yemaclz,

187 1500 287 1531 darin
311 1500 370 1530 der
392 1501 472 1531 tisclz
496 1502 605 1532 stellet.
651 1500 791 1542 Oportet
814 1507 924 1532 autem
954 1501 1173 1540 considerari,

187 1543 245 1574 ubi
267 1552 417 1574 mensam
441 1548 472 1573 et
495 1544 551 1575 ubi
573 1543 795 1576 habitaculum
819 1543 994 1586 significet.
1030 1544 1172 1576 Veteres

185 1586 387 1621 amovebant
409 1596 544 1618 mensas
568 1593 645 1629 post
669 1586 794 1629 epulas.
830 1589 884 1619 Se'e
906 1590 1013 1620 haben
1035 1598 1070 1619 es
1087 1590 1175 1621 m‘clzt

187 1643 224 1666 so
246 1636 374 1674 vnfieliy
393 1632 544 1672 qehaltcn
566 1633 613 1663 als
636 1632 703 1663 wir.
756 1633 804 1663 Im
832 1632 911 1663 land
930 1642 968 1662 :u
990 1633 1114 1663 [Iessea
1135 1642 1172 1663 so

835 147 946 182 PfflL.
968 148 1075 182 MEL.
1097 148 1285 183 SCRIPTA
1307 149 1572 183 EXEGETIGA.

2150 153 2216 188 948

1228 245 1292 277 fust
1318 245 1449 278 David!
1484 250 1639 288 quantam
1671 247 1884 280 mutationem
1919 249 2013 291 regni
2049 247 2213 282 adulterio

1229 289 1381 321 exitavit!
1427 289 1463 320 ln
1486 299 1616 321 omnem
1634 290 1721 322 enim
1749 292 1976 323 aeternitatem
1999 298 2111 324 manet
2133 303 2214 326 vera

1229 331 1371 374 regula:
1414 333 1617 366 Scor-catores
1655 338 1689 366 et
1718 335 1882 367 adid-‘eros
1918 337 2076 368 mellea->et
2106 336 2211 369 Deae.

1229 377 1303 408 Am.
1327 386 1386 415 say
1409 377 1471 414 ich,
1499 379 1562 408 solt
1589 378 1641 408 ihr
1669 378 1772 409 ciacon
1800 379 1943 411 ankebeu
1962 390 1982 410 a
2005 388 2087 411 vero
2110 377 2214 418 fonte,

1230 423 1263 450 et
1286 419 1552 461 quandocunque
1576 418 1706 451 habetis
1737 421 1771 452 in
1793 420 1990 463 Scripturis:
2024 422 2123 455 Dixit
2148 424 2212 455 Do·

1229 465 1348 502 minus,
1372 470 1441 495 tum
1463 469 1663 495 mementote
1677 462 1803 506 aliquid
1814 463 1987 507 singulare
2010 466 2086 497 dici.
2121 464 2214 498 Haec

1229 504 1283 538 lex
1303 506 1345 538 de
1367 507 1522 549 coniugio
1554 513 1608 539 est
1635 507 1705 538 lata
1731 508 1768 540 in
1789 508 1965 550 paradiso,
1997 508 2109 540 statim
2138 518 2215 542 eum

1229 556 1347 581 natura
1369 550 1478 582 adhuc
1497 556 1569 582 erat
1590 551 1728 593 integra.
1773 550 1786 581 l
1804 561 1916 583 ⁸›ssem
1937 549 2039 583 multa
2061 549 2215 594 exempla

1229 593 1380 633 recitare,
1409 593 1464 625 nbi
1498 592 1595 626 Deus
1622 593 1789 635 puniverit
1816 600 2021 628 scortatores
2060 600 2094 628 et
2118 590 2221 630 adul«-

1228 641 1328 668 teros.

1315 679 1390 712 Fuit
1407 678 1558 711 Mat-chio
1582 679 1749 712 Badensis
1779 679 1914 713 Elector
1936 680 2136 719 Treviricus,
2157 681 2214 723 qui

1228 722 1262 754 in
1303 729 1470 755 conventu
1508 722 1707 766 Augumno
1741 734 1829 756 anno
1867 724 1950 756 1505
1990 724 2214 766 respondebat

1229 764 1351 808 legatis
1380 765 1556 808 pontificiis
1586 767 1707 804 latine,
1742 765 1872 809 gallicis
1901 765 2042 808 gallice,
2071 767 2223 799 statibus

1230 809 1429 851 germanicis
1454 810 1663 852 germanice3
1693 808 1750 842 ille
1781 817 1851 842 erat
1874 811 2052 842 admodum
2074 810 2215 842 inconti-

1229 862 1326 891 nens,
1361 857 1393 884 et
1424 858 1478 884 est
1507 851 1702 885 interfectus
1731 864 1752 885 a
1775 860 1891 886 sutore
1915 864 1956 886 zu
1982 854 2175 895 Confluents,
2193 862 2214 885 a

1230 905 1296 937 quo
1327 894 1556 937 deprehensus
1587 902 1658 928 erat
1687 898 1720 928 in
1743 895 1905 929 adulterio
1935 897 2090 939 coniugis
2119 905 2212 928 suae.

1228 938 1310 970 ltem
1341 939 1419 970 novi
1448 939 1600 970 comitem
1633 940 1935 982 ingeniosissimum
1964 941 2070 972 virum
2103 938 2213 970 Ludo-

1229 982 1338 1014 vicum
1369 982 1410 1013 de
1438 981 1662 1021 Lovenstein,
1698 989 1828 1025 gratum
1857 982 2094 1015 Maximiliano.
2153 980 2213 1013 me

1230 1026 1328 1056 etiam
1351 1023 1438 1057 male
1463 1026 1603 1067 regebat
1630 1036 1754 1064 mores,
1782 1027 1914 1058 tandem
1946 1033 1998 1058 est
2016 1024 2212 1058 interfectus

1227 1079 1247 1099 a
1270 1078 1332 1100 suo
1356 1069 1537 1107 scrinario,
1568 1079 1666 1110 quem
1700 1069 1919 1111 ablegaverat
1942 1070 2152 1111 deportatum
2174 1066 2225 1110 lis

1228 1117 1333 1146 teras;
1359 1112 1420 1143 sed
1443 1110 1500 1143 ille
1529 1112 1675 1143 sentiens
1705 1111 1816 1144 dolum
1846 1114 2022 1145 abscondit
2044 1123 2082 1145 se
2105 1114 2139 1145 in
2160 1122 2213 1146 ae-

1229 1155 1338 1192 dibus,
1362 1161 1483 1196 postea
1508 1165 1582 1186 cum
1605 1154 1662 1187 ille
1687 1156 1866 1188 accederet
1888 1167 2025 1189 uxorem
2049 1157 2212 1195 scrinarii,

1226 1196 1422 1230 interfectus
1446 1203 1498 1229 est
1515 1209 1535 1229 a
1559 1199 1732 1230 scrinario.

1314 1240 1448 1272 Accidit
1466 1247 1499 1272 et
1521 1240 1650 1273 Ulmae.
1696 1243 1745 1273 Ibi
1767 1241 1825 1274 suit
1846 1241 1946 1275 homo
1969 1242 2132 1275 honestus
2154 1243 2212 1275 ha-

1228 1285 1312 1316 bens
1343 1284 1521 1326 coniugem
1555 1283 1642 1317 male
1680 1292 1845 1318 moratam
1873 1293 1906 1318 et
1930 1285 2136 1325 adulteram,
2171 1287 2213 1318 de

1229 1338 1294 1369 qua
1328 1337 1430 1368 saepe
1465 1333 1668 1370 conquestus
1710 1334 1781 1361 erat
1826 1329 1914 1371 apud
1947 1330 2099 1367 vicinos;
2137 1340 2213 1362 cum

1228 1377 1339 1402 autem
1353 1370 1481 1402 videret
1493 1381 1531 1402 se
1554 1381 1621 1403 non
1643 1372 1777 1413 respici,
1801 1379 1833 1404 et
1855 1383 1936 1404 suas
1949 1371 2125 1415 quaerelas
2142 1382 2212 1404 non

1228 1413 1388 1452 exaudiri,
1417 1413 1595 1446 simulabat
1623 1424 1661 1446 se
1683 1415 1731 1447 ire
1752 1414 2027 1448 Francofordiam
2054 1416 2098 1448 ad
2120 1425 2210 1447 muu-

1228 1458 1333 1498 dinas,
1356 1463 1388 1489 et
1410 1467 1570 1500 egressus
1595 1457 1692 1489 domo
1724 1460 1819 1490 statis
1850 1469 2008 1491 reversus
2040 1465 2092 1490 est
2124 1457 2212 1491 clam

1227 1512 1265 1533 se
1288 1502 1502 1533 abscondens
1524 1502 1558 1532 in
1583 1501 1680 1532 domo
1704 1502 1767 1533 sub
1796 1501 1908 1533 scalis.
1955 1501 2099 1543 Vesperi
2122 1501 2212 1534 venit

1225 1544 1387 1577 moechus
1411 1545 1552 1576 credens
1576 1544 1725 1576 maritum
1756 1553 1831 1576 esse
1854 1543 2126 1583 Francofordiae‚
2154 1554 2209 1576 ac-

1226 1589 1351 1621 cedens
1374 1598 1524 1627 uxorem,
1547 1597 1645 1629 quae,
1667 1593 1844 1630 postquam
1866 1586 2049 1620 lautissime
2072 1598 2148 1620 cum
2170 1597 2210 1632 eo

1225 1632 1371 1671 vixerat,
1409 1631 1542 1663 abducit
1566 1639 1641 1662 eum
1663 1631 1697 1662 in
1720 1629 1926 1667 cubiculum3
1959 1631 2048 1677 haec
2072 1643 2215 1678 'maritus

188 1687 264 1709 man
287 1679 320 1708 in
354 1676 407 1706 die
429 1675 541 1706 stuben
560 1676 666 1714 yelzet,
700 1684 735 1707 so
768 1676 870 1706 stellet
901 1683 977 1706 man
1005 1676 1068 1706 den
1090 1676 1172 1707 lisclt
1198 1688 1201 1712 ι
1225 1676 1365 1712 audiens
1405 1681 1553 1708 armatus
1596 1672 1732 1705 festinat
1774 1675 1817 1706 ad
1861 1675 1936 1706 cub·

189 1730 226 1753 so
248 1722 298 1752 vol
319 1720 462 1756 semmel,
487 1728 581 1750 wenn
603 1727 678 1749 man
701 1721 754 1750 ein
771 1720 899 1750 stechen
921 1718 1017 1749 ἀνείη
1039 1720 1174 1769 -Ῐζὲεῇεἷ,

190 1774 226 1796 so
253 1762 355 1795 mo‘cht
374 1772 410 1793 er
436 1763 494 1810 150(
513 1762 653 1793 tlrt'nnen
684 1764 828 1825 :Cenem
861 1785 929 1816 also
959 1781 1085 1822 madiy
1113 1777 1179 1807 heu

190 1817 266 1839 man
288 1817 333 1838 es.
395 1807 482 1849 ''⁷1¹‘'
524 1836 530 1840 ,
610 1830 633 1862 h
981 1828 993 1835 ,
1054 1821 1086 1852 ,d
1111 1825 1162 1851 est

396 1841 581 1864 *nmmum
634 1831 710 1862 abet
743 1838 864 1861 nomeu
887 1837 907 1858 a
930 1836 1024 1867 τρεις,
1053 1833 1064 1853 ι
1165 1841 1175 1857 ,

193 1865 281 1916 tres,
319 1882 351 1908 et
380 1877 481 1913 κλίνη,
515 1876 549 1906 id
572 1880 639 1912 est,
675 1872 805 1905 lectica.
858 1872 911 1903 sic
933 1867 1029 1901 seind
1045 1867 1177 1908 yeleyen

194 1923 260 1955 vncl
280 1922 368 1952 nz'cltt
383 1928 549 1959 yesesseyz,
572 1927 662 1950 wemz
674 1921 722 1949 sie
741 1914 980 1956 yessenlzabeu,
1004 1913 1067 1944 cml
1084 1912 1181 1943 sec’ml

1202 1822 1205 1829 ⁴
1231 1822 1339 1850 scere,
1364 1808 1437 1856 quis
1462 1817 1552 1850 esset
1575 1818 1691 1857 (credo
1720 1817 1789 1851 fato
1820 1821 1957 1854 divino).

1401 1721 1408 1728 .
1650 1717 1656 1725 .
1891 1689 2054 1722 ...siculum
2091 1688 2216 1721 uxoris.

1227 1723 1311 1758 Cum
1334 1719 1483 1754 audisset
1505 1727 1591 1749 uxor
1613 1716 1757 1760 ahquem
1788 1727 1976 1766 agbendeoe
2011 1743 2072 1775 per
2102 1730 2218 1764 scalas

1228 1771 1271 1802 ad
1296 1762 1493 1801 cubiculum,
1518 1770 1665 1805 aslffil'l'iss
1695 1768 1737 1807 ad
1767 1777 1900 1809 ianuam
1931 1776 2068 1818 cupiens
2093 1784 2217 1817 cogno-

2009 1818 2091 1850 Tum
2121 1818 2218 1850 mari-

1230 1869 1283 1898 tus
1307 1864 1422 1906 aperta
1449 1863 1549 1894 ianua
1571 1863 1735 1904 prorupit,
1763 1875 1804 1896 ae
1833 1864 1944 1895 statim
1973 1861 2216 1904 apprehensam

1230 1918 1369 1942 uxorem
1393 1905 1504 1949 gladio
1529 1904 1714 1948 interiecit3
1737 1914 1769 1940 et
1792 1913 1910 1950 postea
1924 1906 2063 1937 maritus
2087 1909 2138 1935 est
2159 1904 2217 1935 ab·

194 1967 248 1998 ilzr
271 1965 352 2004 ‹It-ey
380 1963 456 1994 rber-
482 1963 630 1993 itzltcleen
655 1961 737 1992 11⁸3ch
756 1968 910 1999 yesessen
938 1958 1013 1995 auff
1034 1956 1178 1987 iezltclzer
1203 1952 1208 1997 ἰ
1232 1951 1360 1985 solutus
1383 1949 1559 1992 parricidii.

196 2011 298 2041 seiten
317 2010 419 2044 einer,
442 2014 523 2036 rora
541 2006 618 2036 aber
640 2006 764 2035 lceiuer.
1140 2042 1158 2049 ..

285 2049 345 2080 Est
370 2050 400 2079 in
424 2047 488 2078 hac
510 2046 647 2078 historia
669 2047 825 2078 usitatum.
854 2044 966 2075 dicere
994 2043 1036 2073 de
1058 2047 1180 2083 nuptus

198 2100 231 2126 et
264 2094 305 2124 de
341 2091 506 2132 coniugio.
571 2090 843 2130 Quandocunque
887 2097 965 2118 vero
1003 2084 1101 2117 vultis
1139 2085 1180 2116 de

197 2136 256 2169 illo
288 2136 418 2172 dicere,
453 2140 582 2173 oportet
616 2144 676 2164 vos
709 2133 808 2163 ordiri
831 2142 851 2162 a
875 2130 963 2161 dicto
989 2128 1180 2160 Geneseos:

199 2181 297 2212 Dixit
323 2178 497 2209 Dmm'nus:
526 2179 595 2209 Non
619 2182 667 2207 est
694 2178 806 2207 bouum
824 2176 945 2206 homini
974 2182 1047 2204 esse
1069 2172 1181 2203 solum.

289 2222 443 2253 Ordimur
455 2226 545 2251 recte
558 2230 578 2250 a
590 2218 771 2251 vocabulo:
796 2219 887 2250 Dia-tt
900 2216 1070 2248 Dominus.
1094 2214 1183 2246 Idem

201 2266 296 2298 Deus
320 2266 477 2296 immensa
503 2263 663 2303 sapientia
688 2263 855 2293 decretum
878 2259 972 2298 fecit,
1006 2264 1039 2290 et
1070 2258 1102 2289 id
1126 2268 1183 2300 ge-

201 2311 273 2341 neri
298 2308 442 2340 humano
470 2306 636 2348 patefecit,
670 2303 907 2346 promulgavit,
934 2308 965 2334 et
993 2302 1119 2339 sanxit,
1147 2307 1183 2351 ut

202 2356 244 2384 sit
268 2358 374 2383 ratum
397 2357 429 2381 et
461 2352 646 2386 immotum,
671 2348 760 2390 quod
788 2348 827 2377 sit
865 2346 1053 2377 coniunctio
1082 2354 1183 2375 maris

204 2402 236 2427 et
260 2394 425 2426 foeminae
457 2393 552 2431 talis,
587 2389 730 2423 scilicet:
765 2392 871 2422 Erunt
896 2391 959 2420 ‹lm›
983 2392 1017 2420 in
1051 2397 1184 2419 carnem

204 2448 314 2476 unani,
345 2438 378 2468 id
401 2443 469 2474 est,
504 2433 772 2477 inseparabiliter
794 2433 904 2464 iuncti.
949 2430 1079 2462 Ethnici
1103 2428 1183 2461 nihil

204 2488 345 2524 possunt
377 2481 418 2511 de
446 2479 509 2510 hac
533 2490 568 2511 re
593 2479 722 2515 dicere,
752 2486 855 2518 quare
883 2476 966 2505 inter
996 2484 1055 2505 eos
1085 2474 1184 2505 etiarn

206 2533 298 2556 ortae
332 2529 409 2554 sunt
443 2521 565 2553 multae
598 2527 629 2553 et
663 2519 851 2552 horrendae
883 2517 1053 2555 libidines,
1098 2526 1185 2558 quae

205 2574 326 2609 postea
348 2565 446 2597 valde
468 2566 601 2606 punitae
629 2570 715 2595 sunt.
771 2562 917 2593 Sodoma
950 2561 1034 2591 enim
1063 2567 1096 2609 et
1120 2558 1184 2590 Go-

206 2620 334 2648 morra,
372 2609 448 2640 item
481 2608 616 2639 Thebae
655 2614 687 2638 et
724 2605 809 2637 aliae
848 2604 996 2646 insignes
1036 2603 1185 2634 ciutates

207 2652 330 2685 multae
363 2653 531 2693 perierunt
565 2657 701 2692 propter
728 2649 892 2681 libidines.

1318 1996 1413 2027 Dixit
1435 1996 1600 2036 Dominus,
1624 1996 1657 2027 id
1680 2000 1742 2033 est,
1767 1993 1916 2025 mirando
1933 1989 2074 2024 consilio
2089 1990 2138 2042 sic
2160 1997 2217 2041 vo-

1232 2039 1293 2072 luit
1316 2038 1472 2071 ordinare
1500 2040 1675 2072 humanam
1698 2043 1867 2075 naturam,
1897 2041 1931 2068 ut
1956 2035 1998 2066 sit
2031 2036 2217 2066 coniunctio

1233 2084 1333 2116 maris
1358 2088 1390 2114 et
1412 2081 1588 2115 foeminae.

1321 2126 1498 2162 Quaeritur
1520 2135 1626 2158 nunc:

1237 2240 1394 2292 Quibus
1446 2240 1633 2290 consiliis,
1694 2253 1817 2293 quare
1869 2238 1981 2278 Deus
2039 2235 2220 2277 condidit

1236 2303 1336 2343 duas
1384 2315 1573 2356 personas
1623 2307 1663 2340 et
1702 2314 1783 2340 non
1830 2297 1988 2353 plures?
2034 2303 2106 2337 aut
2150 2310 2219 2336 cur

1235 2378 1317 2403 non
1356 2362 1490 2417 potius
1529 2360 1655 2400 voluit
1694 2375 1747 2400 ex
1785 2374 1865 2399 ima
1905 2358 1987 2398 sola
2019 2356 2219 2411 procreari

1524 2435 1652 2474 genus
1685 2417 1935 2460 humanum?

1324 2513 1537 2554 Respondeo.
1583 2512 1659 2543 ldeo
1689 2518 1767 2542 sunt
1800 2510 1890 2542 initio
1921 2509 1986 2540 duo
2022 2508 2155 2546 conditi,
2184 2513 2220 2539 ut.

1238 2564 1328 2590 esset
1351 2554 1523 2592 Ecclesia;
1546 2554 1673 2596 placuit
1702 2555 1788 2586 enim
1813 2554 1841 2585 ei
1862 2553 1895 2584 in
1919 2552 2081 2584 societate
2103 2549 2219 2582 Eccle-

1238 2602 1309 2633 siae
1342 2598 1503 2632 celebrari
1535 2605 1566 2629 et
1598 2598 1732 2630 adorari
1761 2607 1810 2629 se.
1863 2597 1917 2628 Iclz
1950 2597 2017 2627 lmn
2049 2598 2103 2626 itzl
2132 2594 2223 2625 nicht

951 2646 1101 2681 Quantus
1136 2645 1186 2676 vir
1238 2645 1328 2676 meler
1351 2644 1453 2675 daron
1476 2652 1596 2681 Sayen5
1632 2642 1664 2672 in
1691 2640 1802 2673 futura
1830 2640 1895 2671 vita
1925 2638 2010 2671 haec
2038 2635 2217 2679 perfectius

2319 2752 2323 2758 '
2320 2212 2339 2707 2‘-.·45m—.-.„.·7-·,

2313 2910 2336 2970 ”5—
