2343 2970
178 145 242 178 695

178 241 281 272 tassis
304 237 363 271 suit
388 250 429 270 ex
453 239 609 270 comitatu
628 236 780 268 Herodis.
826 235 889 265 Die
902 234 964 264 lent
975 233 1073 264 haben
1093 233 1161 263 siclt

179 294 219 313 an
242 283 408 314 Herodem
426 281 575 321 ychenyt:
593 279 776 311 maluerunt
795 279 860 316 isti,
873 279 926 319 qui
946 283 1017 308 erat
1029 276 1158 309 Tetrar-

178 326 243 358 cba
266 327 298 357 in
322 326 386 356 isto
410 326 546 366 populo,
570 324 798 363 obtemperare
822 322 945 362 potius,
968 331 1065 361 quam
1085 320 1160 351 Eth-

178 371 254 401 nico
272 368 478 410 magistratui
501 367 665 398 Romano:
700 375 740 396 ac
774 365 1028 395 nominabantur
1061 362 1161 405 aliqui

179 412 370 449 Herodhmi,
389 412 441 452 qui
455 409 677 451 disputabant,
696 409 784 450 quod
808 417 874 439 non
898 406 1013 438 liceret
1036 407 1161 438 obtem-

179 466 299 497 perare
323 454 490 490 Romanis,
515 450 665 483 videlicet
690 450 830 482 Ethnico
854 450 1078 492 magistratui,
1104 450 1162 480 do-

179 499 312 530 minanti
335 497 367 527 in
392 494 514 537 populo
528 495 602 526 Dei.
649 494 859 525 Contrarium
882 499 991 525 tamen
1010 502 1065 523 res
1088 492 1163 532 ipsa

180 540 360 572 clamabat:
384 550 457 570 nam
482 545 512 569 et
536 538 634 575 illos,
661 538 716 578 qui
739 538 802 569 sub
827 536 959 567 Herode
989 536 1162 574 sedebant,

178 592 214 616 ut
237 584 342 615 Maria
365 590 397 613 et
421 581 553 623 loseph,
579 581 756 622 oportebat
789 580 837 611 ire
865 580 898 610 in
920 578 1098 616 Iudaeam,
1131 583 1163 608 et

179 628 410 667 obtemperare
424 623 591 663 Romanis,
615 630 649 655 ut
672 622 795 655 sactum
818 628 868 653 est
893 622 1004 654 edicto
1018 621 1163 663 Augusti

178 669 350 711 proposito
373 669 415 699 de
439 678 552 699 censu.

266 712 366 743 Scitis
390 711 591 742 doctrinam:
614 708 702 741 aliud
726 715 777 740 est
800 706 966 745 Ecclesia,
988 704 1079 739 aliud
1100 705 1163 738 Po-

178 754 256 787 litia.
304 754 458 786 Ecclesia
476 764 541 784 non
566 761 618 784 est
640 751 775 794 alligata
803 752 845 782 ad
880 761 977 782 unam
1006 748 1161 791 politiam.

178 797 333 830 Ecclesia
349 804 399 828 est
423 804 538 828 coetus
562 797 735 837 dispersus
759 795 790 825 in
814 794 961 831 mundo,
994 795 1039 823 sie
1071 792 1162 832 yeltet

178 841 276 871 ‹lurclz
294 841 347 870 die
370 840 451 879 «velt,
475 846 642 882 tamquam
667 837 794 870 schola.
842 837 905 866 Dte
926 835 1067 867 Politiae
1089 835 1163 865 siud

179 884 258 913 auch
281 883 442 923 unqleiclz,
473 893 558 924 quae
587 888 664 913 sunt
692 881 836 922 hospitia
859 878 1044 911 Ecclesiae.
1091 879 1162 911 Sub

178 927 287 959 Turca
310 934 361 958 est
385 925 485 957 multo
511 926 635 956 tristior
659 925 820 961 servitus,
846 929 878 955 et
907 923 1021 954 durius
1044 923 1162 964 premi-

179 977 232 1002 tur
254 969 421 1008 Ecclesia,
444 979 541 1011 quam
565 968 655 1006 alibi,
672 969 728 1000 ubi
752 973 804 998 est
826 967 1002 998 mediocris
1024 964 1162 997 libertas

177 1012 414 1054 professionis,
438 1021 469 1044 et
493 1012 688 1043 clementior
721 1021 781 1042 seu
810 1010 919 1041 mitior
953 1009 1161 1051 gubernatio.

180 1057 250 1087 Das
272 1056 385 1086 men-kt
410 1056 466 1096 bey
488 1056 556 1084 clem
579 1059 656 1086 wort
679 1052 851 1094 βασιλικῖςε
879 1052 970 1083 aliud
1001 1061 1078 1084 esse
1100 1050 1163 1082 Ec-

179 1100 328 1137 clesiam,
353 1099 441 1130 aliud
466 1099 617 1140 imperia:
643 1104 672 1128 et
696 1096 882 1128 Ecclesiam
907 1105 985 1127 esse
1007 1104 1162 1136 sparsam

179 1154 238 1183 per
261 1144 393 1174 diversa
416 1141 574 1183 Imperia;
594 1147 625 1172 et
648 1139 724 1171 alibi
748 1150 825 1170 esse
849 1139 1027 1170 tristiorem
1051 1144 1082 1169 et
1105 1138 1162 1168 du-

178 1187 299 1217 riorem
323 1186 526 1222 servitutem,
550 1183 627 1215 alibi
652 1184 822 1215 mitiorem.

266 1228 417 1260 Servitus
453 1229 556 1267 lwinqt
591 1227 717 1266 allewey
752 1225 972 1256 hesclzwerm'ss
1005 1225 1060 1253 mit
1083 1222 1160 1253 siclt.

179 1272 271 1303 Sicut
296 1270 391 1303 Plato
417 1272 510 1302 dicit:
544 1271 682 1309 Utraque
713 1271 846 1308 optimu:
880 1268 1043 1297 moderata
1071 1268 1161 1295 servi-

180 1319 238 1350 tus,
263 1319 292 1344 cl
315 1314 477 1344 moderata
502 1315 629 1343 libertas
638 1324 648 1347 ‚·
677 1317 707 1342 et
730 1317 860 1351 utraque
886 1312 1036 1350 pessima:
1060 1311 1163 1339 immo-

183 1358 298 1387 derata
321 1360 461 1387 servitus.
486 1362 513 1387 e!
538 1357 739 1386 immoderata
763 1355 902 1384 libertas.
948 1352 1087 1385 Multum
1107 1353 1164 1383 ab·

179 1408 315 1433 utuntur
334 1400 483 1431 homines
507 1400 660 1431 liberate:
695 1404 812 1440 postea
838 1399 985 1438 sequitur
1008 1397 1163 1430 servitus.

180 1445 212 1475 id
246 1451 318 1481 cst,
354 1442 482 1474 frenum
517 1450 549 1475 et
574 1454 700 1473 carcer.
747 1441 929 1481 Captivitus
954 1438 1163 1480 Babylonica

180 1494 252 1519 erat
275 1497 397 1528 magna
421 1488 589 1523 servitus,
624 1497 688 1527 qua
712 1491 782 1515 erat
806 1493 968 1525 oppressa
991 1482 1163 1514 Ecclesia:

813 142 929 177 PfflL.
953 141 1057 173 MEL.
1080 139 1267 172 SCRIPTA
1290 138 1553 170 EXEGETICA.

2125 139 2190 172 696

1299 232 1509 274 Respondeo.
1562 231 1646 264 Illud
1675 231 1796 265 malum
1829 240 1961 266 taxatur
1995 244 2016 265 a
2042 233 2191 273 Christo,

1214 277 1302 318 quod
1325 275 1476 308 homines
1501 286 1567 307 non
1586 275 1702 307 volunt
1726 277 1893 318 respicere
1912 278 1955 308 ad
1978 277 2087 319 signa,
2108 287 2194 318 quae

1213 319 1306 351 Deus
1329 330 1390 350 suo
1415 317 1555 350 consilio
1579 325 1612 350 et
1634 319 1796 359 sapientia
1807 318 1974 352 faeitzsed
1992 319 2108 352 volunt
2128 321 2193 353 sibi

1214 363 1361 394 exhiberi
1383 362 1494 404 signa,
1516 371 1602 403 quae
1624 362 1705 403 ipsis
1728 361 1870 404 placent.
1915 363 1990 392 Man
2013 363 2064 393 eol
2089 373 2120 392 es
2149 365 2191 394 ei-

1213 416 1279 435 nem
1301 405 1407 434 iederu
1436 404 1578 440 macheu,
1608 407 1665 434 wie
1687 415 1737 435 ers
1758 405 1857 435 haben
1874 406 1954 441 will,
1982 407 2047 436 und
2075 408 2132 436 wie
2159 417 2193 437 u

1213 448 1275 478 ihm
1296 449 1388 487 saufft
1411 447 1488 478 thui.
1534 447 1625 479 Talis
1649 455 1700 479 est
1722 450 1855 480 aversio
1877 460 1898 480 a
1920 449 2012 488 Deo,
2035 455 2070 481 ut
2091 448 2192 481 homi-

1214 502 1274 523 nes
1298 496 1454 533 expetant
1476 491 1585 532 signa,
1609 501 1695 532 quae
1718 492 1799 533 ipsis
1822 498 1899 524 sunt
1921 494 2058 524 suavia:
2090 493 2131 524 ita
2156 502 2194 524 se

1214 541 1340 573 amant,
1363 541 1395 566 et
1418 543 1498 565 suas
1520 535 1715 573 suavitates,
1737 545 1803 566 non
1822 542 1932 567 amant
1953 535 2073 568 Deum.

1302 577 1427 608 Verum
1451 583 1515 615 cst,
1528 577 1625 619 signa
1647 584 1725 609 sunt
1748 579 1942 619 spectanda,
1955 589 2039 620 quae
2061 580 2193 621 quidem

1215 626 1248 652 et
1270 619 1467 652 exhibentur
1489 620 1574 658 ideo,
1598 626 1633 652 ut
1655 627 1864 662 spectentur:
1889 628 1919 653 et
1944 621 2098 653 Christus
2121 622 2194 658 inse

1214 662 1337 705 allegat
1360 664 1470 705 signa:
1495 663 1591 692 Caeci
1602 663 1718 699 vident,
1731 666 1806 694 nmti
1828 664 2003 705 loquuntur,
2027 671 2090 696 etc.
2126 660 2194 696 [mo

1214 711 1284 738 tota
1307 716 1416 738 rerum
1439 711 1558 737 natura
1580 713 1630 738 est
1652 706 1845 739 miraculum
1864 709 2067 749 propositum
2081 708 2194 749 generi

1214 749 1371 787 humano,
1395 754 1431 780 ut
1453 749 1496 780 sit
1519 750 1742 782 testimonium
1765 751 1806 782 de
1829 750 1917 782 Deo:
1947 757 2067 792 postea
2096 751 2194 782 etiam

1214 798 1290 824 sunt
1319 793 1416 834 signa
1451 791 1644 833 singularia.
1700 793 1767 825 Sed
1799 793 1951 825 Christus
1983 793 2196 834 reprehendit

1215 846 1285 874 eOS,
1308 836 1363 877 qui
1385 844 1453 866 non
1477 835 1614 866 credunt
1637 836 1756 878 signis,
1780 847 1865 878 quae
1888 843 1965 868 sunt
1983 836 2127 869 exhibita
2151 837 2194 868 iu-

1215 878 1301 910 dicio
1325 877 1400 915 Dei,
1425 878 1485 909 sed
1508 884 1623 919 petunt
1647 880 1762 921 signa,
1791 890 1877 921 quae
1906 880 1988 921 ipsis
2018 885 2096 911 sunt
2119 889 2194 911 sua—

1213 922 1279 953 via:
1304 921 1346 950 da
1366 921 1420 949 wir
1442 930 1552 950 wiser-n
1577 921 1711 951 vortlaeil
1731 933 1771 952 an
1795 923 1924 958 suc-lien,
1953 924 2008 955 ubi
2032 933 2099 954 non
2122 922 2194 964 glu-

1214 965 1295 996 riam
1318 963 1383 995 Dei
1406 964 1603 1005 quaerimus,
1623 965 1683 996 sed
1707 972 1822 997 nostra
1845 967 2029 997 commoda.
2075 965 2195 997 Viden-

1214 1014 1266 1039 tes
1289 1007 1577 1038 resuscitationem
1601 1007 1733 1046 Lazari,
1758 1009 1879 1040 debent
1898 1009 2049 1047 credere,
2068 1008 2196 1040 etiamsi

1214 1051 1361 1092 ipsorum
1395 1048 1452 1080 filii
1486 1060 1552 1081 non
1592 1052 1843 1083 resuscitentur.
1911 1051 2018 1082 Vidua
2052 1052 2197 1083 debebat

1216 1094 1349 1125 Christo
1373 1093 1509 1124 credere
1531 1101 1667 1134 propter
1696 1094 1762 1125 alia
1784 1095 1902 1135 signa,
1933 1095 2060 1126 etiamsi
2092 1094 2196 1135 ipsius

1214 1136 1302 1167 filius
1324 1146 1391 1167 non
1415 1144 1505 1166 esset
1529 1137 1758 1168 resuscitatus.
1811 1137 1886 1168 Non
1920 1138 2057 1169 credere
2089 1136 2196 1179 signis

1214 1179 1369 1211 exhibitis
1388 1179 1551 1219 sapientia
1576 1185 1610 1210 et
1632 1179 1772 1211 consilio
1795 1179 1878 1220 Dei,
1912 1191 1978 1212 non
2013 1186 2063 1212 est
2096 1190 2195 1221 quae-

1214 1233 1289 1254 rere
1312 1221 1450 1264 gloriam
1474 1221 1559 1260 Dei,
1589 1222 1649 1253 sed
1673 1230 1726 1254 est
1748 1233 1909 1265 quaerere
1931 1224 2098 1266 propriam
2122 1233 2194 1254 sua·

1217 1267 1360 1303 vitatem,
1385 1264 1437 1296 vel
1459 1265 1628 1306 propriam
1651 1266 1929 1308 imaginationem.

1301 1308 1405 1339 Tanta
1429 1314 1481 1339 est
1503 1309 1721 1349 perversitas,
1741 1310 1873 1350 quando
1897 1319 1963 1340 non
1986 1309 2195 1346 exhibentur,

1215 1362 1300 1394 quae
1324 1362 1385 1382 nos
1411 1358 1586 1391 optamus,
1620 1351 1788 1383 lremimus
1812 1353 1978 1384 adversus
2002 1352 2131 1390 Deum,
2165 1356 2197 1383 et

1215 1406 1281 1427 non
1305 1404 1475 1425 movemur
1502 1393 1558 1424 illa
1595 1395 1740 1425 bonitate
1761 1395 1847 1433 Dei,
1881 1396 1968 1436 quod
2002 1394 2124 1436 alioqui
2159 1403 2198 1426 so

1216 1437 1387 1480 patefecit3
1416 1447 1524 1478 neque
1552 1435 1692 1468 aliorum
1722 1436 1872 1478 exempla
1900 1444 1932 1468 et
1955 1447 2081 1478 poenas
2105 1447 2196 1468 cura-

1216 1492 1301 1518 mus,
1326 1480 1471 1521 perinde,
1496 1486 1530 1510 ut
1554 1490 1655 1520 saepe
1679 1479 1801 1522 aliquis
1836 1482 1867 1511 in
1897 1479 1953 1511 illo
1983 1481 2055 1521 ipso
2087 1488 2197 1517 coetu,

180 1531 241 1562 sed
266 1537 373 1560 tamen
398 1531 429 1560 in
456 1528 510 1560 illa
535 1530 695 1560 servitute
721 1527 779 1559 suit
801 1528 905 1558 nnaior
919 1525 1025 1567 gloria
1038 1524 1164 1566 populi,
1187 1534 1193 1573 ε
1216 1525 1269 1566 qui
1294 1524 1468 1554 comitatur
1492 1521 1596 1553 furem
1625 1524 1912 1563 suspendendum,
1939 1523 2111 1554 committit
2133 1522 2197 1553 sur·

180 1584 280 1614 quum
304 1572 386 1603 alias
411 1572 539 1610 suisset,
566 1574 593 1603 si
614 1583 678 1602 nun
703 1570 781 1602 iacti
805 1575 919 1601 essent
943 1567 1071 1600 exules.
1117 1568 1163 1598 lbi

181 1616 276 1648 Deus
307 1617 450 1647 ostendit
473 1614 658 1646 Ecclesiam
688 1624 790 1655 posse
825 1623 903 1644 esse
936 1613 968 1642 in
992 1612 1162 1642 servitute.

181 1658 359 1690 Confessio
372 1658 535 1696 Danielis,
551 1666 580 1689 et
607 1657 758 1697 exemplu
783 1655 1012 1686 liberationum
1031 1653 1163 1684 suerunt

182 1701 424 1744 gloriosissima
461 1710 652 1732 orntznicnffl
678 1699 862 1731 Ecclesiae.
917 1698 1056 1732 Quando
1084 1696 1163 1727 Pila-

1216 1575 1294 1604 tum,
1318 1577 1391 1597 cuni
1415 1566 1524 1596 videat
1547 1564 1636 1595 illum
1661 1575 1796 1606 μυριω-
1820 1565 1940 1596 furtum
1964 1565 2134 1606 suspendi,
2151 1571 2197 1596 ta·

1216 1621 1289 1641 men
1315 1611 1385 1650 ipse
1409 1618 1475 1638 non
1500 1614 1664 1645 movetur,
1690 1608 1796 1640 donec
1821 1609 1924 1649 ipsius
1945 1607 2066 1639 collum
2086 1608 2197 1639 indua-

1218 1663 1268 1685 tur
1298 1651 1429 1693 laqueo.
1476 1649 1572 1682 Multi
1601 1661 1688 1682 nunc
1717 1653 1760 1682 ita
1790 1653 1944 1693 cogitant.
1998 1651 2103 1686 Quum
2126 1649 2198 1691 pul-

1217 1696 1331 1727 chrum
1355 1703 1467 1729 esset,
1504 1695 1532 1725 si
1555 1693 1648 1725 Deus
1684 1695 1728 1725 ita
1764 1694 1967 1736 glorificaret
1997 1693 2196 1727 Ecclesiam,

182 1753 236 1777 tus
261 1746 397 1786 praefuit
424 1745 583 1781 iudaeae,
612 1744 669 1775 fuit
692 1741 859 1773 horribilis
881 1741 1037 1775 servitus,
1062 1749 1093 1770 et
1117 1747 1164 1769 ta·
1188 1756 1194 1783 ι
1217 1751 1248 1770 ui
1275 1740 1366 1769 daret
1388 1738 1483 1768 nobis
1514 1739 1600 1768 bona
1633 1738 1738 1768 omni.»
1775 1739 1927 1779 generis,
1961 1744 1993 1767 et
2026 1735 2199 1777 pulchrum

182 1799 255 1820 mon
275 1795 353 1819 tunc
379 1788 434 1819 i'uit
461 1799 586 1819 summu
611 1786 727 1828 pluria.
764 1786 809 1815 lbi
829 1785 886 1816 luit
902 1783 1054 1814 Flu-isius
1073 1793 1163 1824 prae-
1187 1785 1194 1822 ἰ
1218 1783 1363 1824 regimen
1387 1788 1419 1812 et
1443 1791 1592 1822 regnum,
1611 1790 1812 1812 consensum
1847 1781 2056 1818 docentium,
2090 1780 2199 1810 bonos

182 1832 309 1869 dicans,
333 1842 394 1862 sua
420 1842 503 1861 tuce
518 1854 525 1868 ‚
556 1831 724 1861 suscitans
744 1837 906 1859 lnoltuos.

183 1874 310 1905 hannes
334 1874 496 1915 Baptista,
521 1874 584 1903 und
608 1874 659 1903 elie
683 1873 949 1909 ‹111110rnyrossc11
969 1870 1112 1909 heiliyen.

420 1953 552 1994 LOCI
584 1951 927 1994 DOCTRINAE.

273 2029 381 2059 Prima
405 2029 540 2059 materia
565 2033 612 2058 est
638 2027 669 2058 in
694 2027 758 2058 hac
781 2027 971 2058 narratione
994 2024 1034 2053 sle
1054 2025 1166 2064 εἰφιῐε,

185 2082 227 2103 an
253 2072 316 2102 sint
352 2072 496 2112 petenda
531 2072 637 2113 signu.
683 2069 728 2098 Es
750 2071 791 2099 is!
821 2071 870 2098 εἰη
892 2068 971 2098 holte
1000 2067 1166 2109 quaestio,

186 2115 237 2147 cui
262 2113 479 2156 explicandae
502 2124 598 2145 nemo
623 2119 770 2144 nostrum
793 2123 854 2154 par
885 2118 952 2143 est:
985 2116 1093 2142 tamen
1123 2111 1166 2142 ad
1190 2114 1196 2159 Ι

185 2157 534 2190 commonefaciendos
558 2157 702 2187 iuniores
725 2155 847 2197 aliquid
871 2155 1029 2186 dicemus.

272 2201 309 2231 11.
355 2199 473 2231 Dulcis
499 2197 683 2231 consolatio
707 2200 747 2229 de
771 2198 899 2229 infirma
923 2198 998 2229 fide.

272 2243 325 2275 111.
371 2243 560 2274 sommunis
585 2243 734 2273 doctrina
757 2242 797 2272 de
824 2239 1014 2280 miraculis,
1048 2246 1081 2271 et
1106 2239 1165 2271 ho-

185 2297 257 2318 rum
280 2286 408 2318 effectu.

437 2365 511 2406 DE
542 2363 721 2405 PRIMO
754 2363 919 2405 LOCO.

274 2433 331 2464 Sic
354 2438 586 2473 argumentor:

316 2475 424 2505 Novae
436 2475 600 2504 doctrinae
611 2483 673 2503 nou
685 2476 729 2502 est
735 2472 961 2502 assentiendum
972 2474 1038 2502 sine
1049 2472 1149 2512 siquis
1157 2484 1167 2502 .-

318 2518 461 2549 Christus
484 2518 572 2556 affert
593 2526 701 2546 novam
724 2515 917 2545 doctrinam:

317 2561 405 2600 Eryo
427 2572 487 2590 uon
507 2564 552 2590 est
576 2562 605 2589 ei
620 2559 845 2589 assentiendum
867 2559 934 2588 sine
955 2559 1063 2597 n'ynis.
1087 2558 1165 2588 Fue-

364 2608 433 2634 runt
456 2605 554 2643 ἱρέων
578 2603 615 2632 ab
637 2613 673 2633 eo
694 2602 831 2642 pelenda
849 2603 951 2640 siqua.

953 1827 1025 1858 Fuit
1048 1827 1092 1857 ibi
1115 1826 1165 1856 10-
1189 1823 1195 1859 Ι
1218 1832 1249 1856 et
1272 1825 1475 1861 moderatos,
1499 1831 1530 1854 et
1553 1824 1722 1863 sapienter⁴
1745 1825 1933 1865 principes,
1969 1824 2021 1864 qui
2052 1832 2113 1854 sua
2136 1822 2199 1853 vir·

1189 1860 1194 1907 ἱ
1216 1876 1286 1900 tute
1310 1874 1465 1897 ornarent
1489 1865 1687 1904 Ecclesiam,
1712 1877 1777 1897 non
1802 1867 2054 1903 dedet-orarent,
2072 1866 2127 1906 qui
2151 1864 2199 1896 so-

1218 1917 1333 1943 verent
1357 1909 1446 1941 illum
1472 1916 1626 1947 coetum,
1661 1917 1697 1940 ut
1720 1909 1919 1941 haberemus
1943 1909 2121 1949 potentiam
2145 1918 2198 1949 pa-

1217 1965 1286 1986 rem
1309 1953 1516 1994 Imperatori,
1539 1950 1591 1983 vel
1615 1953 1792 1993 potentiam
1820 1952 2050 1992 opponendam
2069 1950 2198 1982 Tui-cis.

1219 1998 1324 2033 Quam
1348 2006 1452 2027 suave
1475 1994 1540 2026 hoc
1563 2001 1663 2026 esset.
1708 1995 1802 2026 Tunc
1832 1993 1950 2026 vellem
1981 1992 2134 2034 amplecti
2161 1991 2199 2024 li-

1219 2041 1348 2073 bentius
1384 2038 1565 2070 doctrinam
1588 2036 1835 2079 Evangelioam.
1887 2037 1955 2067 Wir
1978 2036 2115 2066 ‹iencken
2139 2036 2199 2065 alle

1219 2084 1304 2114 also:
1327 2081 1565 2122 Unusquisque
1588 2082 1753 2111 intueatur
1771 2091 1867 2111 suum
1891 2091 1966 2112 cor:
1986 2085 2018 2111 tu
2042 2080 2084 2110 ita
2108 2079 2198 2121 cogi-

1219 2134 1282 2165 tas,
1305 2136 1379 2167 ego,
1406 2125 1531 2155 vicinus
1554 2130 1681 2160 noster,
1704 2123 1768 2152 und
1791 2123 1858 2153 also
1877 2124 1962 2161 fort.-
1991 2122 2068 2164 quia
2095 2121 2199 2153 homi-

1219 2180 1279 2202 nes
1304 2174 1465 2211 quaerunt
1485 2167 1733 2198 commoditates
1757 2167 1820 2198 sibi
1843 2176 1984 2198 suaves:
2008 2163 2129 2196 vellent
2153 2171 2199 2196 ta·

1219 2213 1284 2244 lem
1308 2221 1384 2243 esse
1407 2216 1526 2242 statum
1549 2208 1723 2240 Ecclesiae
1750 2210 1832 2250 ipsis
1861 2219 2007 2240 suavem.
2052 2208 2097 2237 Es
2118 2207 2198 2237 heire

1221 2256 1309 2286 aber:
1332 2253 1485 2286 Ecclesia
1508 2259 1559 2283 est
1582 2254 1668 2284 sicut
1680 2263 1758 2283 rosa
1770 2253 1855 2284 inter
1865 2253 1998 2293 spinam
2017 2261 2107 2280 unser
2130 2253 2198 2280 text

1218 2299 1291 2331 lzat:
1314 2296 1432 2329 Lilium
1455 2297 1540 2327 inter
1563 2297 1689 2337 spinas,
1714 2296 1786 2325 aber
1809 2307 1842 2325 er
1863 2297 1955 2324 meint
1978 2304 2098 2325 rosam.

1305 2339 1455 2371 Daruaclz
1477 2340 1519 2368 ist
1542 2339 1622 2370 noch
1645 2340 1711 2368 eine
1731 2337 1868 2370 solutio:
1897 2337 2038 2373 Quando
2061 2337 2197 2368 verbum

1219 2392 1272 2417 est
1294 2382 1494 2419 revelatum,
1519 2388 1551 2412 et
1574 2381 1803 2414 confirmatum
1838 2380 2032 2413 testimoniis
2067 2379 2197 2416 divinis,

1191 2442 1197 2468 ι
1220 2434 1298 2460 tunc
1321 2436 1435 2458 onmes
1458 2423 1610 2456 homines
1635 2425 1757 2456 debent
1779 2423 1945 2466 amplecti,
1957 2424 2029 2454 sive
2051 2422 2198 2454 habeant

1218 2482 1308 2504 nova
1330 2471 1437 2511 signa,
1450 2468 1522 2499 sive
1544 2478 1610 2498 non
1623 2467 1785 2500 habeant:
1808 2468 1852 2498 So
1874 2471 1948 2507 sayt
1961 2466 2037 2497 Gau
2048 2467 2081 2495 in
2093 2465 2197 2494 Mose.-

1218 2515 1256 2544 Si
1277 2515 1395 2544 venerit
1417 2511 1543 2551 aliquis,
1566 2514 1595 2540 et
1623 2513 1715 2550 siyuu
1733 2511 1869 2549 fecerit,
1904 2514 1933 2539 et
1967 2509 2060 2539 ducet
2094 2512 2123 2538 le
2153 2506 2197 2536 ad

1219 2557 1300 2587 alios
1333 2556 1442 2590 Deos,
1475 2564 1537 2583 non
1566 2554 1807 2593 obtemperabis:
1835 2553 1911 2596 quia
1944 2557 2085 2595 possunt
2117 2559 2196 2582 esse

1219 2601 1381 2643 quaedam
1403 2595 1490 2629 falsa
1508 2598 1614 2639 sigua.
1661 2596 1825 2629 Diabolus
1848 2602 1898 2628 est
1931 2593 2087 2627 mirabilis
2121 2593 2196 2625 arti-
