2343 2970
4 1746 7 1757 t

4 1783 7 1792 .

3 1892 6 1929 a

3 1940 6 1990 ἒ

149 177 215 211 949
834 175 1052 209 POSTILLA
1077 174 1475 210 MELANTHONIANA·
2096 178 2162 211 95⁰

149 273 334 306 videbimus
357 277 391 303 et
413 280 668 314 cognoscemus.
713 271 868 303 Secundo
892 271 1039 303 condidit
1059 281 1127 303 ma-

148 326 219 348 rem
242 321 274 348 et
296 314 492 352 foeminam,
522 320 558 346 ut
577 319 669 346 esset
697 324 790 346 amor
817 324 919 346 verus
941 320 974 346 et
997 314 1128 346 ordina·

124 387 128 390 .
148 365 215 398 tus,
238 359 324 391 sicut
342 363 394 390 est
416 358 517 389 maris
540 357 583 389 ad
605 355 794 395 foeminam,
817 363 849 389 et
872 363 1016 390 econtra.
1051 356 1128 389 Ter·

147 402 204 436 tio,
228 407 264 433 ut
287 406 378 433 esset
399 401 433 433 in
465 401 563 432 nobis
596 399 784 432 intellectus
818 398 907 432 illius
940 400 1063 432 ordinis
1094 406 1128 432 et

149 445 331 482 castitatis,
359 450 395 476 ut
417 443 516 476 simul
544 443 640 475 etiam
670 443 920 484 conspiceretur
949 443 1128 475 discrimen

147 488 247 520 huius
267 488 392 519 ordinis
426 492 459 519 et
481 487 663 525 castitatis,
697 492 730 518 et
757 496 918 528 vagarum
946 485 1126 527 libidinum,

147 530 242 563 Deus
264 531 315 563 sic
339 530 501 562 ordinavit
522 535 689 567 naturam,
724 535 760 561 ut
782 530 825 560 sit
852 529 948 561 unius
970 530 1071 561 maris
1095 534 1127 561 et

147 572 315 605 foeminae
340 580 501 615 perpetua
539 572 736 604 coniunctio.
789 571 871 603 Vult
901 578 1010 604 autem
1033 571 1126 603 intel-

146 615 206 659 ligi
229 618 416 649 castitatem
438 622 473 648 et
494 621 645 647 caeteras
671 615 820 654 virtutes,
838 620 874 647 ut
890 625 1127 658 agnoscamuS,

147 660 239 701 quod
262 660 305 691 sit
327 665 360 691 et
387 658 494 702 qualis
523 659 566 690 sit
588 658 693 690 Deus.
744 657 819 699 lpse
847 659 932 690 enim
961 658 1044 690 ordo
1075 664 1127 689 est

147 703 370 734 testimonium
394 703 435 734 de
456 702 674 744 providentia.
714 701 785 732 Nos
808 711 875 732 non
899 700 1127 743 amplectimur

146 744 257 777 Deum
285 745 437 778 manibus
473 745 561 777 sicut
591 743 727 782 librum,
762 754 825 775 nee
855 745 1018 776 intuemur
1052 754 1126 775 cum
1150 752 1154 785 Ι

1150 788 1154 839 4²
1178 787 1330 819 omnibus
1367 786 1614 818 afflictionibus.

147 787 254 821 oeulis
284 787 533 829 corporalibus,
569 788 631 818 sed
668 787 869 829 cogitatione
898 792 1029 829 oportet
1063 797 1126 818 nos

147 841 222 863 eum
245 831 383 873 alloqui.
416 830 512 863 Deus
531 836 581 862 est
603 830 738 872 spiritus
762 840 877 869 verax,
900 841 993 862 mens
1017 835 1124 869 casta,
1150 842 1154 875 1

145 880 182 907 ut
215 881 316 916 poeta
351 874 443 906 dicitz
481 874 579 906 Casta
608 875 697 905 Deus
727 883 817 905 mens
851 879 910 912 est,
940 878 1030 906 casta
1063 875 1130 905 vult

145 922 251 950 mente
272 920 393 949 moveri
413 917 511 956 [Cod.
529 919 561 948 2.
580 919 704 957 aptius:
726 917 863 958 vocaris
900 916 1046 948 Econtra
1059 925 1126 947 non

145 965 244 1002 potes
250 959 366 992 melius
375 960 554 1002 depingere
562 958 751 997 Diabolum,
775 970 873 1001 quam
880 960 969 1002 quod
981 960 1025 991 sit
1033 959 1126 1000 spiri-

145 1008 201 1035 tus
219 1004 419 1041 immundus,
445 1003 634 1035 accendens
650 1003 753 1033 corda
766 1002 934 1035 hominum
945 1003 987 1034 ad
1011 1011 1126 1034 omnes

145 1045 318 1084 libidines,
347 1046 497 1078 incestus
527 1051 559 1077 et
582 1044 818 1086 blasphemias.
865 1045 995 1078 Ethnici
1017 1051 1127 1078 autem

146 1087 370 1121 confuderunt
392 1089 501 1120 bonos
524 1094 556 1120 et
578 1087 684 1120 malos
709 1089 854 1130 spiritus.

232 1130 314 1163 Vult
347 1131 441 1164 Deus
475 1132 508 1163 in
548 1132 644 1162 nobis
685 1141 761 1163 esse
795 1133 892 1164 etiam
922 1129 1127 1163 intellectum

145 1176 285 1218 στοργῆς,-
310 1185 395 1216 quae
417 1185 497 1207 vere
520 1180 597 1206 sunt
619 1175 840 1206 testimonium
858 1175 900 1206 de
917 1174 1003 1208 Deo.
1036 1174 1127 1206 Haec

145 1225 224 1251 sunt
245 1216 389 1259 pueriles
413 1218 560 1260 quidem,
589 1218 650 1249 sed
673 1223 782 1249 tamen
806 1218 1017 1250 necessariae
1040 1226 1127 1249 com-

145 1260 409 1294 monefaetiones
433 1262 552 1293 ductae
576 1271 617 1292 ex
640 1259 796 1293 fontibus.
842 1260 1127 1297 Quemadmodum

146 1310 199 1337 est
221 1313 320 1336 verus
343 1314 436 1336 amor
458 1304 574 1346 sponsi
596 1304 640 1335 ad
668 1314 843 1346 sponsam,
871 1305 921 1336 sic
949 1309 1002 1335 est
1025 1312 1126 1335 verus

145 1357 240 1380 amor
263 1348 296 1378 in
320 1345 471 1386 Christo,
500 1346 568 1378 filio
590 1345 672 1385 Dei,
702 1348 744 1379 ad
767 1352 917 1379 naturam
939 1346 1127 1385 humanam,

146 1400 245 1432 quam
278 1390 471 1431 assumpsit,
505 1396 537 1421 et
575 1390 618 1421 ad
651 1399 732 1428 nos,
772 1391 858 1422 sicut
890 1389 1014 1422 Paulus
1050 1390 1127 1421 dicit

146 1431 284 1474 [Ephes.
307 1432 340 1470 5,
362 1432 445 1471 30.]:
471 1433 619 1465 Christus
640 1436 690 1465 est
715 1442 793 1465 caro
821 1443 863 1465 ea·
885 1443 985 1465 carne
1006 1437 1126 1474 nostra,

144 1479 177 1508 et
198 1485 235 1508 os
258 1485 300 1507 ea:
332 1476 458 1507 ossibus
479 1479 609 1508 nostris.
667 1475 751 1511 Quia
784 1482 894 1508 autem
916 1475 1011 1508 Deus
1034 1476 1126 1514 dixit,

143 1523 180 1550 ut
203 1517 278 1550 talis
301 1519 345 1550 sit
363 1518 458 1556 ordo,
481 1520 578 1550 etiam
601 1519 750 1557 instituit,
778 1525 814 1550 ut
837 1518 892 1551 illa
914 1520 1058 1551 societas
1082 1520 1126 1551 sit

146 1561 331 1593 domestica
354 1560 525 1599 Ecclesia,
556 1560 625 1592 vult
646 1562 893 1594 invocationem
922 1562 1070 1594 exerceri
1091 1562 1125 1594 in

145 1605 316 1645 coniugio,
340 1609 372 1634 ct
395 1613 511 1635 omnes
533 1605 667 1635 vitutes.

231 1647 449 1678 Verissimum
474 1647 595 1678 dictum
623 1652 689 1678 est:
720 1647 850 1686 Μεγάλη
876 1648 1011 1689 τύραννις
1038 1649 1125 1691 ἀνδρὶ

144 1693 228 1721 τέκνα
251 1690 380 1729 καὶγυνῆ,
403 1690 435 1720 id
460 1695 522 1728 est,
550 1689 692 1729 IVIaynus
714 1695 873 1730 tyran-nus
895 1692 964 1723 viro
985 1693 1079 1724 libere·
1096 1697 1129 1724 ec

144 1743 239 1765 uxor.
294 1732 336 1763 Et
358 1731 437 1764 alibi
460 1733 594 1764 dicitur:
632 1734 693 1770 Qui
711 1743 845 1765 uxorem
867 1735 961 1774 ducit,
985 1738 1018 1766 in
1037 1738 1126 1776 pela-

141 1785 203 1816 yus
226 1779 366 1815 navigat.
411 1774 509 1806 item:
540 1775 652 1815 χειμών
674 1776 750 1808 κατὰ
773 1777 868 1813 οἴκους
898 1780 961 1808 ἐστὶ
984 1776 1127 1820 ἄνδρεσσι

143 1818 227 1858 γυνή.
273 1817 383 1849 Valde
404 1817 506 1849 multa
525 1819 575 1850 vir
597 1819 711 1851 iacere
735 1820 864 1861 cogitur
887 1826 1024 1862 propter
1045 1831 1127 1852 uxo-

143 1871 213 1892 rem
238 1867 271 1892 et
289 1859 423 1892 liberos.
459 1860 583 1892 Paulus
596 1862 639 1894 ad
653 1862 842 1893 Corinthios
867 1864 909 1901 [l.
923 1862 1001 1895 Cor.
1015 1864 1046 1902 7,
1059 1864 1125 1904 334

143 1904 289 1935 breviter
302 1904 395 1935 dinit:
408 1904 554 1936 Maritus
565 1905 686 1937 divisus
698 1909 753 1944 εει,
766 1909 866 1937 servit
872 1908 1125 1947 Deoetfamz'lz'z‘s.

142 1947 215 1978 Nisi
243 1946 318 1978 Deo
352 1953 558 1979 sustentante
593 1954 625 1978 et
659 1949 865 1990 gubernante
902 1948 967 1980 hoc
1001 1956 1125 1982 tantum

144 1999 230 2020 onus
253 2000 349 2021 nemo
374 1996 489 2031 posset
511 1992 687 2022 sustinere.
738 1991 823 2023 Huic
851 1992 929 2023 dicit
952 1992 1125 2025 Salomone

147 2034 208 2071 Qui
229 2042 364 2064 umorem
383 2037 511 2073 invenit,
534 2044 686 2074 magnum
708 2036 822 2066 bonum
845 2036 980 2073 invenit,
1015 2041 1048 2068 et
1074 2047 1124 2069 vo-

142 2077 299 2115 luptatem
326 2077 455 2108 hauriet
475 2087 495 2108 a
518 2079 661 2109 Domino.
716 2077 790 2108 Non
819 2077 910 2110 dicit:
944 2080 984 2110 ab
1009 2089 1122 2122 umore,

142 2118 219 2149 sed:
248 2128 270 2149 a
292 2120 439 2150 Domino.
494 2119 621 2152 Invenit
654 2122 687 2151 in
722 2131 860 2161 graeco:
895 2127 946 2152 est
978 2121 1123 2162 νύτυχοὸν,

143 2163 216 2194 dem
234 2171 270 2193 es
293 2163 352 2193 ποῖ
369 2164 493 2203 yeretlz,
515 2163 548 2193 id
572 2169 634 2202 est,
657 2164 712 2205 qui
734 2163 875 2195 feliciter
898 2165 995 2196 ducit.

230 2202 383 2235 Christus
401 2204 559 2237 hocloco
575 2205 655 2238 facit
678 2208 799 2245 vinum,
824 2213 855 2238 et
878 2208 1031 2249 optimum
1078 2210 1123 2240 ui-

141 2246 229 2285 dem,
251 2247 284 2277 id
308 2252 371 2284 est,
394 2248 466 2288 ipse
489 2248 693 2288 consolatur,
720 2252 790 2291 ipse
814 2256 865 2282 est
888 2257 983 2291 pater
1006 2260 1066 2292 orp
1091 2262 1121 2283 a·

142 2299 261 2321 norum
294 2295 328 2322 et
360 2291 545 2329 viduorum,
579 2299 612 2322 et
634 2291 795 2334 profecto,
830 2294 891 2325 nisi
916 2294 977 2326 hac
1003 2304 1121 2326 conso-

142 2330 267 2364 latione
290 2333 503 2374 erigeremur,
528 2333 618 2366 multi
635 2337 789 2377 perirent.
825 2337 954 2369 Deinde
969 2336 1122 2369 facienda

143 2382 196 2407 est
219 2375 392 2407 antithesis
417 2377 494 2407 dicti
517 2376 619 2409 illius:
650 2379 747 2411 Dixit
769 2380 937 2412 Dominus.
982 2382 1052 2412 Non
1075 2386 1125 2413 est

142 2419 266 2458 bonum,
294 2423 330 2450 ιιι
349 2423 402 2459 sit,
430 2420 509 2451 dixit
533 2419 641 2461 Papa,
674 2422 914 2461 monachatus,
948 2422 1123 2462 Diabolus,

142 2472 211 2492 non
233 2461 332 2492 ducat
353 2461 452 2493 homo
476 2464 666 2505 coniugem,
699 2467 760 2497 sed
784 2466 862 2497 fiant
892 2465 1064 2505 adulteria,
1088 2466 1123 2498 li-

144 2504 273 2536 bidines
293 2510 366 2543 etc,
396 2507 456 2537 das
488 2508 565 2537 sind
593 2518 721 2549 yrosee,
751 2511 917 2549 θηταῖς-[ιε
946 2511 1038 2549 dim),
1071 2512 1124 2542 die

142 2548 218 2579 leem
236 2550 365 2579 mensch
388 2550 590 2581 ausreclmen
622 2553 695 2583 lum.

137 2588 280 2622 ferenda
310 2595 362 2622 est
395 2601 462 2622 vox
496 2591 564 2624 illa.

140 2633 245 2665 sticae
267 2639 300 2665 et
324 2632 535 2678 Diabolicaei

745 2552 865 2595 Longe
898 2558 1005 2583 autem
1034 2560 1123 2585 ante-

619 2596 714 2627 Dzlm't
735 2597 902 2634 Dominus,
939 2596 1013 2627 voci
1031 2596 1123 2639 papi-

1267 269 1455 312 Theognis,
1479 268 1565 300 οὐδὲν
1581 269 1667 310 ‚eden
1687 269 1810 310 ἀγαθῆς
1832 271 2049 313 γλυκερώτερον
2071 271 2163 315 ἀνδρὶ

1179 313 1329 354 γυναικός.
1386 314 1411 345 0
1443 313 1567 353 cyrne,
1600 313 1683 345 nihil
1715 318 1766 346 est
1795 314 1919 345 dulcius
1952 318 2020 346 viro
2052 325 2162 348 uxore.

1180 357 1274 389 Item:
1303 355 1394 398 ἀνδρὶ
1426 355 1485 398 γάρ
1519 355 1700 396 α’σχαλάοντι
1732 352 1903 398 παρήγορᾶς
1928 359 2006 387 ἐστιν
2040 357 2159 394 ἀκοίτις.

1188 402 1257 432 Viro
1278 403 1366 432 tristi
1386 404 1437 432 est
1456 401 1570 431 solacio
1591 409 1680 432 uror.
1720 399 1836 431 Virtus
1860 405 1912 430 est
1933 398 2057 441 aliquid
2081 411 2161 432 con·

1181 453 1305 486 gruens
1325 452 1399 474 cum
1427 448 1536 473 mente
1564 447 1597 474 et
1625 441 1798 475 voluntate
1826 441 1908 479 Dei3
1943 444 2025 474 ordo
2050 449 2162 476 autem

1182 492 1235 518 est
1257 486 1381 525 virtus,
1415 485 1492 527 quia
1515 486 1670 527 congruit
1705 495 1779 518 cum
1801 491 1910 517 mente
1934 492 1966 517 et
1990 484 2161 519 voluntate

1180 528 1254 560 Dei.
1288 528 1418 559 Deinde
1442 534 1475 560 et
1496 528 1561 560 hoc
1584 528 1660 560 loco
1683 534 1735 561 est
1756 527 1897 571 pulchra
1919 530 2028 571 imago
2048 528 2161 561 Eccle-

1181 572 1269 611 siae,
1302 570 1391 603 filius
1413 570 1477 602 Dei
1499 569 1579 602 facit
1601 573 1735 613 nuptias
1759 583 1832 603 cum
1861 572 2004 603 humana
2031 577 2160 604 natura.

1181 615 1249 647 Sex
1271 614 1410 656 hydriae
1433 614 1621 656 significant
1644 625 1704 647 sex
1726 613 1828 646 millia
1851 625 2013 646 annorum
2026 625 2087 646 seu
2099 625 2161 648 sex

1179 656 1318 690 saecula
1341 657 1464 696 mundi,
1488 662 1521 688 et
1543 658 1575 689 in
1597 656 1711 689 ultimo
1730 657 1867 690 saeculo
1885 657 2067 690 infunditur
2079 659 2161 699 opti-

1179 711 1267 733 mum
1290 700 1418 737 vinum;
1441 700 1591 732 nascitur
1612 701 1697 732 enim
1720 701 1752 732 in
1776 711 1815 732 eo
1839 701 1994 733 Messias.
2029 700 2161 733 Deinde

1179 745 1275 775 etiam
1298 748 1350 775 est
1382 742 1436 774 hie
1458 742 1643 784 exemplum
1673 743 1840 786 generalis
1874 744 2093 776 invocationis
2126 745 2161 776 in

1668 786 1775 818 Maria
1815 788 1900 819 enim
1938 797 2068 829 semper
2109 792 2162 819 est

1178 830 1289 872 imago
1312 828 1487 862 Ecclesiae
1514 835 1547 861 et
1569 830 1643 871 ipsa
1672 830 1738 862 hoe
1760 829 1837 862 loco
1869 836 1921 863 est
1948 833 2159 873 πολυπραγμο·

1179 883 1290 911 συνικη.

1270 916 1357 954 Quid
1380 915 1460 947 mihi
1482 919 1512 946 et
1535 917 1595 948 tibi
1615 920 1665 948 est
1687 916 1834 955 mulz‘er?]
1866 915 1926 949 Est
1949 915 2081 958 phrasis
2103 915 2161 948 he-

1179 959 1292 990 braica
1314 968 1392 1000 pro:
1417 958 1504 994 Quid
1522 958 1600 990 mihi
1619 965 1726 991 tecum
1751 960 1822 991 est?
1867 959 2017 995 Quaero:
2045 969 2087 990 an
2110 960 2160 992 ni-

1179 1000 1225 1032 hil
1250 1002 1298 1034 rei
1320 1002 1381 1034 fuit
1402 1001 1529 1033 Mariae
1557 1013 1631 1034 cum
1660 1002 1818 1035 christo?
1864 1002 2078 1044 Respondoe,
2122 1002 2160 1034 In

1179 1054 1241 1077 sua
1263 1046 1438 1076 vocatione
1460 1045 1542 1077 nihil
1564 1046 1611 1077 rei
1634 1050 1686 1078 est
1710 1044 1842 1077 Christo
1873 1056 1947 1078 cum
1974 1045 2098 1084 Maria,
2127 1052 2160 1077 et

1179 1088 1211 1119 in
1236 1097 1275 1119 ea
1297 1089 1396 1120 etiam
1423 1093 1527 1120 mater
1561 1089 1590 1119 ei
1618 1087 1698 1120 nihil
1728 1089 1829 1121 debet
1860 1089 2033 1130 imperare.
2079 1088 2159 1120 Ideo

1179 1136 1319 1163 matrem
1342 1131 1496 1173 obiurgat
1520 1130 1684 1170 Christus,
1708 1132 1767 1163 sed
1790 1137 1899 1164 tamen
1922 1138 2041 1174 postea
2057 1132 2158 1163 iuvat.

1180 1174 1228 1205 lta
1247 1175 1342 1206 etiam
1364 1174 1401 1205 fit
1422 1175 1456 1205 in
1478 1173 1643 1206 Ecclesia.
1688 1174 1759 1206 Nos
1782 1176 1814 1206 in
1837 1176 1962 1206 nostris
1982 1175 2160 1207 communi-

1180 1218 1243 1249 bus
1267 1217 1408 1249 miseriis
1430 1218 1584 1258 petimuS,
1615 1223 1647 1249 et
1674 1224 1791 1249 nostra
1819 1218 1986 1250 invocatio
2016 1228 2083 1249 non
2107 1222 2159 1249 est

1180 1261 1287 1299 irrita,
1317 1261 1444 1292 etiamsi
1472 1261 1635 1292 interdum
1658 1261 1806 1293 differtur
1839 1268 1988 1293 eventus.
2036 1259 2158 1292 Paulus

1181 1304 1271 1335 dicit:
1294 1303 1440 1345 Spu-icas
1462 1304 1648 1345 interpellat
1668 1315 1732 1345 pro
1752 1305 1844 1336 nobis
1866 1305 2009 1336 assiduis
2036 1305 2159 1345 yemitz'-

1181 1347 1248 1378 bus.
1292 1346 1367 1378 Deo
1391 1356 1458 1378 non
1481 1353 1532 1378 est
1553 1348 1847 1389 praescribendum
1870 1354 2000 1389 tempus
2028 1353 2061 1379 et
2089 1357 2159 1378 mo-

1180 1390 1254 1429 dus,
1276 1390 1363 1422 sicut
1385 1390 1482 1422 etiam
1505 1391 1538 1421 in
1561 1390 1701 1422 historia
1723 1391 1830 1422 Iudith
1842 1389 1978 1432 legitur:
2006 1390 2054 1422 Tu
2066 1391 2160 1422 modo

1179 1443 1254 1465 ores
1288 1438 1320 1465 et
1346 1433 1419 1465 Deo
1452 1434 1649 1465 commendes
1678 1438 1829 1466 eventum.
1876 1434 1934 1465 Sic
1963 1434 2058 1465 etiam
2092 1433 2160 1465 hoo

1177 1474 1254 1508 loco
1279 1475 1433 1508 Christus
1456 1475 1548 1515 facit,
1569 1478 1674 1518 pm'mo
1698 1476 1832 1509 simulat
1855 1487 1892 1508 se
1911 1477 2029 1508 durum
2053 1483 2086 1508 et
2102 1477 2159 1508 im-

1178 1521 1300 1558 mitem,
1325 1525 1357 1552 et
1376 1525 1486 1551 tamen
1509 1526 1628 1561 postea
1645 1521 1736 1552 iubet
1754 1519 1890 1562 implere
1910 1520 2046 1562 hydrias
2060 1530 2158 1561 aqua,

1177 1568 1210 1594 et
1233 1568 1325 1595 creat
1358 1563 1470 1595 vinum
1494 1562 1598 1595 multo
1622 1562 1740 1596 melius
1775 1564 1891 1602 etiam,
1925 1573 2022 1606 quam
2053 1570 2159 1595 mater

1176 1612 1397 1648 expectasset.

1265 1649 1333 1680 lam
1357 1650 1453 1681 etiam
1476 1649 1676 1682 clamamus:
1708 1651 1781 1683 Heu
1809 1661 1873 1683 nos
1901 1651 2060 1683 miseros!
2096 1660 2158 1683 nos

1179 1702 1246 1724 non
1268 1691 1428 1723 babemus
1451 1694 1572 1731 vinum,
1606 1695 1639 1724 id
1675 1700 1742 1732 est,
1773 1704 1887 1725 sumus
1918 1695 1951 1725 in
1974 1695 2102 1736 magnis
2126 1700 2159 1726 et

1179 1735 1316 1766 summis
1339 1736 1504 1766 aerumnis
1529 1742 1561 1767 et
1585 1736 1839 1775 calamitatibus,
1863 1737 1923 1768 sed
1937 1743 2044 1768 tamen
2062 1737 2157 1769 Deus

1180 1779 1293 1819 eripiet
1315 1787 1378 1809 nos
1402 1788 1442 1809 ex
1465 1777 1517 1809 his
1541 1780 1624 1811 miro
1636 1779 1746 1819 modo,
1769 1786 1804 1812 ut
1818 1781 1888 1822 ipse
1901 1781 1999 1812 dicit:
2025 1780 2158 1818 Omen-s,

1179 1831 1238 1861 290
1261 1831 1313 1850 ero
1336 1832 1417 1851 mors
1441 1825 1504 1853 tua.

1265 1864 1357 1895 Haec
1380 1865 1488 1896 omnia
1511 1865 1597 1897 bene
1618 1866 1788 1907 cogitetis,
1818 1872 1850 1897 et.
1872 1867 2097 1905 memineritis,
2121 1872 2157 1898 ut

1180 1908 1344 1939 resistatis
1378 1908 1503 1939 insidiis
1529 1908 1664 1939 Diaboli
1697 1909 1861 1941 incitantis
1892 1920 1953 1942 vos
1983 1911 2026 1941 ad
2050 1910 2157 1941 omnis

1179 1951 1311 1993 generis
1335 1950 1421 1991 vitia,
1445 1957 1477 1982 et
1499 1952 1573 1982 sitis
1597 1951 1770 1993 diligentes
1795 1963 1910 1985 omnes
1933 1954 1966 1984 ir.
1990 1954 2155 1991 castitate,

1181 1994 1402 2031 considerate,
1426 1995 1513 2036 quod
1538 1994 1631 2026 Deus
1655 2002 1926 2038 transgressores
1950 1997 2044 2029 istius
2068 2006 2155 2028 man-

1179 2037 1246 2069 dati
1265 2037 1477 2069 severissime
1498 2038 1671 2079 puniturus
1695 2039 1749 2070 sit.

1311 2140 1531 2173 DOMlNlCA
1554 2141 1607 2173 111.
1630 2142 1746 2175 POST
1768 2143 2017 2175 EPIPHANIA.

1391 2209 1666 2254 Evangelium
1689 2212 1887 2244 Matthaei
1910 2212 1940 2244 8.

1358 2269 1461 2310 (conf.
1486 2270 1563 2303 Vol.
1588 2271 1710 2304 XXIV.
1732 2283 1765 2314 p.
1789 2272 1853 2304 288
1875 2275 1966 2314 sqq.)

1262 2337 1429 2379 Par-ulyssis
1463 2345 1514 2371 est
1549 2341 1683 2371 amissio
1718 2347 1827 2372 motus
1856 2341 1887 2371 in
1918 2340 2028 2382 aliqua
2057 2346 2153 2382 parte

1176 2382 1338 2422 corporis.
1383 2381 1535 2424 Plerique
1563 2384 1669 2414 morbi
1698 2384 1910 2414 adciscuntur
1933 2385 2152 2425 intemperan-

1175 2424 1229 2455 tia.
1275 2424 1326 2455 Fit
1348 2430 1457 2457 autem
1479 2425 1537 2457 illa
1560 2427 1694 2457 amissio
1715 2432 1836 2464 motus,
1861 2426 2153 2469 quiulanguefiunt

1174 2467 1279 2505 nervi,
1312 2472 1345 2499 et
1378 2479 1444 2500 non
1467 2475 1606 2510 possunt
1630 2467 1769 2509 amplius
1792 2468 1884 2510 fungi
1913 2480 1975 2501 suo
2000 2481 2152 2501 munere:

1174 2510 1249 2541 ideo
1273 2516 1349 2542 sunt
1371 2513 1540 2553 parcendi,
1563 2521 1605 2543 ne
1627 2513 1725 2542 nImia
1749 2512 2151 2555 ingurgitationelangue-

1175 2552 1265 2585 fiant.
1311 2553 1412 2585 Nervi
1436 2565 1514 2586 vere
1536 2560 1613 2585 sunt
1635 2555 1789 2596 quiddam
1819 2554 1977 2594 coeleste,
2010 2557 2095 2587 sicut
2119 2562 2151 2588 et

1177 2597 1359 2635 cerebrum,
1384 2598 1471 2639 quod
1495 2596 1601 2628 simile
1624 2603 1675 2628 est.
1699 2597 1805 2635 coelo,
1829 2604 1861 2629 et
1885 2604 1935 2629 est
1958 2600 2149 2631 instrumen-

1176 2644 1245 2672 tum
1267 2640 1481 2672 maximarum
1503 2641 1686 2677 actionum3
1715 2651 1755 2672 ex
1779 2642 1917 2673 cerebro
1940 2643 2025 2674 enim
2054 2642 2148 2674 Deus

1739 2701 1786 2726 60⁸
