2343 2970
197 157 263 189 267

845 157 958 190 l’HlL.
981 158 1084 191 MEL.
1108 158 1298 191 SCRIPTA
1319 157 1584 192 EXEGETICA.

2150 161 2214 194 268

284 252 380 289 Item,
401 253 498 289 Quod
522 252 620 286 liceat
643 263 720 286 esse
744 254 882 291 divites,
910 258 1022 294 potest
1044 254 1181 294 probari
1232 264 1322 292 men,
1357 256 1426 286 und
1452 264 1565 295 sayen,
1601 256 1650 286 iclt
1681 257 1746 287 will
1776 258 1918 288 almos-en
1948 258 2069 288 darcon
2100 258 2212 296 qeben.

197 297 296 329 etiam
315 308 356 328 ex
378 296 430 328 his
455 297 568 328 dictis:
593 299 780 330 Benedictio
803 297 935 328 Domini
955 298 1067 328 divites
1087 300 1179 337 facil.

195 340 292 372 Item:
322 343 480 381 Praece'pe
508 342 672 378 (lit-ilibas,
702 346 737 372 ut
766 344 831 372 sint
861 345 1034 372 xonwnxot.
1080 340 1179 371 Item:

194 386 314 417 Fontes
342 387 390 415 tue*
417 386 603 416 clera-entur
629 388 739 425 foras,
773 388 807 415 et
833 387 867 414 [ιι
896 385 1045 415 (lominus
1067 394 1178 416 eorum

193 433 324 459 maneto
357 430 460 459 solus:
497 428 528 457 id
565 433 632 465 est,
667 427 811 458 dominia
840 427 906 457 sint
935 427 1109 465 distincta,
1144 433 1178 458 et

192 471 422 512 unusquisque
450 476 561 502 teneat
589 481 696 501 suum.
751 470 826 500 Non
854 479 1037 510 possumus
1061 480 1177 501 omnes

193 523 271 545 esse
294 523 403 555 pares.
459 515 557 545 Dic-es
584 518 615 544 ee
634 523 762 553 pauper
784 514 931 544 habitunt
944 515 1054 552 simia,
1088 515 1178 544 Deus

189 560 276 598 facit
295 562 471 596 altamque.
520 556 615 588 Deus
634 555 704 588 vult
727 555 857 596 aliquos
881 566 959 587 esse
983 556 1120 594 divites„
1146 562 1178 587 et

192 601 354 642 quosdam
385 610 461 631 esse
495 610 671 641 pauperes.
735 598 896 630 Salomon
931 599 1024 631 dicit:
1060 601 1178 631 Fontes

191 647 254 675 tal:
287 654 379 675 wenn
403 645 495 674 einer
525 646 578 674 ein
605 644 753 674 orantem
776 644 832 674 leac
854 642 886 673 in
909 652 971 673 suo
995 640 1098 674 fondo
1122 641 1178 674 vel

191 685 341 724 hortulo,
375 689 435 718 soll
462 697 499 717 er
538 688 599 717 ‹la-s·
634 696 757 718 wasser
792 688 883 717 lasen
909 689 1060 726 file-esen,
1096 688 1177 717 ancli

190 733 266 769 auff
282 731 406 761 andere
429 731 532 762 echer.
566 728 708 760 Veteres
729 728 896 760 habebant
915 727 1026 760 sontes
1046 730 1078 759 in
1102 740 1177 770 pro-

189 773 271 814 priis
305 772 428 804 fundis.
492 775 542 804 Wo
575 776 624 804 ste
652 774 756 804 leuben
786 782 892 804 waser
928 773 996 803 uml
1029 774 1177 804 brunnen

186 816 371 856 yefrmclen,
395 818 437 847 (la
459 817 562 848 haben
585 819 634 847 sie
653 817 804 855 glebam-et.
856 814 952 846 Unde
977 815 1097 846 dicitur
1120 825 1176 855 pa-

189 861 278 901 gus?
306 870 326 890 a
354 859 448 900 πῆγῃε
481 860 557 900 quia
587 859 712 900 antiqui
743 868 848 900 prope
878 856 989 889 sontes
1020 857 1176 890 aedifica-

188 909 283 941 runt,
312 904 416 936 haben
444 901 555 934 fontes
586 906 619 934 in
650 904 744 937 ihren
773 900 862 933 villis
892 903 961 933 und
986 901 1099 935 fundis
1119 912 1175 942 ye—

188 948 304 978 maelet.

272 1112 443 1167 Propter
475 1127 574 1166 quas
607 1126 768 1152 caussas
802 1111 966 1152 divitiae
999 1117 1094 1152 sunt

533 1188 817 1244 expetendae?

275 1279 356 1312 lllae
388 1290 530 1312 caussae
559 1286 637 1312 sunt
660 1281 748 1321 apud
771 1279 1027 1321 Xenophontem
1050 1280 1083 1310 in
1109 1278 1173 1310 Oe-

189 1325 381 1362 conomico,
405 1324 461 1356 ubi
484 1324 577 1365 ponit
600 1330 669 1356 tres
693 1333 844 1355 caussas.
895 1322 1026 1360 Primo,
1053 1328 1089 1354 ut
1116 1322 1174 1354 ha-

187 1369 285 1408 beas,
319 1368 408 1399 unde
443 1367 626 1399 sacrifices.
661 1367 693 1398 2.
717 1372 753 1399 ut
780 1367 925 1404 habeas,
962 1366 1049 1397 unde
1076 1366 1173 1398 iuves

186 1410 446 1452 Rempublicam.
480 1410 513 1441 3.
536 1416 570 1442 ut
589 1410 735 1448 habeas,
758 1411 847 1442 unde
872 1410 929 1441 tibi
952 1414 984 1441 et
1008 1409 1073 1442 tuis
1096 1418 1173 1450 pos-

187 1455 235 1486 sis
260 1464 355 1496 opem
379 1452 478 1486 ferre.
524 1453 597 1495 Ego
622 1459 765 1495 quatuor
787 1463 889 1494 pono.

276 1498 305 1528 1.
331 1496 463 1529 Caussa
487 1503 551 1534 est,
570 1502 605 1528 ut
627 1497 797 1538 possimus
810 1495 932 1538 aliquid
956 1494 1108 1527 conferre
1131 1495 1174 1526 ad

189 1541 455 1573 conservandam
483 1538 691 1578 Ecclesiam,
720 1545 753 1571 et
775 1539 991 1571 ministerium
1016 1539 1173 1570 docendi:

187 1585 265 1626 quia
293 1589 404 1616 textus
434 1584 529 1615 dicit:
561 1585 694 1615 Honora
722 1585 825 1614 Deum
849 1584 889 1614 cle
912 1587 967 1614 lua
984 1584 1174 1614 substantia.

186 1628 219 1659 2.
243 1633 279 1659 ut
301 1627 469 1669 possimus
493 1625 648 1668 opitulari
670 1625 889 1667 Reipublicae
912 1624 1173 1663 Demosthenes,

188 1670 237 1702 δεῖ
255 1671 434 1713 χργμᾰτων,
457 1673 508 1701 καὶ
530 1670 601 1702 ἄνευ
627 1670 739 1700 τούτων
757 1668 843 1700 οὐδὲν
865 1670 928 1700 ἐστὶ
950 1672 1092 1708 γενέσθαι
1114 1671 1175 1698 τῶν

188 1710 324 1746 δεόντων.
370 1713 461 1745 Dicit
484 1723 570 1754 opus
594 1722 672 1744 esse
694 1713 852 1754 pecunia,
881 1718 913 1743 et
942 1712 1089 1743 nominat
1118 1721 1174 1752 pe·

188 1758 319 1791 cuniam
342 1766 467 1789 nervos
491 1755 667 1788 bellorum.
702 1755 733 1787 3.
750 1761 785 1787 ut
803 1755 944 1792 habeas,
966 1755 1055 1786 unde
1077 1754 1173 1786 vivas

188 1812 264 1834 cum
286 1800 418 1839 liberis,
443 1800 604 1842 coniuge,
635 1805 667 1831 et
690 1798 831 1836 familia,
860 1800 911 1830 die
938 1802 1070 1830 miissen
1093 1799 1174 1829 oncle

187 1854 294 1877 essen.
329 1845 360 1875 4.
384 1844 426 1875 ad
448 1844 612 1875 iuvandos
638 1852 821 1884 pauperes,
850 1847 883 1872 et
905 1840 969 1873 alia
989 1841 1174 1873 communia

188 1887 301 1920 officia
333 1888 367 1919 in
401 1887 487 1926 vita,
522 1896 608 1928 quae
642 1885 745 1917 multa
779 1891 866 1916 sunt.
930 1883 1174 1916 Paterfamilias

188 1930 300 1963 multis
323 1931 464 1973 indiget:
498 1930 575 1962 Non
603 1929 724 1970 loquor
746 1929 809 1960 iam
834 1929 875 1960 de
898 1926 1106 1969 profusione:
1129 1929 1175 1959 Es

189 1979 235 2008 ist
250 1977 324 2015 sein
349 1977 498 2014 yefasset
525 1974 558 2004 in
582 1973 687 2004 dicto:
717 1974 760 2004 Ec
785 1976 819 2004 tu
851 1974 1008 2003 Dominus
1031 1975 1174 2003 maneto:

189 2028 257 2050 non
281 2018 328 2049 sis
350 2017 532 2059 prodiguS‚
561 2017 622 2048 sed
646 2016 750 2047 debes
774 2025 851 2046 esse
872 2014 1052 2051 xoevmvmo‘g.
1098 2014 1174 2045 Non

189 2062 238 2093 sis
261 2061 437 2099 sordidus,
472 2060 527 2101 qui
556 2070 623 2090 non
651 2057 818 2090 afficiatur
845 2058 1008 2090 communi
1043 2056 1175 2088 calami-

189 2110 257 2137 tate
279 2104 415 2147 generis
444 2102 587 2135 humani.
637 2102 672 2133 ln
701 2101 933 2144 Eleemosynis
962 2101 1080 2132 dandis
1109 2100 1175 2132 hoc

189 2153 406 2190 praeceptum
434 2152 602 2178 servetur:
638 2147 753 2177 Fontes
781 2149 828 2176 Ιιιι·
857 2146 1041 2176 deriventur
1068 2147 1174 2184 foras.

191 2191 267 2223 Der
289 2191 394 2223 bruun
417 2193 478 2222 soll
498 2191 573 2222 (lein
596 2190 679 2229 sein,
717 2190 795 2220 aber
821 2190 881 2220 der
914 2189 1006 2228 abfal
1032 2190 1094 2219 soll
1120 2190 1179 2218 mit

188 2236 341 2275 yetleetlec
360 2235 500 2273 werden,
523 2234 603 2265 (loch
626 2234 686 2264 das
704 2233 747 2263 du
759 2233 845 2263 llerr
863 2233 925 2263 clar
941 2231 1022 2263 uber
1039 2231 1176 2263 bleibest.

192 2278 348 2321 Cogitate
369 2276 446 2309 illas
470 2275 682 2309 dulcissimas
706 2281 739 2307 et
762 2274 980 2307 suavissimas
1004 2274 1176 2316 imagines.

193 2447 318 2489 Estne
350 2452 525 2496 rectum,
558 2443 679 2484 furari
710 2447 782 2482 aut
812 2455 974 2495 rapere,
1009 2446 1050 2481 et
1081 2439 1177 2481 inde

445 2523 576 2564 facere
610 2517 927 2574 Eleemosynas‘?

283 2633 368 2666 Non.
404 2634 461 2666 Ilzr
478 2634 541 2665 solt
549 2633 637 2664 niclec
647 2638 757 2663 eurem
768 2629 956 2662 nachbaurn
979 2631 1080 2660 etwas
1101 2628 1178 2660 uela·
1207 2669 1210 2675 .

1231 297 1318 330 Date
1336 300 1367 328 ἐκ
1385 299 1444 328 τῶν
1460 298 1589 333 ἐνόντων,
1607 308 1667 338 pro
1682 297 1895 331 facultatibus
1908 300 2040 331 vestris.
2076 298 2213 333 Contra:

1320 368 1468 400 Christus
1497 369 1583 399 iubet
1604 369 1685 399 {lare
1707 370 1928 409 eleemosynas
1951 379 1994 400 ea·
2016 369 2146 401 iniustis
2167 371 2214 401 di-

1361 414 1462 443 villis:

1316 456 1402 494 Eryo
1426 455 1510 486 iubet
1532 465 1575 485 ea·
1597 458 1715 495 rapina
1737 456 1818 487 (lare
1836 457 2061 487 holocaustum.

1316 523 1528 564 Respondeo.
1564 523 1659 565 Nego
1680 526 1967 565 conscquentian13
1991 530 2022 556 et
2041 525 2124 555 ratio
2145 530 2212 556 est:

1229 566 1314 602 Quia
1337 566 1425 598 aliud
1451 572 1502 597 est
1525 565 1756 598 holocaustum
1778 567 1890 599 facere
1913 569 1954 599 de
1976 569 2102 609 rapina,
2125 566 2214 599 aliud

1229 616 1301 649 est,
1326 611 1415 652 quod
1438 609 1492 640 hic
1516 610 1593 641 dicit
1613 609 1784 649 Christus,
1816 611 1856 642 de
1878 610 2068 642 Mannnone
2092 612 2212 642 iniusto

1230 654 1310 685 dare
1335 653 1582 695 eleemosynas:
1618 653 1677 685 Est
1699 655 1898 696 ambiguitas
1923 654 1977 686 vel
2000 653 2211 696 amphibolia.

1453 818 1591 870 Qualis
1624 826 1686 860 cst
1717 820 1990 875 ambiguitas?

1314 927 1366 958 De
1398 929 1515 969 rapina
1550 929 1631 960 dare
1668 927 1919 968 holocaustum,
1954 935 2005 960 est
2040 929 2081 960 de
2115 935 2211 971 rapto

1228 976 1343 1002 contra
1373 972 1609 1002 conscientiam
1638 972 1718 1003 dare
1747 971 2004 1014 eleemosynam.
2043 971 2130 1004 'Hoc
2161 977 2213 1004 est

1226 1013 1439 1054 prohibitum.
1497 1015 1554 1045 Sic
1589 1014 1744 1046 Christus
1778 1026 1845 1046 non
1880 1016 2026 1047 nominat
2055 1015 2212 1047 iniustum

1226 1056 1463 1089 Maminonein:
1488 1058 1547 1088 sed
1570 1063 1669 1089 vocat
1691 1059 1891 1087 illammonem
1914 1060 2061 1097 iniquam,
2076 1063 2214 1099 propter

1226 1100 1381 1131 iniustum
1404 1101 1556 1138 abusum,
1575 1102 1651 1142 quia
1676 1100 1803 1132 scilicet
1828 1100 2038 1143 generaliter,
2056 1102 2087 1132 in
2112 1101 2214 1132 omni-

1227 1144 1289 1174 bus
1313 1143 1432 1174 divitiis
1457 1149 1509 1174 est
1537 1145 1679 1182 abusus,
1704 1151 1739 1175 ut
1768 1146 1801 1175 in
1829 1144 1904 1176 aliis
1934 1146 2034 1176 rebus
2063 1143 2211 1185 plurimis

1226 1186 1258 1217 in
1282 1187 1360 1217 vita.
1405 1186 1547 1227 Propter
1577 1188 1718 1218 abusum
1745 1188 1843 1229 igitur
1874 1188 2004 1219 divitias
2035 1188 2131 1218 etiam
2154 1186 2213 1218 ho-

1226 1235 1321 1261 neste
1351 1228 1407 1260 vel
1431 1230 1517 1261 iuste
1540 1240 1722 1271 possessas
1745 1232 1892 1262 nominat
1915 1231 2073 1269 iniustas,
2107 1237 2142 1261 ut
2165 1231 2213 1262 vi·

1226 1272 1329 1303 detis:
1353 1272 1413 1301 das
1435 1284 1505 1302 man
1528 1273 1744 1303 wzordentliclt
1768 1274 1845 1303 lebet
1870 1274 1933 1303 and
1956 1274 2025 1303 selu·
2047 1273 2212 1303 uuerdent-

1226 1315 1302 1347 liclz:
1326 1315 1368 1346 Et
1391 1322 1570 1357 propterea
1594 1317 1729 1348 dicitur:
1761 1317 1902 1347 Facilius
1927 1321 1972 1346 est
1996 1316 2142 1346 camelum
2164 1318 2211 1346 in·

1226 1362 1312 1388 trare
1329 1369 1389 1398 per
1408 1360 1549 1397 foramen
1573 1370 1658 1395 aeus,
1681 1371 1771 1400 quam
1795 1361 1919 1390 divitem
1942 1362 1974 1389 in
1998 1370 2123 1399 reynum
2146 1369 2213 1389 coe-

1226 1401 1335 1432 loram.
1393 1402 1545 1434 Christus
1569 1408 1681 1435 tamen
1706 1404 1796 1435 addit
1820 1404 2079 1435 correctionem:
2120 1402 2214 1436 Quod

1227 1449 1271 1475 est
1294 1446 1485 1485 impossibile
1515 1457 1619 1476 coram
1647 1446 1836 1481 hominibus,
1872 1451 1918 1476 est
1943 1445 2096 1486 possibile
2126 1445 2213 1485 apud

1226 1489 1337 1519 Deum.
1392 1489 1539 1527 Videtis,
1576 1490 1666 1531 quod
1695 1490 1729 1521 in
1757 1490 1888 1532 magnis
1919 1491 2038 1530 opibus
2061 1489 2213 1520 homines

1226 1538 1304 1564 sunt
1333 1533 1549 1563 immoderati.
1601 1532 1738 1564 Habetis
1766 1533 1888 1564 multos
1918 1539 2051 1565 veteres
2081 1541 2214 1571 vers-215,

1228 1576 1283 1616 qui
1307 1575 1437 1613 dicunt,
1461 1576 1550 1616 quod
1575 1576 1706 1606 divitiae
1731 1582 1913 1608 excaecent
1931 1575 2091 1607 homines.
2138 1575 2214 1606 Fin-

1227 1624 1360 1656 xerunt,
1396 1619 1485 1659 quod
1513 1617 1631 1650 Plutus
1661 1619 1704 1650 sit
1733 1629 1875 1657 coecuS,
1905 1624 1937 1650 et
1960 1617 2063 1649 faciat
2085 1623 2214 1649 mentes

1201 1679 1202 1682 =
1228 1671 1366 1698 caecas,
1405 1661 1511 1702 ῖὺφλος
1546 1661 1560 1691 ὁ
1592 1662 1720 1697 πλοῦτος
1753 1664 1803 1692 καὶ
1836 1666 1945 1703 φρένας
1976 1663 2059 1691 ποιεῖ
2087 1660 2213 1701 τύφλας.

1227 1704 1306 1735 ltem
1329 1705 1461 1742 videtis,
1485 1715 1583 1745 quam
1606 1703 1707 1735 multa
1730 1711 1872 1746 peccent
1895 1704 2046 1735 homines
2066 1703 2213 1735 avaritia.

1227 1747 1375 1777 Nummus
1397 1747 1450 1777 ubi
1473 1747 1621 1787 loquitar,
1651 1747 1769 1777 Tullius
1792 1749 1860 1787 ipse
1877 1751 1969 1777 tacet.
2010 1746 2107 1777 Wenn
2129 1748 2214 1776 einer

1228 1791 1290 1820 (len
1313 1791 1477 1822 iudicibus
1502 1790 1562 1819 ciel
1582 1790 1662 1829 yelts
1691 1791 1831 1830 bre'nyet,
1861 1791 1921 1820 (Ias
1950 1792 1993 1820 ist
2023 1791 2145 1831 optima
2167 1789 2214 1820 in-

1228 1832 1392 1865 formatio.
1439 1833 1599 1865 Salomon
1624 1834 1682 1866 ait:
1709 1835 1852 1864 Divitias
1880 1838 1910 1863 et
1936 1836 2153 1873 paupertatem
2176 1842 2214 1862 ne

1229 1877 1355 1907 dederis
1378 1876 1469 1906 milti:
1491 1887 1528 1906 ue
1551 1881 1640 1906 satur
1662 1877 1829 1907 obliviscar
1850 1879 1907 1908 tui.
1958 1876 2133 1908 Secundas
2156 1885 2213 1908 res

1229 1921 1406 1953 comitatur
1428 1921 1462 1951 in
1485 1919 1627 1952 selentia
1649 1926 1682 1952 et
1705 1919 1916 1962 negligentia.

1317 1989 1458 2020 Christus
1488 1989 1569 2019 iubet
1598 1989 1676 2019 dare
1703 1989 1938 2029 electtzosynani,
1969 1992 2003 2018 ut
2026 1989 2213 2028 recipiamur

1358 2035 1391 2062 in
1414 2036 1541 2062 aeterna
1562 2032 1782 2062 tabernacula.-

1314 2075 1402 2115 Eryo
1426 2076 1507 2105 bona
1532 2085 1629 2115 opera
1651 2079 1803 2105 merentur
1826 2077 1919 2105 vitam
1943 2078 2107 2105 aeternam.

1315 2144 1530 2187 Respondeo.
1576 2145 1661 2177 Sunt
1691 2146 1776 2176 duae
1804 2143 2058 2185 synecdochae.
2103 2142 2214 2175 Prima

1228 2188 1263 2220 in
1296 2189 1399 2221 verbo
1434 2187 1622 2227 Recipiunt,
1656 2187 1787 2219 scilicet
1821 2187 1994 2226 Christus,
2029 2192 2061 2218 et
2094 2186 2212 2218 sancti.

1230 2231 1325 2263 Deus
1348 2231 1465 2273 recipit
1487 2236 1624 2272 propter
1646 2230 1764 2263 Filium
1788 2236 1819 2262 et
1842 2231 1964 2273 gratis,
1988 2236 2021 2262 et
2044 2228 2115 2261 vult
2137 2228 2213 2260 fidei

1230 2275 1387 2307 exercitia
1409 2275 1514 2315 sequi.

1318 2318 1432 2349 Sancti
1449 2318 1624 2359 recipiunt:
1643 2316 1830 2359 quomodo?
1853 2315 2075 2348 Confessione
2093 2320 2125 2347 et
2141 2323 2214 2356 pre·

1232 2362 1380 2400 catione,
1404 2360 1533 2393 scilicet
1556 2360 1618 2399 illi,
1647 2361 1702 2402 qui
1726 2366 1802 2393 sunt
1825 2360 1857 2391 in
1881 2358 1945 2392 hac
1967 2360 2046 2391 vita.
2097 2356 2214 2390 Altera

1233 2404 1453 2447 synecdoche
1477 2410 1545 2442 est,
1573 2406 1607 2434 in
1631 2408 1757 2434 aeterna
1780 2402 1999 2434 tabernacula.-
2028 2402 2060 2433 id
2084 2406 2151 2439 est,
2180 2401 2214 2432 in

1231 2449 1424 2481 societatem
1447 2448 1591 2480 omnium
1615 2449 1777 2480 bonorum
1796 2445 1970 2478 Ecclesiae
1993 2446 2026 2477 in
2048 2445 2112 2476 hac
2134 2444 2214 2483 vita,

1231 2498 1265 2524 et
1298 2498 1376 2534 post
1408 2491 1496 2524 hano
1535 2491 1646 2523 vitam.
1707 2490 1795 2523 Date
1835 2489 2100 2531 eleemosynam,
2134 2494 2214 2518 tunc

1230 2535 1325 2568 Deus
1355 2536 1447 2567 dabit
1480 2535 1586 2566 vobis.
1632 2535 1707 2566 Das
1738 2534 1859 2576 yemez’n
1892 2532 2104 2574 proverbium
2132 2530 2215 2562 beist

1231 2581 1314 2618 also,
1338 2578 1581 2620 Kz'rchenqelzen
1603 2582 1721 2609 seumet
1742 2576 1847 2610 nicht:
1868 2576 1901 2608 id
1924 2582 1987 2613 est,
2010 2574 2124 2606 audire
2140 2583 2214 2604 ver-

1231 2625 1311 2657 bum
1329 2629 1362 2656 et
1390 2622 1504 2658 facere
1532 2622 1774 2664 precationem:
1804 2620 1956 2652 Almosen
1981 2618 2081 2660 ychen
2109 2619 2214 2649 armet
