2343 2970
229 169 287 200 271
870 170 980 201 Pllll..
1006 170 1097 201 ΗΕΒ

318 264 422 296 Huius
447 265 557 296 lacobi
582 272 676 306 pater
698 263 758 296 fuit
778 264 991 302 Zebedaeus,
1028 270 1132 296 mater
1156 265 1212 296 Sa-

230 307 336 345 lome,
370 315 400 339 et
426 307 484 340 suit
511 307 714 350 Apostolus3
748 308 808 339 sed
843 308 907 339 cito
944 306 1138 339 interfectus
1162 314 1211 339 est

231 353 272 383 ab
297 351 430 383 Herode
461 351 623 394 Agrippa,
657 352 752 383 annis
773 361 838 382 non
872 349 981 382 multis
1005 357 1081 391 post
1105 361 1213 382 resur-

230 395 410 426 rectionem
445 394 578 426 Christi.
636 394 707 425 Fuit
749 400 972 435 protomartyr
1006 395 1090 426 inter
1124 394 1214 436 Apo-

230 437 348 469 stolos.
394 437 490 470 Alter
525 438 665 470 lacobus
700 448 766 468 non
800 435 861 468 fuit
884 436 1081 479 Apostolus.
1138 438 1213 470 Fuit

230 488 338 513 autem
368 481 556 522 Episcopus
591 479 915 523 Hierosolymorum,
951 487 983 512 et
1016 479 1211 513 interfectus

229 531 282 556 est
305 535 392 555 anno
416 525 468 555 30.
492 530 568 565 post
586 525 875 562 resurrectionem,
899 533 958 556 seu
981 525 1212 556 ascensionem

229 567 363 605 Christi,
388 574 420 598 et
443 566 501 599 fuit
525 566 614 599 lilius
638 567 774 605 Mariae,
799 568 925 598 sororis
948 567 1061 599 matris
1075 566 1212 606 Christi,

230 618 259 642 et
284 609 436 652 Alphaei.

316 851 466 883 Mathan:
491 851 544 883 hic
569 853 754 883 nominatur
778 853 810 884 in
833 851 1002 884 Matthaeo
1028 859 1060 884 et
1082 852 1186 891 Luca,

1133 169 1319 201 SCRIPTA
1345 169 1605 202 EXEGETlCA.

2185 173 2247 205 ‘272

1267 267 1401 318 Quare
1445 269 1633 309 historiae
1671 276 1901 309 sanctorum
1941 272 2246 324 cognoscendae

1694 330 1821 369 sunt‘?

1353 429 1395 461 Ut
1423 430 1567 460 sciamus
1603 429 1774 460 historiam
1800 428 1982 461 Ecclesiae.
2041 431 2074 462 ln
2110 431 2248 463 historia

1265 479 1373 504 autem
1398 472 1571 504 Ecclesiae
1594 473 1731 513 primum
1762 473 2038 505 considerandum
2066 480 2118 506 est
2141 485 2248 518 genus

1266 516 1446 554 doctrinae,
1470 516 1560 558 quid,
1585 526 1644 557 per
1663 526 1763 557 quos,
1787 517 1905 558 quibus
1933 518 2148 558 temporibus,
2179 519 2248 560 qui-

1266 559 1328 590 bus
1345 560 1542 590 testimoniis
1563 566 1595 590 et
1615 558 1783 590 miraculis
1796 566 2013 601 propagatum
2030 561 2083 592 sit.
2118 559 2249 592 Deinde

1265 603 1510 634 consideranda
1524 608 1574 634 est
1593 603 1779 644 praesentia
1803 601 1865 634 Dei
1896 603 1927 633 in
1951 603 2107 635 mirandis
2131 602 2248 635 libera-

1265 645 1419 677 tionibus.
1450 645 1561 677 Tertio
1575 645 1752 687 cogitanda
1764 652 1841 677 sunt
1854 646 2021 685 exercitia,
2046 652 2078 677 et
2091 647 2247 678 imitanda

1264 698 1314 727 ea,
1337 699 1422 730 quae
1440 695 1517 721 sunt
1536 690 1632 720 nobis
1651 687 1836 720 imitabilia:
1861 695 1896 721 ut
1914 690 2113 730 poenitentia
2125 689 2248 727 David,

1263 730 1364 770 Petri,
1388 731 1538 767 latronis,
1560 731 1738 764 confirmat
1755 742 1817 763 nos
1829 742 1974 774 quoque,
1999 739 2030 764 et
2043 743 2093 765 sic
2109 734 2150 764 de
2163 733 2246 765 aliis.

1263 774 1405 807 Primum
1418 777 1629 807 recitabimus
1638 775 1880 817 genealogiam,
1893 783 1927 807 ut
1941 775 2111 808 historiam
2121 777 2248 808 sciatis.

441 916 1019 924 —————.——a
1026 915 1709 924 =———--—————-—

237 995 991 1002 -.ψ-ψ-
1069 995 1645 1002 ———-——-—-—

641 1007 762 1046 Maria,
796 1018 894 1038 soror
928 1007 997 1039 Ma—

641 1052 720 1088 riae,
735 1051 849 1082 matris
860 1051 983 1082 Christi
995 1063 999 1082 ;

641 1094 751 1135 Nupta

639 1170 827 1213 t'leophae:
865 1173 957 1203 cuius

638 1213 723 1246 filius
768 1214 828 1246 fuit
857 1216 1001 1254 Simeon,

639 1258 744 1289 sactus
768 1257 956 1299 Episcopus

637 1300 959 1343 Hierosolymitanus

638 1350 715 1386 post
745 1344 919 1376 Iacobum:
955 1346 1001 1376 in-

640 1386 800 1419 terfectus
813 1398 900 1419 anno
914 1394 1000 1419 aeta-

640 1431 682 1462 tis
707 1441 788 1463 suae
814 1431 885 1462 120.

273 1096 364 1124 lmus
389 1094 551 1125 Christus.

228 1171 397 1213 Alphzxeo,
431 1173 523 1203 cuius
549 1171 583 1202 fi-

228 1215 291 1246 lius
326 1215 382 1246 tuit
429 1215 582 1252 lacobus,

228 1258 416 1300 Episcopus
430 1258 584 1290 Hieroso—

228 1301 410 1344 lymorum:
451 1300 584 1333 interse-

228 1351 302 1376 ctus
320 1355 408 1376 anno
432 1345 484 1376 30.
510 1351 586 1385 post

227 1389 457 1420 ascensionem
493 1387 586 1420 Chri-

227 1432 269 1463 sti
281 1433 323 1463 ab
336 1431 487 1463 Hanania
504 1442 586 1472 pon-

227 1474 325 1506 tifice.
382 1475 487 1506 Huius
522 1485 586 1506 me-

227 1519 330 1550 moria
354 1516 543 1549 celebratur

228 1559 385 1593 Calendis
410 1560 497 1592 Maii.

1066 1267 1134 1299 suit.

230 1727 418 1766 Potuitne
482 1726 669 1766 Pontifex
729 1726 812 1765 iure
868 1726 1090 1765 interficere
1144 1727 1208 1765 la·
1234 1708 1237 1759 l

636 1803 809 1844 cobum‘?

315 1903 397 1934 Non.
446 1902 609 1935 interfecit
635 1914 728 1941 eum,
768 1914 841 1934 cum
865 1913 931 1933 non
956 1901 1090 1933 haberet
1118 1908 1209 1943 pote-

227 1954 346 1977 statem
377 1947 553 1978 exercendi
589 1946 699 1989 gladii.
756 1946 840 1978 Nam
875 1945 985 1977 ludaei
1022 1946 1207 1977 habuerunt

227 1996 350 2021 tantum
377 1989 552 2029 αὐτονομίαν
575 1991 606 2020 in
633 1989 784 2027 cultibus,
816 2000 881 2020 non
905 1988 1090 2020 habuerunt
1113 1990 1207 2020 iuris-

227 2034 403 2065 dictionem
427 2034 641 2074 superiorein.
700 2033 763 2063 iste
798 2032 918 2064 nebulo
952 2038 1030 2064 tunc
1052 2043 1134 2064 usus
1158 2039 1209 2064 est

227 2076 408 2108 occasione
432 2076 556 2114 oblata,
593 2083 740 2117 tempore
764 2077 879 2107 mortis
905 2075 993 2114 Caii,
1025 2086 1097 2106 cum
1128 2086 1208 2106 non-

227 2120 301 2151 dum
325 2121 447 2152 missus
471 2126 559 2151 esset
584 2129 774 2156 successor,
810 2130 882 2150 cum
917 2118 1053 2150 haberet
1084 2119 1210 2150 interea

226 2163 428 2205 praesidium
456 2164 487 2193 in
518 2174 578 2195 sua
601 2168 774 2204 potestate.
832 2161 997 2193 lntcri'ecit
1032 2163 1129 2194 istum
1154 2158 1238 2194 bo-'¹

226 2217 302 2237 nuni
332 2216 445 2237 senem
481 2206 635 2238 iacobum
671 2213 786 2237 contra
810 2205 1032 2237 Romanorum
1067 2213 1098 2237 et
1129 2175 1240 2249 suaei

227 2251 334 2290 gentis
358 2251 445 2287 iura,
475 2256 649 2291 grassatus
682 2256 749 2287 est,
784 2259 849 2279 non
885 2250 1029 2280 servatis
1054 2250 1123 2281 suis
1159 2248 1211 2279 vel

226 2292 450 2324 Romanorum
486 2292 635 2334 legibus,
674 2303 745 2323 cuni
782 2292 843 2332 ipsi
877 2291 1053 2324 fateantur:
1108 2291 1211 2323 Nobis

226 2346 287 2366 '11011
313 2337 385 2367 lie-vt
409 2336 588 2378 interficere
611 2345 805 2376 quemquam.

314 2380 453 2410 Iacobus
474 2385 505 2410 et
524 2380 656 2411 Simeon
681 2378 755 2409 sind
778 2378 830 2408 (Ιίε
838 2378 1060 2416 [ίὶνηυηώείοιι
1068 2378 1210 2418 tremule

228 2422 350 2453 Cin-imi
372 2432 522 2462 waresca.
581 2422 615 2453 ln
650 2423 785 2452 istorum
821 2421 979 2461 exemplis
1011 2423 1210 2460 observetis,

229 2466 315 2505 qnod
339 2464 492 2497 Ecclesia
529 2476 592 2496 non
627 2465 666 2496 sit
702 2474 839 2506 regnum
875 2464 1053 2504 politicum.
1111 2465 1210 2495 Inter-

228 2509 382 2539 ticiuntur
404 2510 513 2540 ambo.
571 2507 629 2540 llle
658 2518 759 2539 senex
785 2507 916 2539 Simeon
948 2507 1005 2539 suit
1041 2514 1211 2548 spectator

229 2562 421 2593 magnarum
453 2551 695 2583 calamitatum:
731 2550 821 2582 Vixit
856 2560 895 2580 eo
934 2557 1100 2590 tempore,
1138 2561 1211 2582 cum

229 2593 338 2625 deleta
380 2602 426 2625 est
461 2593 709 2636 Hierosolyma,
752 2600 782 2625 et
818 2600 888 2624 tota
912 2593 1032 2625 Iudaea
1066 2600 1236 2626 vastata..

230 2637 344 2668 Eduxit
380 2637 565 2668 Ecclesiam
608 2638 700 2674 inde,
742 2643 834 2668 trans
875 2637 1061 2671 Iordanem,
1102 2644 1131 2667 et
1168 2636 1236 2668 ibi'

1657 995 2240 1003 ——--———-—-—-—.—

1062 1007 1181 1049 loseph
1194 1018 1339 1048 sponsus
1354 1007 1422 1039 Mn-
1459 1006 1628 1049 Cleophas
1650 1007 1753 1039 frater
1776 1008 1824 1039 lo·
1861 1007 1994 1039 Salonie
2030 1018 2126 1039 soror
2160 1008 2248 1039 lose-

1063 1052 1148 1089 riae,
1182 1051 1269 1082 filius
1301 1051 1421 1082 lacobi.
1459 1049 1564 1092 sephi,
1589 1052 1723 1082 maritus
1743 1050 1824 1081 alte—
1861 1051 1914 1092 phi
1950 1058 1979 1082 et
2016 1050 2204 1091 Cleophae:

1063 1094 1110 1125 lta
1133 1093 1193 1126 suit
1205 1095 1423 1135 desponsatio
1463 1095 1530 1125 rius
1557 1094 1690 1125 Mariae.

1062 1139 1146 1169 inter
1186 1138 1323 1169 duorum
1359 1136 1423 1167 fra-

1064 1187 1147 1212 trum
1163 1180 1264 1211 filium
1274 1187 1301 1212 et
1314 1179 1425 1214 filiani,
2043 1182 2047 1213 1

1065 1224 1154 1265 quod
1170 1230 1248 1256 tunc
1268 1225 1423 1254 usitatum

1862 1101 1961 1134 nupta
1995 1093 2182 1125 zebedaeo.

1859 1135 1928 1168 Filii
1954 1138 2024 1168 eius
2047 1144 2123 1168 sunt

2196 1228 2244 1237 —

1784 1228 1925 1272 ffiobus
1952 1240 2020 1271 Ma·
2085 1239 2248 1272 lohannes

1786 1284 1854 1320 ior,
1889 1282 2020 1315 interfe-
2083 1283 2230 1326 Evange-

1785 1334 1858 1358 ctus
1865 1328 1907 1358 ab
1916 1326 2020 1358 Hero-
2082 1325 2168 1358 lista.

1782 1370 1823 1401 ‹le
1847 1370 2006 1412 Agrippa.

1261 1602 1381 1632 mansit
1407 1608 1554 1642 tempore
1577 1602 1706 1639 excidii,
1735 1607 1854 1642 postea
1877 1602 1960 1632 urbe
1983 1611 2120 1639 eversa,
2150 1601 2246 1633 rediit

1261 1645 1303 1675 ad
1322 1648 1451 1686 ἐρείπια,
1475 1644 1517 1676 ad
1540 1645 1669 1683 ruinas,
1704 1651 1736 1675 et
1770 1645 1886 1675 iterum
1921 1643 2057 1686 collegit
2086 1645 2131 1675 ibi
2153 1654 2246 1675 suam

1261 1687 1458 1719 Ecclesiam.
1516 1687 1637 1718 Factus
1672 1694 1723 1719 est
1747 1687 1934 1728 Episcopus
1969 1687 2054 1718 inter
2078 1685 2246 1729 reliquias,

1262 1737 1293 1762 et
1318 1737 1426 1762 tamen
1467 1730 1577 1761 ludaei
1611 1729 1760 1762 zelantes
1794 1741 1854 1772 pro
1897 1731 2103 1762 restitutione
2139 1730 2246 1772 regni,

1235 1776 1237 1810 ζ
1262 1774 1401 1804 oderant,
1424 1784 1510 1811 eum,
1536 1781 1566 1804 et
1591 1773 1812 1805 moliebantur
1835 1774 1862 1805 ei
1887 1774 2031 1812 exitium,
2058 1780 2090 1805 et
2113 1783 2181 1805 rem
2205 1783 2245 1804 eo

1262 1817 1482 1855 deduxerunt,
1507 1823 1653 1857 tempore
1666 1815 1809 1855 Traiani,
1833 1823 1867 1848 ut.
1889 1816 2141 1848 interficeretur.
2172 1816 2245 1848 Fuit

1262 1861 1431 1891 accusatio
1466 1859 1598 1891 facilius
1634 1866 1772 1901 accepta
1807 1861 1894 1901 apud
1929 1858 2135 1900 praefectos:
2170 1860 2246 1901 quia

1262 1909 1330 1934 erat
1355 1903 1500 1944 reliquus
1537 1913 1576 1934 ex
1611 1904 1697 1934 tribu
1720 1903 1809 1941 Iuda,
1843 1904 1984 1943 ideoque
2018 1903 2246 1940 obiiciebatur,

1261 1947 1472 1978 metuendum
1510 1956 1599 1984 esse,
1634 1956 1675 1977 ne
1709 1945 1831 1987 aliquid
1867 1944 2046 1977 moliretur.
2104 1945 2246 1983 Videtis,

1261 2000 1358 2031 quam
1379 1988 1545 2021 diabolica
1568 1996 1599 2021 et
1623 1988 1757 2020 Cainica
1781 1987 1902 2019 malitia
1927 1989 1968 2019 sit
1993 1989 2022 2019 in
2049 1988 2245 2030 hypocritis,

1261 2034 1316 2074 qui
1338 2032 1520 2074 Evangelio
1543 2033 1771 2064 adversantur.

1350 2200 1471 2249 Quod
1504 2199 1693 2238 diii'erunt
1726 2199 1887 2253 cognati
1921 2206 1963 2238 ot
1994 2198 2162 2251 agnati?

1349 2291 1471 2332 Agnati
1497 2296 1571 2321 sunt
1601 2290 1858 2329 schwerdmayt‘n.
1910 2289 1966 2320 Est
1995 2290 2129 2331 antiqua
2166 2290 2244 2320 Ger-

1262 2335 1390 2366 manica
1415 2344 1491 2371 vox,
1516 2344 1601 2374 quae
1624 2334 1792 2374 significat
1825 2339 1984 2375 agnatos,
2026 2337 2154 2371 vectem,
2190 2332 2241 2363 vel

1262 2377 1329 2409 tale
1351 2377 1494 2419 aliquid,
1519 2377 1571 2406 die
1593 2378 1747 2415 yesrenml
1781 2377 1869 2414 sind,
1903 2383 2041 2417 paterna
2075 2375 2177 2417 stirpe
2212 2381 2244 2406 et

1263 2422 1406 2463 origine,
1438 2420 1505 2449 also
1529 2420 1588 2449 das
1623 2431 1704 2450 werin
1740 2421 1796 2451 der
1831 2422 1899 2450 eine
1919 2423 2024 2448 stmmn
2060 2419 2179 2457 verfelt,
2209 2429 2243 2447 so

1263 2464 1347 2494 erhet
1382 2464 1438 2495 der
1473 2464 1572 2493 ander
1605 2463 1636 2494 in
1673 2462 1870 2495 feudalibus.
1927 2462 1990 2491 Die
2030 2473 2094 2491 vom
2136 2462 2245 2492 Vaters

1262 2511 1367 2537 starum
1400 2507 1542 2536 ver-zoam!
1576 2507 1662 2537 sind.
1698 2507 1751 2538 <lie
1779 2506 1943 2537 succedit-n
1977 2505 2136 2536 einander.
2167 2511 2244 2536 sunt

1263 2551 1385 2592 agnati.

1349 2592 1490 2635 Cognati
1524 2593 1626 2624 lwisen
1661 2593 1714 2623 die
1737 2593 1871 2629 andern,
1909 2592 1962 2623 (lie
1985 2591 2069 2621 nicht
2092 2590 2242 2621 einander

1263 2637 1367 2669 erbcn,
1393 2637 1446 2667 die
1470 2636 1542 2665 siml
1572 2636 1656 2665 nieht
1691 2635 1950 2674 schwertlnmyen.
1990 2635 2124 2665 semler-n
2158 2633 2242 2672 spill-
