2343 2970
166 155 230 187 399

167 253 275 304 Quid
323 253 548 308 significant
597 265 719 306 opera
758 248 1148 305 supererogationis?

254 363 421 394 Doctores
450 366 617 402 exponunt
652 368 753 401 opera
786 368 852 389 non
888 357 1042 389 mandata
1071 357 1151 388 ‹livi-

167 407 265 445 uitus,
288 408 356 439 med
376 416 486 446 sayra,
510 409 665 444 oportere
688 402 853 434 hominem
877 399 1073 432 satisfacere
1097 401 1151 430 de-

167 449 299 492 calogo.
346 450 436 480 llaec
460 453 581 479 vocant
610 456 712 487 opera
746 445 967 476 necessitatis.
1021 443 1151 474 Deinde

167 494 294 531 dicunt,
329 492 418 534 quod
440 491 538 522 homo
558 490 677 520 debeat
706 487 831 520 habere
854 498 956 529 opera
979 496 1151 527 superero-

167 537 320 579 gationis,
378 535 425 566 Fa
456 540 531 566 sunt
567 542 669 574 opera
700 542 765 562 non
799 532 954 562 mandata
984 530 1151 567 divinitus,

166 581 197 611 id
221 587 283 617 est,
307 589 408 620 opera
426 577 634 608 traditionum
647 576 880 606 humanarum:
904 577 1027 606 dormit
1046 577 1152 604 iniisse

165 634 239 655 man
261 627 321 663 fiir
343 624 415 654 Gotl
437 630 524 661 ⁸quelq
553 622 630 651 llum
661 622 722 659 fiir
744 620 796 649 die
820 619 948 656 Sit'nrle,·
983 617 1057 657 quia
1093 616 1152 646 fin·

166 673 259 709 guni,
282 666 369 707 quod
391 675 493 704 opera
516 673 582 694 non
606 662 761 693 mandata
794 672 813 692 a
835 660 910 693 Deo
939 661 1004 690 sint
1029 658 1150 697 cultus,

167 716 199 741 et
223 709 310 751 quod
345 708 494 739 homines
529 711 716 737 mereantur
749 702 813 734 illis
848 704 1003 745 operibus
1039 703 1151 734 remis-

167 753 293 784 sionem
316 759 540 793 peccatorum.

254 794 397 833 Quaero,
422 805 462 824 an
489 791 578 824 Pauli
605 802 705 834 opus,
737 790 825 832 quod
856 789 999 821 texendo
1029 789 1151 820 victum

165 839 227 870 sibi
252 838 466 878 comparavit,
501 839 550 867 sic
581 845 664 876 opus
699 833 1015 876 supererogationiS,
1039 837 1073 863 ut
1097 832 1151 862 isti

166 880 366 923 loquuntur?
419 880 474 911 lta.
531 879 591 910 Est
625 888 710 919 opus
745 887 811 909 non
846 877 1000 908 debitum.
1056 875 1148 912 Item,

166 926 254 967 quod
278 923 401 955 Paulus
426 922 528 954 noluit
559 923 712 963 accipere
736 920 909 962 ὃίδακτρονἿ
946 925 1041 951 estne
1065 928 1149 960 opus

165 968 499 1009 supererogationis?
560 965 631 996 Est.
693 964 777 995 Nam
818 962 920 994 Paulo
967 963 1150 994 debebatur

165 1010 331 1052 δίδακτρον.
389 1009 492 1040 Estne
527 1007 634 1040 cultus
647 1010 661 1039 Υ
716 1007 791 1038 Non
825 1014 877 1038 est
907 1004 1016 1038 cultus
1041 1005 1151 1036 innne-

165 1054 263 1085 diate.
300 1053 381 1089 Quis
407 1052 552 1084 suitiinis
576 1051 782 1083 immediatus
806 1049 891 1081 illius
917 1050 1037 1090 operis,
1062 1047 1150 1089 quod

165 1096 269 1128 noluit
294 1098 446 1137 accipere
470 1095 649 1136 δίδακιρονῖ
694 1094 810 1125 Fuitne
833 1093 1041 1124 immediatus
1064 1091 1151 1128 finis,

166 1146 200 1172 ut
225 1141 288 1171 hoc
311 1150 412 1181 opere
435 1138 578 1180 placeret
606 1137 692 1176 Deo,
717 1136 845 1168 honore
869 1136 1018 1168 afficeret
1030 1134 1151 1171 Deum,

167 1193 197 1215 et
223 1189 405 1214 mereretur
430 1182 658 1214 remissionem
689 1180 922 1222 peccatorum?
966 1179 1060 1216 Non,
1091 1177 1151 1208 sed

166 1227 228 1258 iste
252 1227 312 1258 fuit
332 1226 406 1257 finis
430 1226 655 1256 immediatus:
693 1222 815 1255 Paulus
850 1233 916 1254 non
948 1220 1051 1253 voluit
1075 1230 1152 1252 esse

166 1276 275 1311 petax,
299 1276 333 1301 ut
356 1275 473 1310 posset
496 1269 566 1310 ipse
590 1267 663 1299 aliis
688 1267 862 1308 impetrare
885 1265 1045 1306 δίδακτρας
1076 1265 1151 1306 quia

167 1314 194 1344 is
218 1323 284 1345 non
309 1313 408 1345 debet
431 1322 507 1344 csse
531 1318 627 1352 petax
650 1320 711 1352 pro
745 1320 837 1344 sese,
866 1310 920 1352 qui
943 1308 1015 1341 vult
1037 1314 1151 1350 petere

166 1367 227 1397 pro
251 1355 334 1387 aliis.
369 1356 441 1387 Fuit
467 1355 630 1397 quaedam
644 1355 868 1396 generositas,
891 1364 956 1395 qua
979 1362 1061 1384 usus
1086 1358 1150 1388 est,

165 1406 199 1431 ut
223 1405 339 1441 posset
368 1397 498 1430 facilius
527 1398 729 1439 persuadere
752 1405 781 1428 et
812 1397 1005 1438 praecipere
1034 1394 1151 1425 Eccle-

166 1443 241 1476 siis,
275 1448 308 1474 ut
331 1448 423 1473 tanto
456 1441 627 1472 liberalius
656 1441 774 1471 darent
803 1440 997 1481 pastoribus
1027 1447 1151 1469 merce-

167 1486 253 1523 dem,
276 1486 349 1517 ideo
373 1486 436 1516 sibi
460 1483 538 1516 nihil
561 1483 686 1525 petivit.
732 1484 873 1519 Quando
904 1482 1042 1513 avaritia
1072 1491 1151 1513 con-

166 1529 316 1570 spicitur,
342 1534 374 1560 et
398 1527 505 1559 elucet
528 1537 595 1558 non
614 1526 723 1558 solum
747 1528 777 1557 in
802 1526 1002 1563 ministerio,
1038 1534 1152 1556 verum

166 1572 264 1604 etiam
286 1572 318 1602 iu
340 1570 484 1613 politicis
508 1570 814 1612 gubernationibus,
844 1575 910 1601 tum
933 1569 1018 1610 perit
1040 1568 1152 1598 statim

165 1615 357 1648 auctoritas-
394 1614 429 1645 In
452 1613 607 1646 laudibus
621 1611 773 1644 Belisarii
794 1613 880 1654 apud
894 1612 1030 1644 Suidam
1048 1616 1151 1649 extat,

166 1658 256 1700 quod
280 1658 435 1699 imprimis
459 1658 627 1688 retinuerit
656 1656 799 1688 studium
828 1661 860 1688 et
885 1654 1150 1687 benevolentiam

166 1700 312 1739 militum,
338 1700 569 1738 beneficentia,
599 1700 686 1736 quod
711 1710 878 1740 nunquam
909 1700 982 1730 sine
1009 1697 1151 1729 muneri-

166 1746 228 1776 bus
252 1745 409 1776 dimiserit
434 1752 599 1785 pauperes
615 1739 753 1774 milites.
795 1742 869 1773 Das
887 1743 943 1774 hat
968 1743 1070 1780 Geory
1091 1750 1151 1772 ron

166 1789 349 1828 Fronsperq
367 1789 447 1819 ancli
467 1789 595 1828 yetlmn.
630 1786 709 1817 ltem
722 1785 957 1817 Hermocrates
982 1783 1037 1816 ille
1051 1783 1151 1826 Syra-

166 1841 312 1863 cusanus
335 1831 384 1862 sic
408 1829 572 1868 laudatur,
596 1830 697 1871 quod,
727 1830 860 1870 quando
891 1829 979 1860 stetit
1003 1834 1080 1859 ante
1103 1832 1152 1858 ta·

166 1873 397 1912 bei-naculum,
422 1880 453 1904 et
476 1873 556 1904 xidit
579 1882 692 1904 senem
715 1878 771 1904 aut
793 1878 985 1904 veteranum
1005 1870 1152 1908 militem,

166 1923 245 1948 tunc
268 1917 483 1958 interrogavit
506 1926 598 1954 eum,
633 1916 710 1958 quid
735 1916 891 1954 sentiret,
927 1915 1004 1957 quid
1029 1914 1152 1945 tacien-

167 1960 244 1991 dum
275 1966 443 1997 censeret,
479 1959 645 2000 quomodo
676 1960 922 2001 aggrediendus
954 1959 996 1990 sit
1025 1958 1152 1993 hostis3

167 2003 287 2034 deinde
322 2003 409 2034 dedit
443 2001 507 2033 illis
543 2003 708 2034 viaticum.

166 2047 230 2077 sibi
253 2045 383 2081 milites.
430 2047 504 2077 Alsa
526 2056 585 2085 say
614 2048 662 2077 ich
687 2048 767 2077 auch
798 2056 866 2077 vom
890 2048 999 2077 Paulo.

766 2002 839 2034 lloc
874 2002 972 2033 modo
1008 2000 1153 2033 devinxit

1048 2042 1151 2075 Paulo

807 152 918 184 PHlL.
942 150 1044 182 MEL.
1067 150 1255 182 SCfflPTA
1279 149 1544 183 EXEGETlCA.

1177 688 1183 787 l

1174 880 1181 898 t

165 2087 226 2120 fuit
257 2089 332 2120 finis
360 2090 584 2126 immediatus,
619 2095 654 2120 ut
685 2095 799 2130 posset
836 2095 948 2131 petere
981 2086 1151 2119 liberalius
1176 2092 1181 2136 Ι

165 2143 226 2174 pro
251 2132 338 2170 aliis.
361 2134 419 2164 leat
434 2134 549 2164 medie
568 2136 725 2172 fantasey
748 2134 826 2165 oder
840 2133 1008 2164 ›zerre‘sclee
1020 2134 1152 2172 opinion

164 2177 296 2215 yelzabt:
319 2176 352 2206 Si
378 2183 412 2206 tu
436 2174 514 2206 nihil
538 2175 693 2213 habebis,
723 2182 800 2208 tuno
824 2176 899 2207 Deo
922 2176 989 2207 eris
1013 2175 1150 2217 gratior,

166 2224 222 2250 aut
245 2219 317 2250 Deo
341 2219 447 2261 magis
482 2218 650 2259 placebis,
686 2219 771 2250 sicut
803 2220 957 2250 monachi
984 2218 1151 2260 imaginati

166 2268 253 2301 sunt,
285 2272 375 2294 wemz
409 2265 456 2293 sie
484 2265 536 2294 ein
571 2263 759 2295 slinclwnde
788 2273 900 2301 armoe
932 2265 1060 2303 huppen
1094 2272 1150 2293 an-

165 2307 297 2346 zielten,
338 2317 375 2337 so
409 2315 496 2337 miss-s·
530 2307 626 2337 ilmen
663 2307 736 2336 Hotc
772 2307 833 2336 cleu
875 2308 1012 2337 llimmel
1049 2304 1150 2344 dalilr

163 2350 274 2387 yeben.

412 2514 522 2565 Quid
554 2522 615 2556 est
647 2514 776 2555 cultus
808 2514 910 2554 Dei?

254 2621 371 2655 Cultus
394 2630 445 2655 est
467 2633 551 2665 opus
573 2623 762 2656 mandatum
784 2633 805 2655 a
828 2621 914 2660 Deo,
948 2621 1089 2660 factum,
1115 2624 1149 2654 in

2120 151 2185 183 400

1203 245 1281 283 fide,
1304 256 1362 286 per
1387 246 1474 286 quod
1498 244 1591 277 Dens
1614 244 1740 277 honore
1774 244 1917 277 afficitur
1940 246 2100 285 mediate,
2130 245 2185 279 vel

1203 289 1398 319 inunedtaw.
1456 289 1523 319 Sed
1545 287 1739 320 scholastici
1761 288 1924 331 Theologi
1952 289 2185 331 imaginantur,

1203 331 1291 372 quod
1327 342 1431 372 opera
1464 342 1530 363 non
1553 332 1707 363 mandata
1730 343 1750 363 a
1772 331 1864 370 Deo,
1899 333 1964 363 sint
1998 330 2118 371 cultus,
2152 339 2185 364 et

1203 373 1296 405 Deus
1320 373 1384 406 illis
1407 373 1535 406 honore
1551 374 1715 406 afliciatur
1732 375 1929 414 immediate,
1952 377 2012 407 das
2035 379 2078 408 ist
2097 377 2186 408 m'clzt

1202 419 1300 457 recht,
1323 420 1465 449 samiera
1481 420 1600 458 salsole.
1657 418 1714 449 Sic
1742 419 1903 460 cogitant:
1938 417 2033 450 Deus
2057 419 2185 451 honore

1203 460 1346 492 afficitur
1388 461 1488 493 tlurcle
1529 462 1582 492 die
1617 462 1808 501 processioa
1846 462 1878 493 in
1912 460 1998 493 sesto
2034 462 2185 504 corporis

1203 503 1336 535 Christi.
1383 507 1430 536 Ζιι
1454 504 1643 543 lleidelberq
1670 505 1714 536 ist
1740 508 1813 536 eine
1835 506 2039 537 sunder-lictae
2061 515 2185 544 ,tyemon-

1203 548 1275 587 heu,
1304 549 1347 578 (la
1382 552 1484 579 mus-le
1507 558 1581 579 man
1603 549 1735 587 leinauff
1755 549 1859 586 yehen
1892 551 1925 579 2⁸71
1958 550 2019 580 (las
2045 548 2185 588 Schloss,

1203 595 1261 622 mic
1281 592 1341 622 der
1360 594 1566 631 proces-sion,-
1590 591 1667 632 quia
1690 590 1769 621 Dux
1788 590 1974 623 Fridericus
1998 590 2063 623 hoc
2086 592 2186 624 modo

1205 632 1308 665 voluit
1331 633 1404 664 Deo
1435 635 1559 675 gratias
1582 644 1684 676 agere
1707 644 1768 675 pro
1798 634 1945 666 iictoria.
2001 634 2069 667 Sed
2092 645 2186 667 error

1203 675 1259 708 ille
1282 675 1448 708 tollendus
1473 684 1535 708 est.

1290 720 1324 751 Si
1357 719 1479 751 Paulus
1513 721 1578 752 isto
1614 720 1678 751 fine
1711 721 1899 762 accepisset
1935 720 2109 760 δίδακιρον,
2152 726 2186 752 ut

1204 769 1292 794 esset
1316 764 1465 795 meritum
1490 762 1543 794 vel
1567 762 1688 801 cultus,
1715 770 1746 794 et
1770 765 1956 805 cogitasse:
1991 770 2026 795 tu
2048 769 2186 805 propter

1203 806 1269 838 hoc
1292 817 1377 848 opus
1400 807 1505 848 inagis
1529 805 1677 847 placebis
1702 806 1793 845 Deo,
1828 817 1895 837 non
1926 813 2016 837 recte
2036 806 2185 838 fecisset.

1205 850 1272 881 Sed
1289 850 1402 881 habuit
1420 849 1507 881 hunc
1526 849 1623 881 finem
1636 850 1852 890 propositum,
1876 856 1912 881 ut
1923 848 2058 880 liberius
2071 855 2188 891 posset

1203 901 1316 935 petere
1346 893 1491 935 ὄίὸἀκτρα
1521 903 1581 934 pro
1615 893 1704 930 aliis3
1746 894 1822 934 quia
1856 892 2014 924 ministris
2048 893 2188 924 debetur

1202 947 1263 977 pro
1287 947 1348 968 suo
1372 935 1488 967 labore
1507 937 1714 977 stipendium.
1767 936 1889 967 Postea
1912 942 2023 968 tamen
2046 937 2186 967 mediate

1204 987 1255 1011 est
1279 979 1408 1016 cultusg
1442 980 1518 1021 quia
1554 985 1641 1010 totus
1676 989 1796 1011 cursus
1817 978 1912 1011 Pauli
1948 979 1979 1010 in
2012 980 2188 1011 vocatione

1204 1030 1255 1054 est
1289 1022 1407 1055 culzus.
1465 1022 1605 1053 Discere
1628 1021 1796 1054 Donatum
1827 1028 1922 1053 estne
1957 1021 2065 1053 cultus
2100 1021 2188 1054 Dei?

1204 1066 1280 1097 lN'on
1315 1072 1366 1098 est
1399 1066 1586 1097 immediate
1619 1064 1744 1096 cultus:
1779 1065 1855 1107 quia
1890 1075 1956 1096 non
1991 1071 2042 1096 est
2069 1076 2090 1096 a
2111 1064 2187 1097 Deo

1204 1110 1411 1147 mandatum,
1449 1116 1483 1140 ut
1519 1119 1577 1149 per
1612 1107 1677 1139 hoc
1708 1118 1792 1149 opus
1826 1108 2030 1146 immediate,
2058 1106 2187 1140 honore

1203 1151 1378 1185 afficiatur.
1423 1151 1473 1182 Tu
1492 1151 1593 1182 discis
1617 1151 1797 1190 Donatum,
1822 1158 1857 1182 ut
1879 1149 2046 1192 intelligas
2071 1150 2187 1182 Gram-

1204 1197 1365 1228 maticam.
1423 1194 1465 1225 Et
1487 1201 1597 1225 tamen
1620 1194 1656 1225 fit
1679 1193 1807 1232 cultus,
1843 1194 1975 1236 quando
2000 1193 2064 1225 huc
2087 1191 2192 1225 refer·

1204 1246 1268 1278 tur,
1294 1246 1328 1271 ut
1353 1239 1481 1270 servias
1506 1237 1579 1269 Deo
1603 1238 1636 1269 in
1659 1238 1835 1269 vocatione
1858 1243 1925 1269 tua.
1970 1236 2075 1268 Estne
2097 1242 2189 1269 tuum

1204 1283 1347 1314 studium
1371 1280 1480 1313 cultus
1504 1280 1590 1312 Dei?
1632 1280 1704 1312 Est.
1746 1280 1880 1316 Quare?
1920 1280 2005 1316 Quia
2028 1287 2081 1312 est
2103 1289 2188 1322 opus

1203 1327 1393 1357 mandatum
1417 1335 1436 1356 a
1459 1324 1552 1362 Deo,
1577 1331 1608 1355 et
1643 1324 1677 1355 fit
1700 1325 1732 1355 in
1755 1323 1832 1362 fide,
1864 1330 1897 1355 et
1920 1333 1978 1365 per
2000 1322 2081 1356 illud
2104 1332 2189 1365 opus

1204 1369 1296 1402 Deus
1320 1369 1460 1400 mediate
1483 1368 1609 1399 honore
1631 1366 1786 1399 afficitur.

1291 1414 1442 1451 Νομικοί.]
1487 1411 1615 1441 Nomici
1637 1412 1714 1442 siml
1730 1411 1783 1442 (lie
1801 1420 1958 1450 yewesen,
1981 1411 2034 1441 dle
2056 1410 2134 1442 sind
2154 1413 2188 1442 in

1203 1458 1265 1488 den
1289 1454 1509 1488 consistoriis.
1544 1453 1745 1485 Pharisaeus
1763 1463 1831 1485 non
1854 1460 1905 1485 est
1929 1462 2048 1484 nomen
2073 1452 2186 1491 officii,

1203 1500 1265 1530 sed
1287 1508 1407 1530 nomen
1432 1504 1556 1528 sectae.
1602 1497 1687 1529 Aber
1710 1496 1870 1529 Nomicus
1900 1503 1949 1528 est
1970 1506 2089 1527 nomen
2114 1494 2187 1526 offi—

1204 1543 1256 1581 cii,
1281 1542 1375 1584 quasi
1400 1541 1505 1578 dicas,
1532 1541 1782 1573 Consistore'alis.

1265 1708 1484 1758 Quomodo
1523 1707 1743 1747 cohaerent
1786 1708 1968 1747 membra
2009 1706 2124 1747 huius

1612 1791 1750 1826 textus
1764 1785 1782 1825 ἶ)

1290 1888 1379 1919 Ante
1413 1887 1668 1928 disputationem
1702 1897 1776 1918 cum
1798 1885 1956 1923 Nomico,
1991 1892 2043 1916 est
2066 1885 2184 1918 concio

1204 1939 1295 1962 mere
1318 1929 1536 1973 Evangelica,
1561 1937 1594 1961 et
1617 1941 1657 1962 ea
1679 1930 1830 1971 praebuit
1853 1928 2063 1960 occasionem
2086 1938 2186 1969 quae-

1206 1974 1304 2005 stioni
1327 1974 1367 2005 de
1392 1974 1495 2015 Lege,
1519 1972 1573 2005 vel
1603 1972 1703 2015 legali
1731 1972 1960 2013 disputationi:
1993 1972 2070 2013 quia
2092 1971 2186 2004 Chri-

1205 2023 1277 2048 stus
1301 2015 1402 2048 multa
1436 2018 1563 2048 dixerat
1597 2017 1637 2047 de
1661 2027 1699 2047 se
1722 2022 1753 2047 et
1777 2025 1837 2046 suo
1861 2013 1984 2052 officio,
2019 2015 2060 2046 de
2081 2024 2186 2056 agno-

1204 2061 1329 2092 scendo
1353 2060 1454 2091 Patre
1477 2070 1536 2101 per
1558 2060 1685 2100 ipsum,
1719 2060 1763 2090 da
1792 2060 1902 2099 lcompt
1927 2059 1988 2090 cler
2014 2057 2184 2093 Nomicus,

1203 2105 1284 2136 oder
1306 2103 1488 2135 lustitiarus
1511 2105 1645 2143 leerfur:
1673 2100 1811 2137 Qualem
1835 2108 1868 2133 te
1892 2102 2000 2143 ipsum
2022 2099 2106 2132 facis
2129 2099 2185 2133 tu?

1203 2158 1244 2179 an
1269 2157 1331 2178 nos
1356 2145 1435 2177 nihil
1457 2155 1590 2184 sumuS,
1623 2156 1666 2176 an
1699 2151 1816 2176 nostra
1846 2145 1997 2176 doctrina
2019 2143 2099 2175 nihil
2122 2148 2184 2182 est,

1203 2202 1246 2223 an
1268 2191 1339 2222 Lex
1363 2190 1489 2221 frustra
1506 2195 1558 2220 est
1581 2189 1722 2220 tradita?

1291 2233 1480 2275 Propositio
1505 2230 1576 2263 illa:
1599 2232 1701 2263 Nemo
1723 2235 1811 2263 novit
1826 2233 1968 2269 Patrem,
1993 2233 2058 2262 nisi
2074 2231 2185 2269 Filitts,

1203 2282 1246 2310 ist
1266 2280 1319 2309 ein
1341 2278 1422 2309 holte
1444 2277 1534 2313 rede,
1558 2281 1589 2306 et
1614 2275 1765 2317 congruit
1778 2285 1850 2306 cum
1873 2273 1930 2305 illo
1953 2271 2057 2305 altero
2077 2273 2182 2304 dicto:

1200 2323 1300 2353 Nemo
1322 2321 1408 2352 venit
1429 2321 1474 2351 ad
1493 2320 1639 2356 Patrem,
1674 2322 1739 2350 nisi
1755 2328 1817 2360 per
1847 2319 1970 2350 Filium.
2017 2315 2109 2348 Haec
2133 2318 2186 2347 ost

1202 2364 1337 2406 propria
1360 2373 1425 2394 vox
1448 2360 1631 2403 Evangelii.

1294 2529 1428 2579 Quare
1461 2534 1523 2568 est:
1555 2527 1713 2582 propria
1745 2526 1953 2580 Evangelii
1986 2522 2092 2567 vox?

1289 2620 1374 2656 Quia
1395 2625 1448 2651 est
1472 2629 1535 2650 vox
1559 2618 1599 2650 de
1623 2616 1705 2650 Filio
1728 2627 1911 2659 expressa.
1946 2621 1978 2648 et
2006 2616 2047 2648 de
2071 2613 2182 2647 officio
