2343 2970
63 208 124 240 341

63 309 96 335 et
123 307 315 342 contemptu
342 299 414 331 Dei.
472 299 545 330 Non
575 299 672 330 etiam
695 298 797 330 babet
826 299 942 335 fidem,
978 309 1041 329 non
1067 302 1072 310 ⁴

62 345 149 377 lucet
173 346 205 376 in
230 354 270 375 eo
305 344 418 374 notitia
452 341 524 373 Filii
559 343 766 379 mediatori&
800 341 901 372 habet
930 342 1043 383 imagi-

63 390 247 425 nationem,
283 386 371 428 quod
409 386 451 416 sit
480 386 586 417 iustus
625 395 736 416 eoram
759 384 833 415 Deo
870 384 933 415 hac
968 386 1044 416 obe-

63 432 183 464 dientia
206 429 443 471 qualicunque,
483 439 567 470 quae
601 435 651 459 est
687 427 861 469 disciplina
895 433 1042 458 externa.

63 474 165 517 Igitur
193 483 258 505 non
295 482 372 503 vere
400 473 549 509 invocat,
584 481 651 502 non
681 471 761 513 petit
790 481 810 501 a
833 470 906 502 Deo
930 471 1043 502 remis—

63 519 189 549 sionem
212 521 437 556 peccatorum.

149 560 232 591 Sunt
254 557 375 590 multae
401 556 604 589 excellentes
638 558 775 588 virtutes
811 557 844 588 in
879 555 1044 587 Ethnicis:

62 603 137 646 quia
160 612 267 645 genus
289 601 468 632 humanum
498 611 563 632 non
592 605 708 641 posset
731 600 801 641 regi
829 606 886 631 aut
910 609 1044 631 conser—

61 647 153 683 vari,
187 646 214 676 si
238 655 305 676 non
337 651 428 676 esset
451 642 561 683 aliqua
584 644 698 675 virtus.
743 643 779 674 Si
802 653 917 674 onmes
942 642 1044 683 lmpe-

63 695 196 721 ratores
220 694 334 720 essent
357 685 481 718 similes
504 687 639 724 Neroni,
663 696 728 716 non
753 692 924 727 regeretur
953 696 1044 717 mun-

62 733 135 764 dus.
181 732 355 773 Augustus
379 737 410 762 et
434 729 559 761 similes
590 728 704 760 volunt
739 728 945 770 disciplinam
975 739 1044 760 ser—

61 785 142 807 vare
172 781 204 806 et
232 784 358 815 pacem.
419 773 485 804 Sed
517 771 573 803 illa
601 770 775 812 disciplina
805 772 1045 803 contaminatur

61 819 159 850 etiam
188 819 220 848 in
248 817 416 852 Etlmtcis3
446 817 522 857 quia
550 815 671 846 habent
705 816 861 846 interiora
888 821 1044 856 peccata3

61 866 138 893 sunt
168 861 240 892 sine
268 859 468 900 poenitentia
493 865 524 890 et
557 858 632 889 fide.
690 857 723 888 ln
760 859 824 889 isto
862 858 1044 889 l'harisaeo

60 915 121 938 cor
146 910 198 935 est
228 902 360 944 plenum
397 902 626 944 arrogantiae:
662 911 727 932 non
758 902 846 932 videt
875 901 1044 932 immundi-

60 948 136 979 tiem
161 947 289 978 cordis:
318 956 384 977 non
407 945 471 977 scit.
495 955 532 975 se
555 943 690 985 placere
713 950 849 987 propter
874 944 1043 981 Messiam,

60 996 172 1022 manet
195 991 226 1020 in
256 988 470 1021 dubitatione.
515 987 625 1018 David
656 986 792 1018 clamat:
829 987 897 1019 Tibe·
923 991 1044 1019 [eentum

60 1044 129 1066 sum
148 1037 326 1073 peccatum,
357 1036 390 1063 ec
410 1033 525 1063 malum
544 1041 651 1062 coram
678 1035 709 1062 te
735 1028 812 1072 feei.
868 1030 945 1061 ltem
969 1030 1044 1061 Iob:

35 1113 39 1118 ¹
68 1078 143 1108 Vere
165 1079 244 1116 scio,
279 1076 363 1115 quod
394 1084 458 1106 non
492 1078 541 1106 est
573 1075 665 1105 lzomo
700 1077 805 1105 iustus
833 1083 942 1105 eoram
966 1075 1043 1104 Deo.

59 1119 126 1150 Sed
164 1118 365 1149 Pharisaeus
402 1118 464 1148 iste
497 1122 561 1147 stat
597 1116 651 1147 hic
686 1117 718 1147 in
755 1117 917 1158 superiori
952 1122 1045 1157 parte

60 1161 182 1204 templi.
230 1160 401 1192 Gloriatur
430 1171 466 1191 se
496 1162 541 1190 ita
570 1167 721 1191 sanctum
746 1170 832 1191 esse.
886 1159 983 1190 Putat
1007 1169 1045 1189 se

61 1215 138 1237 esse
172 1205 291 1235 iustum
327 1214 439 1234 coram
472 1202 544 1234 Deo
580 1209 716 1244 propter
750 1202 838 1234 hanc
876 1209 1045 1233 externam

61 1248 209 1290 speciem
233 1247 428 1278 sanctitatis.
467 1246 582 1277 Nostri
607 1246 698 1286 pueri
722 1246 928 1287 interrogati:
952 1248 1046 1277 Bistu

61 1293 142 1323 ancli
175 1293 228 1322 ein
250 1300 357 1322 armes
387 1290 488 1322 lcind‘?
523 1290 743 1331 respondent:
779 1288 937 1324 Minime3
970 1289 1046 1329 quia

60 1333 261 1376 intelligunt,
291 1335 344 1364 die
366 1343 478 1364 armen
500 1334 594 1364 seind
614 1334 711 1363 (illem
734 1333 786 1363 die
808 1332 1044 1362 mendicantes.

61 1377 109 1408 lta
132 1387 194 1408 nos
219 1387 293 1407 cum
312 1376 470 1407 habemus
487 1375 714 1407 Pharisaicam
737 1375 907 1411 iustitiam,
931 1383 1045 1405 sumus

60 1418 256 1458 insolentes,
278 1426 314 1450 ut
338 1419 465 1450 iuvenis
494 1417 550 1449 ille
575 1418 723 1449 dicebat:
758 1417 831 1460 Ego
862 1417 946 1448 haec
974 1427 1044 1448 ser-

60 1463 137 1495 vavi
160 1473 180 1493 a
202 1462 345 1503 pueritia
369 1472 451 1493 mea.
487 1461 554 1493 Sed
577 1461 717 1492 debebat
740 1471 928 1503 agnoscere
943 1459 1044 1492 multa

61 1516 138 1538 esse
160 1506 317 1537 interiora
339 1505 427 1543 vitia,
456 1510 489 1537 et
516 1502 722 1545 disciplinam
750 1514 817 1535 non
847 1513 925 1535 esse
953 1503 1044 1536 iusti-

61 1549 138 1580 tiam
162 1558 273 1580 coram
296 1548 383 1585 Deo,
406 1549 439 1579 id
462 1554 528 1586 est,
557 1558 623 1579 non
647 1557 722 1579 esse
745 1557 813 1579 rem
833 1545 944 1586 talem,
968 1557 1042 1588 pro-

63 1596 137 1632 pter
160 1602 259 1633 quam
282 1600 428 1633 persona
450 1590 524 1623 Deo
547 1589 667 1632 placet.

1067 1632 1080 1719 ’ί

133 1713 241 1763 Quid
276 1720 337 1753 est
373 1727 469 1767 ergo
508 1714 656 1752 iustitia
686 1727 821 1753 eoram
853 1713 969 1753 Deo?
1069 1721 1074 1740 ⁸

150 1804 277 1837 lustitia
289 1803 493 1845 Evangelica
515 1809 564 1834 est
589 1803 712 1834 habere
724 1804 951 1834 remissionem
968 1814 1044 1844 pec-

63 1854 224 1884 catorum,
252 1846 553 1878 reconciliationem
577 1857 649 1877 cum
675 1846 767 1884 Deo,
799 1847 1043 1887 imputationem

62 1891 215 1928 iustitiae,
240 1897 270 1920 et
293 1890 557 1930 acceptationem
587 1890 628 1920 ad
649 1890 748 1920 vitam
776 1897 944 1920 aeternam
968 1900 1044 1930 pro-

61 1939 135 1974 pter
158 1932 337 1970 Christum,
363 1933 466 1974 gratis
491 1932 564 1963 fide.
611 1932 663 1963 De
693 1931 756 1963 hac
791 1933 913 1963 institia
941 1933 1043 1973 inquit

62 1974 206 2008 Paulus:
240 1977 331 2008 Nunc
365 1977 487 2007 iustitia
513 1975 576 2006 Dei
608 1976 752 2007 rerelata
787 1980 835 2007 est
865 1978 936 2007 sine
969 1979 1043 2014 leffe.

63 2019 154 2050 Item:
190 2021 358 2058 Iustificati
377 2019 452 2058 side,
472 2029 584 2059 pacem
607 2020 767 2050 habemus.
815 2019 908 2049 Item:
939 2021 1045 2050 luscus

62 2062 128 2101 side
161 2072 219 2093 sua
252 2065 341 2099 vie-ist
374 2063 450 2102 quia
484 2072 544 2102 per
578 2062 674 2092 {idem
710 2062 745 2092 fit
779 2062 955 2092 vivificatio
986 2073 1045 2103 per

65 2103 166 2136 filium
189 2105 221 2135 in
246 2105 357 2136 corde.
417 2104 509 2135 Hanc
532 2105 687 2136 iustitiam
711 2104 809 2135 habet
834 2103 1041 2145 publicanus,

64 2147 203 2178 Accedit
227 2148 267 2179 ad
291 2147 417 2184 Deum,
451 2158 516 2179 non
551 2147 646 2179 affert
680 2158 772 2179 suam
809 2149 964 2179 iustitiam
987 2154 1043 2179 aut

65 2191 265 2232 dignitatem,
300 2191 359 2220 sed
383 2189 518 2222 clamat:
554 2191 608 2222 Sis
628 2195 789 2232 propilc'us·
823 2193 901 2222 mihi
931 2202 1043 2231 peeca-

64 2237 144 2265 tori:
165 2234 197 2263 id
217 2240 279 2271 est,
297 2233 369 2275 Ego
383 2234 475 2265 iaceo
495 2240 651 2265 coramte
673 2240 871 2275 prostratus.
891 2242 919 2265 et
941 2245 1043 2276 agno-

65 2285 124 2306 sco
148 2286 199 2307 me
221 2286 297 2307 esse
320 2282 541 2317 peccatorem,
572 2283 603 2308 et
624 2283 700 2318 pcto
725 2277 800 2308 mihi
825 2278 943 2308 remitti
968 2288 1042 2318 pec-

66 2324 151 2356 cata,
184 2326 216 2349 et
239 2320 339 2350 credo
364 2330 414 2349 nie
443 2320 541 2359 recipi
565 2327 698 2361 propter
722 2320 879 2351 Messian)
903 2322 1042 2361 promis-

66 2369 148 2391 sum.
195 2361 346 2393 Christus
382 2363 437 2393 dat
470 2362 500 2393 ei
524 2361 587 2394 hoc
612 2364 851 2402 testimonium,
885 2365 972 2405 quod
1001 2365 1043 2395 sit

65 2402 273 2435 iustificatus.

1068 2099 1074 2117 1

1068 2512 1074 2538 t

169 2569 278 2618 Quid.
310 2570 506 2621 signifieat,
536 2571 793 2612 iustificatum
826 2574 939 2612 esse?

151 2659 221 2689 Nos
244 2661 382 2693 dicimus
413 2664 655 2703 yereclztfertiqt
687 2664 823 2696 werden.
881 2663 949 2695 Sed
979 2663 1045 2694 hoc

749 204 965 235 POSTILLA
989 203 1343 236 MELANTHONIAN
1349 205 1389 235 A.

2013 204 2032 235 :3
2036 206 2076 236 42

1096 297 1295 329 vocabulum
1320 304 1371 329 est
1393 299 1591 340 ambiguum.
1659 299 1753 329 Wenn
1786 307 1861 329 man
1890 301 1983 330 einen
2005 300 2079 330 dieb

1091 341 1230 382 yehenyt
1260 343 1327 379 hat,
1361 351 1397 372 so
1419 347 1493 380 stifft
1523 351 1616 372 man:
1649 342 1707 372 cler
1735 342 1779 372 isc
1806 343 2079 381 glerecletferti'yet.

1096 386 1163 416 Sed
1199 385 1250 416 hie
1285 384 1450 425 significat
1482 384 1680 415 iustificatus
1721 384 1805 414 idem
1848 385 1935 425 quod
1970 386 2077 416 iustus

1095 429 1327 468 pronuntiatus
1352 438 1465 458 coram
1489 426 1582 465 Deo,
1616 437 1655 458 ex
1680 437 1737 458 reo
1767 437 1832 457 non
1856 437 1934 457 reus
1959 427 2082 465 sactu-2,

1095 482 1156 502 seu
1190 469 1374 502 absolutus,
1431 470 1548 502 Furem
1583 471 1788 510 suspendere
1818 480 1884 500 non
1919 477 1971 501 est
2005 481 2080 502 eum

1095 514 1286 551 iustificare,
1310 511 1363 544 vel
1386 514 1506 544 iustum
1530 512 1653 551 facere,
1684 514 1744 544 sed
1767 523 1841 544 eum
1864 515 1971 553 poena
1994 515 2081 545 iusta

1096 556 1242 588 afficere.
1291 558 1524 596 Gereclztiylcen
1544 557 1629 588 beist
1649 558 1770 588 allzier:
1798 558 1858 588 cler
1887 559 1946 589 liat
1972 566 2080 596 verae-

1095 602 1179 640 bmiy
1203 601 1262 632 der
1283 601 1424 638 suadeo,
1454 603 1497 632 isc
1518 601 1689 632 versulmet
1715 603 1773 632 mit
1797 601 1879 637 Gon,
1910 601 1957 632 ist
1981 609 2079 639 anye-

1096 654 1242 676 nommeu
1264 654 1303 675 zu
1322 645 1462 683 ynaden.

1252 809 1357 850 Esne
1389 816 1435 849 tu
1467 823 1602 849 coram
1636 808 1725 848 Deo
1763 809 1924 850 iustus?

1184 900 1375 941 Responde:
1409 901 1489 931 Sum
1523 900 1658 931 sordida
1685 910 1797 930 massa
1820 899 1919 941 plena
1941 899 2081 940 peccati,

1098 951 1254 985 quantum
1278 945 1309 975 in
1334 954 1385 975 me
1409 950 1476 974 est:
1512 944 1572 974 sed
1596 954 1668 974 sum
1692 944 1811 981 iustus,
1844 943 1877 974 id
1896 950 1960 980 est,
1985 953 2082 974 acee-

1096 993 1172 1028 ptus
1196 986 1284 1025 Deo,
1317 992 1453 1028 propter
1475 985 1592 1017 Filium
1616 986 1678 1017 Dei
1703 986 1782 1017 fide:
1818 985 1927 1017 Credo
1951 996 2003 1017 me
2026 985 2083 1016 ha-

1098 1032 1176 1062 bere
1190 1031 1417 1061 remissionem
1436 1036 1661 1071 peccatorum,
1685 1035 1716 1060 et
1734 1028 1985 1060 reconciliatum
2005 1037 2084 1060 esse

1097 1073 1181 1104 Deo.
1228 1072 1350 1104 Paulus
1383 1073 1457 1104 citat
1486 1073 1519 1104 in
1543 1072 1606 1104 hac
1636 1083 1759 1104 caussa
1790 1073 1911 1104 dictum
1942 1070 2082 1103 Psalmi:

1098 1119 1194 1149 Beata·
1215 1127 1348 1156 qztorum
1371 1119 1530 1148 remissae
1553 1121 1628 1148 sunl
1660 1116 1860 1156 iniquitates,
1895 1121 1928 1147 et
1948 1124 2085 1156 quorum

1098 1164 1181 1192 tecla
1203 1164 1279 1191 sunt
1295 1164 1438 1200 pecc-ala.
1479 1161 1543 1190 Wir
1560 1160 1637 1190 siml
1657 1169 1749 1190 orme
1771 1161 1883 1190 elende
1900 1159 2084 1194 teurmlez'm

1098 1214 1212 1234 sumus
1235 1203 1371 1240 sordidi,
1406 1201 1493 1243 pleni
1516 1208 1747 1243 peccatorum,
1782 1203 1842 1237 rei3
1879 1200 2003 1233 Paulus
2025 1211 2084 1232 no—

1097 1247 1198 1277 minat
1223 1256 1261 1277 se
1286 1247 1440 1287 ἔκτρωμα,
1475 1249 1547 1277 eine
1570 1248 1727 1284 unzeitiye
1757 1246 1879 1284 glebam.
1943 1243 2020 1276 Was
2043 1248 2088 1276 ist

1098 1290 1228 1320 elemler
1250 1291 1318 1320 und
1337 1292 1516 1329 ittzslece'yer,
1534 1291 1584 1320 als
1596 1289 1668 1320 eine
1690 1291 1847 1327 anzeitiye
1861 1289 1984 1327 yeburt,
2009 1297 2084 1319 cum

1097 1342 1262 1372 puerpera
1285 1332 1369 1373 parit
1391 1337 1469 1362 ante
1493 1337 1635 1372 tempus,
1660 1333 1720 1363 (las
1740 1335 1782 1363 isc
1799 1332 1851 1363 ein
1871 1332 2085 1363 iemmerlielts

1096 1376 1269 1415 spectalcel.
1315 1373 1428 1406 Voluit
1453 1373 1577 1406 Paulus
1600 1375 1772 1406 nominare
1801 1385 1869 1405 rem
1892 1373 1991 1406 valde
2014 1372 2084 1405 foe·

1096 1418 1196 1449 tidam
1230 1424 1263 1449 et
1296 1418 1559 1449 abominabilem.
1624 1417 1672 1448 lta
1704 1427 1768 1449 nos
1802 1428 1917 1449 sumus
1951 1426 2084 1449 massae

1096 1461 1237 1503 peccati,
1261 1471 1375 1492 sumus
1399 1462 1543 1499 sordidi,
1578 1467 1610 1492 et
1639 1462 1686 1492 rei
1710 1468 1866 1492 aeternae
1898 1461 1986 1492 irae:
2022 1459 2084 1491 sed

1096 1515 1210 1536 sumus
1234 1504 1323 1542 iusti,
1347 1504 1436 1545 quod
1459 1504 1502 1535 ad
1526 1503 1694 1536 Christum
1717 1504 1930 1535 mediatorem
1954 1503 2083 1542 attinet,

1095 1558 1155 1588 per
1179 1553 1211 1578 et
1233 1553 1371 1589 propter
1394 1557 1491 1589 quem
1520 1546 1682 1579 habemus
1711 1548 1940 1578 remissionem
1964 1556 2083 1587 peeca-

1097 1597 1222 1629 torum,
1255 1592 1518 1632 acceptationem
1553 1601 1665 1622 coram
1693 1590 1786 1629 Deo,
1823 1596 1856 1621 et
1889 1588 2083 1621 reconcilia-

1096 1634 1232 1672 tionem,
1255 1635 1345 1664 iuxta
1369 1634 1507 1665 dictum:
1545 1635 1662 1666 Graios·
1691 1644 1748 1666 seu
1770 1638 1918 1674 acceptos
1940 1643 2000 1665 nos
2021 1632 2086 1664 sibi

1093 1680 1175 1717 fecit
1196 1681 1228 1708 in
1251 1678 1373 1708 dilecto.
1430 1676 1523 1708 Haeo
1558 1677 1686 1708 debetis
1717 1677 1865 1718 cogitare
1890 1678 1921 1707 in
1951 1677 2083 1707 invoca·

1097 1721 1201 1757 tione„
1238 1731 1311 1750 cum
1345 1719 1433 1750 subit
1462 1719 1620 1750 animum:
1655 1719 1748 1750 Deus
1784 1726 1981 1760 peccatores
2015 1728 2082 1749 non

1097 1763 1239 1793 exaudit.
1274 1764 1399 1792 Omnes
1424 1761 1611 1803 Prophetae
1635 1763 1684 1792 sic
1708 1762 1873 1793 accedunt
1896 1763 1938 1792 ad
1961 1761 2082 1799 Deum,

1097 1812 1130 1836 ut
1148 1804 1315 1836 fitteantur
1339 1815 1376 1835 se
1401 1815 1477 1836 esse
1501 1811 1715 1846 peecatoreS,
1749 1805 1808 1836 sed
1838 1805 1946 1836 sciunt
1974 1814 2013 1835 se
2036 1804 2083 1836 iu-

1098 1855 1181 1885 stos,
1211 1848 1335 1885 idest,
1369 1852 1527 1889 acceptos
1563 1858 1640 1879 esse
1675 1858 1787 1878 coram
1810 1847 1902 1885 Deo,
1939 1849 2082 1889 gratuita

1098 1891 1201 1931 ipsius.
1233 1891 1458 1921 misericordia
1487 1898 1622 1932 propter
1647 1890 1826 1922 Christum.
1877 1890 1992 1921 Moses
2016 1896 2083 1921 stat

1098 1944 1209 1964 eoram
1233 1932 1319 1970 Deo,
1350 1942 1382 1964 etv
1406 1934 1543 1965 clamat:
1577 1934 1623 1966 Te
1654 1935 1772 1965 invoco
1802 1933 1945 1965 Domine
1968 1933 2082 1965 Demi-

1098 1983 1211 2013 nator,
1250 1978 1362 2008 Coram
1387 1981 1418 2008 Ie
1441 1981 1594 2009 innocens
1626 1987 1690 2009 non
1726 1981 1789 2009 erit
1817 1979 1977 2008 innocens.
2034 1976 2083 2007 Ita

1098 2019 1220 2051 David:
1251 2020 1289 2051 Si
1310 2021 1493 2059 inz'quitates
1511 2022 1729 2053 observaveris
1752 2021 1907 2060 Domine,
1935 2023 2007 2061 quis
2029 2030 2081 2051 szc-

1097 2064 1250 2094 stennon?
1286 2065 1384 2101 Dixi,
1418 2065 1590 2102 confitebor
1623 2066 1781 2095 acle-ersus
1814 2074 1864 2095 me
1891 2065 2082 2095 iniustitiam

1096 2116 1198 2137 meam
1221 2109 1362 2137 Domino.

1184 2148 1242 2180 llla
1266 2150 1399 2187 iustitia,
1431 2160 1516 2190 quae
1539 2155 1679 2181 vocatur
1702 2149 1917 2192 Evangelica,
1940 2156 1972 2180 et
1996 2159 2081 2190 quae

1097 2191 1170 2223 sola
1193 2191 1280 2223 valet
1301 2203 1412 2227 eoram
1436 2192 1523 2231 Deo,
1552 2194 1662 2224 nititur
1692 2194 1787 2224 unius
1807 2193 1930 2223 Christi
1954 2193 2082 2229 merito,

1097 2246 1161 2266 non
1186 2236 1385 2273 obedientia,
1409 2242 1464 2266 aut
1483 2237 1642 2277 dignitate
1665 2244 1798 2275 nostra,
1835 2237 1919 2267 sicut
1943 2235 2079 2266 dicitur:

1097 2280 1235 2319 Propter
1253 2282 1348 2310 unius
1370 2280 1583 2311 obedientiam
1610 2282 1702 2311 multi
1722 2284 1798 2311 sunt
1822 2283 1905 2310 insli.
1951 2278 1992 2309 Et
2014 2277 2080 2309 hoc

1097 2329 1147 2352 est
1172 2321 1402 2360 dedixaidpsror.
1428 2323 1459 2353 id
1485 2329 1543 2363 est,
1567 2322 1777 2354 iustificatum
1791 2332 1878 2353 esse.
1915 2322 2081 2352 (lsiander

1097 2365 1189 2395 dicit:
1214 2367 1340 2396 Iustilio
1352 2369 1465 2396 nostra
1488 2370 1537 2397 est
1561 2370 1629 2406 ipse
1644 2368 1740 2397 Deus.
1762 2366 1890 2405 faciens
1913 2375 1971 2396 nos
1995 2365 2081 2395 iusta

1093 2411 1220 2448 fucere.
1277 2408 1348 2439 Hoc
1372 2408 1452 2439 nihil
1476 2416 1526 2439 est
1550 2408 1637 2439 aiiud
1663 2410 1789 2445 dicere,
1827 2419 1923 2448 quam
1948 2418 2010 2438 nos
2032 2407 2079 2438 iu·

1097 2458 1168 2482 stos
1195 2461 1269 2482 esse
1294 2458 1428 2492 propter
1453 2452 1649 2489 novitatem,
1683 2463 1781 2493 quam
1804 2451 1896 2481 Deus
1928 2452 1958 2481 in
1983 2450 2079 2481 nobis

1096 2495 1258 2526 accendit.
1305 2496 1369 2526 Sed
1388 2496 1474 2526 sicut
1494 2505 1560 2525 non
1584 2495 1800 2526 iustitie-amur
1823 2501 1957 2535 propter
1976 2503 2080 2536 opera

1096 2538 1339 2577 praecedentia,
1371 2549 1456 2579 quae
1479 2544 1555 2569 sunt
1580 2538 1780 2569 contaminat
1803 2548 1822 2568 a
1842 2538 2007 2578 peccatisz
2034 2537 2080 2566 ita

1097 2590 1203 2621 neque
1236 2587 1371 2622 propter
1404 2581 1583 2612 novitatem
1617 2586 1811 2621 sequentem
1846 2590 1959 2611 sumus
1990 2579 2078 2616 iusti,

1095 2623 1128 2653 id
1152 2629 1214 2661 est,
1238 2625 1365 2665 accepti
1390 2622 1501 2655 coram
1525 2624 1609 2659 Deo,
1633 2624 1765 2665 quando
1792 2624 1901 2665 agitur
1930 2625 1970 2655 de
1989 2622 2079 2654 iusti-

1096 2667 1139 2697 tia
1163 2677 1326 2707 personae
1349 2667 1381 2699 in
1405 2667 1524 2699 iudicio
1549 2666 1622 2698 Dei.
1681 2666 1765 2698 Sunt
1794 2665 1916 2698 multae
1940 2673 2081 2708 magnae

1831 2728 1886 2751 22·
