<?xml version="1.0" encoding="UTF-8"?>
<!DOCTYPE html PUBLIC "-//W3C//DTD XHTML 1.0 Transitional//EN"
    "http://www.w3.org/TR/xhtml1/DTD/xhtml1-transitional.dtd">
<html xmlns="http://www.w3.org/1999/xhtml" xml:lang="en" lang="en">
 <head>
  <title>
</title>
<meta http-equiv="Content-Type" content="text/html;charset=utf-8" />
  <meta name='ocr-system' content='tesseract 3.04.00' />
  <meta name='ocr-capabilities' content='ocr_page ocr_carea ocr_par ocr_line ocrx_word'/>
</head>
<body>
  <div class='ocr_page' id='page_1' title='image "./operaquaesupersu25melauoft/operaquaesupersu25melauoft_0450.png"; bbox 0 0 2343 2970; ppageno 0'>
   <div class='ocr_carea' id='block_1_1' title="bbox 194 163 259 196">
    <p class='ocr_par' dir='ltr' id='par_1_1' title="bbox 194 163 259 196">
     <span class='ocr_line' id='line_1_1' title="bbox 194 163 259 196; baseline -0.015 0"><span class='ocrx_word' id='word_1_1' title='bbox 194 163 259 196; x_wconf 82' lang='lat'>883</span> 
     </span>
    </p>
   </div>
   <div class='ocr_carea' id='block_1_2' title="bbox 194 258 1175 473">
    <p class='ocr_par' dir='ltr' id='par_1_2' title="bbox 194 258 1175 473">
     <span class='ocr_line' id='line_1_2' title="bbox 194 258 1174 301; baseline 0.002 -12"><span class='ocrx_word' id='word_1_2' title='bbox 194 258 280 290; x_wconf 84' lang='lat' dir='ltr'>chia.</span> <span class='ocrx_word' id='word_1_3' title='bbox 326 259 392 291; x_wconf 91' lang='lat' dir='ltr'>Sed</span> <span class='ocrx_word' id='word_1_4' title='bbox 416 260 525 290; x_wconf 80' lang='lat' dir='ltr'>statim</span> <span class='ocrx_word' id='word_1_5' title='bbox 555 265 633 300; x_wconf 85' lang='lat' dir='ltr'>post</span> <span class='ocrx_word' id='word_1_6' title='bbox 656 259 866 291; x_wconf 77' lang='lat' dir='ltr'>Salomonem</span> <span class='ocrx_word' id='word_1_7' title='bbox 896 270 1036 301; x_wconf 85' lang='lat' dir='ltr'>regnum</span> <span class='ocrx_word' id='word_1_8' title='bbox 1070 259 1174 291; x_wconf 80' lang='lat' dir='ltr'>divul-</span> 
     </span>
     <span class='ocr_line' id='line_1_3' title="bbox 195 302 1174 345; baseline 0.001 -12"><span class='ocrx_word' id='word_1_9' title='bbox 195 312 268 333; x_wconf 81' lang='lat' dir='ltr'>sum</span> <span class='ocrx_word' id='word_1_10' title='bbox 294 308 356 339; x_wconf 80' lang='lat' dir='ltr'>est,</span> <span class='ocrx_word' id='word_1_11' title='bbox 381 309 413 333; x_wconf 86' lang='lat' dir='ltr'>et</span> <span class='ocrx_word' id='word_1_12' title='bbox 436 302 525 334; x_wconf 81' lang='lat' dir='ltr'>aliud</span> <span class='ocrx_word' id='word_1_13' title='bbox 550 304 609 334; x_wconf 77' lang='lat' dir='ltr'>suit</span> <span class='ocrx_word' id='word_1_14' title='bbox 630 314 767 345; x_wconf 72' lang='lat' dir='ltr'>regnum</span> <span class='ocrx_word' id='word_1_15' title='bbox 792 302 886 341; x_wconf 86' lang='lat' dir='ltr'>luda,</span> <span class='ocrx_word' id='word_1_16' title='bbox 915 303 1003 334; x_wconf 86' lang='lat' dir='ltr'>aliud</span> <span class='ocrx_word' id='word_1_17' title='bbox 1036 313 1174 344; x_wconf 74' lang='lat' dir='ltr'>regnum</span> 
     </span>
     <span class='ocr_line' id='line_1_4' title="bbox 194 344 1174 386; baseline -0.002 -9"><span class='ocrx_word' id='word_1_18' title='bbox 194 344 314 378; x_wconf 75' lang='lat' dir='ltr'>lsrael:</span> <span class='ocrx_word' id='word_1_19' title='bbox 350 347 433 377; x_wconf 75' lang='lat' dir='ltr'>inter</span> <span class='ocrx_word' id='word_1_20' title='bbox 468 357 554 386; x_wconf 71' lang='lat' dir='ltr'>quiae</span> <span class='ocrx_word' id='word_1_21' title='bbox 584 356 714 386; x_wconf 72' lang='lat' dir='ltr'>semper</span> <span class='ocrx_word' id='word_1_22' title='bbox 759 345 889 377; x_wconf 87' lang='lat' dir='ltr'>suerunt</span> <span class='ocrx_word' id='word_1_23' title='bbox 936 345 1022 377; x_wconf 72' lang='lat' dir='ltr'>bella</span> <span class='ocrx_word' id='word_1_24' title='bbox 1057 346 1174 377; x_wconf 69' lang='lat' dir='ltr'>cixilia.</span> 
     </span>
     <span class='ocr_line' id='line_1_5' title="bbox 195 387 1175 426; baseline 0.001 -8"><span class='ocrx_word' id='word_1_25' title='bbox 195 387 278 419; x_wconf 88' lang='lat' dir='ltr'>Post</span> <span class='ocrx_word' id='word_1_26' title='bbox 313 399 419 420; x_wconf 81' lang='lat' dir='ltr'>anuos</span> <span class='ocrx_word' id='word_1_27' title='bbox 459 389 522 420; x_wconf 79' lang='lat'>300</span> <span class='ocrx_word' id='word_1_28' title='bbox 555 388 789 420; x_wconf 64' lang='lat' dir='ltr'>salmanassar</span> <span class='ocrx_word' id='word_1_29' title='bbox 823 390 957 420; x_wconf 75' lang='lat' dir='ltr'>abduxit</span> <span class='ocrx_word' id='word_1_30' title='bbox 991 388 1175 426; x_wconf 69' lang='lat' dir='ltr'>Israelitasg</span> 
     </span>
     <span class='ocr_line' id='line_1_6' title="bbox 195 431 1174 473; baseline 0.001 -11"><span class='ocrx_word' id='word_1_31' title='bbox 195 431 712 473; x_wconf 72' lang='lat' dir='ltr'>niaitse1·1i=1tt:1=m·11reliquiae.</span> <span class='ocrx_word' id='word_1_32' title='bbox 768 433 847 463; x_wconf 82' lang='lat' dir='ltr'>luda</span> <span class='ocrx_word' id='word_1_33' title='bbox 881 433 978 463; x_wconf 84' lang='lat' dir='ltr'>etiam</span> <span class='ocrx_word' id='word_1_34' title='bbox 1012 433 1174 463; x_wconf 83' lang='lat' dir='ltr'>abductus</span> 
     </span>
    </p>
   </div>
   <div class='ocr_carea' id='block_1_3' title="bbox 197 474 1203 515">
    <p class='ocr_par' dir='ltr' id='par_1_3' title="bbox 197 474 1203 515">
     <span class='ocr_line' id='line_1_7' title="bbox 197 474 1203 515; baseline 0.003 -12"><span class='ocrx_word' id='word_1_35' title='bbox 197 480 247 504; x_wconf 81' lang='lat' dir='ltr'>est</span> <span class='ocrx_word' id='word_1_36' title='bbox 271 475 302 505; x_wconf 92' lang='lat' dir='ltr'>in</span> <span class='ocrx_word' id='word_1_37' title='bbox 328 476 559 515; x_wconf 67' lang='lat' dir='ltr'>captixitatem,</span> <span class='ocrx_word' id='word_1_38' title='bbox 584 481 615 505; x_wconf 86' lang='lat' dir='ltr'>et</span> <span class='ocrx_word' id='word_1_39' title='bbox 646 474 837 506; x_wconf 79' lang='lat' dir='ltr'>mirabiliter</span> <span class='ocrx_word' id='word_1_40' title='bbox 860 481 969 506; x_wconf 88' lang='lat' dir='ltr'>tamen</span> <span class='ocrx_word' id='word_1_41' title='bbox 993 476 1175 506; x_wconf 73' lang='lat' dir='ltr'>restitutus.</span> <span class='ocrx_word' id='word_1_42' title='bbox 1199 485 1203 495; x_wconf 90' lang='grc'><strong><em>·</em></strong></span> 
     </span>
    </p>
   </div>
   <div class='ocr_carea' id='block_1_4' title="bbox 188 516 1176 2677">
    <p class='ocr_par' dir='ltr' id='par_1_4' title="bbox 193 516 1175 591">
     <span class='ocr_line' id='line_1_8' title="bbox 195 516 1175 559; baseline 0.002 -12"><span class='ocrx_word' id='word_1_43' title='bbox 195 517 323 548; x_wconf 78' lang='lat' dir='ltr'><strong>Deinde</strong></span> <span class='ocrx_word' id='word_1_44' title='bbox 356 524 431 559; x_wconf 72' lang='lat' dir='ltr'>post</span> <span class='ocrx_word' id='word_1_45' title='bbox 469 518 529 548; x_wconf 86' lang='lat'>100</span> <span class='ocrx_word' id='word_1_46' title='bbox 563 528 669 549; x_wconf 79' lang='lat' dir='ltr'>annos</span> <span class='ocrx_word' id='word_1_47' title='bbox 705 516 782 549; x_wconf 79' lang='lat' dir='ltr'>sacti</span> <span class='ocrx_word' id='word_1_48' title='bbox 822 525 897 550; x_wconf 72' lang='lat' dir='ltr'>sunt</span> <span class='ocrx_word' id='word_1_49' title='bbox 932 519 1049 550; x_wconf 82' lang='lat' dir='ltr'>iterum</span> <span class='ocrx_word' id='word_1_50' title='bbox 1084 525 1175 559; x_wconf 84' lang='lat' dir='ltr'>petu-</span> 
     </span>
     <span class='ocr_line' id='line_1_9' title="bbox 193 558 313 591; baseline -0.008 -1"><span class='ocrx_word' id='word_1_51' title='bbox 193 558 313 591; x_wconf 79' lang='lat' dir='ltr'>lantes.</span> 
     </span>
    </p>

    <p class='ocr_par' dir='ltr' id='par_1_5' title="bbox 191 603 1174 1338">
     <span class='ocr_line' id='line_1_10' title="bbox 281 603 1174 645; baseline 0.002 -12"><span class='ocrx_word' id='word_1_52' title='bbox 281 603 399 634; x_wconf 77' lang='lat' dir='ltr'>Secuta</span> <span class='ocrx_word' id='word_1_53' title='bbox 422 610 473 635; x_wconf 89' lang='lat' dir='ltr'>est</span> <span class='ocrx_word' id='word_1_54' title='bbox 497 609 587 635; x_wconf 84' lang='lat' dir='ltr'>tanta</span> <span class='ocrx_word' id='word_1_55' title='bbox 611 604 765 645; x_wconf 72' lang='lat' dir='ltr'>superbio</span> <span class='ocrx_word' id='word_1_56' title='bbox 789 610 821 635; x_wconf 84' lang='lat' dir='ltr'>et</span> <span class='ocrx_word' id='word_1_57' title='bbox 838 603 960 636; x_wconf 85' lang='lat' dir='ltr'>malitia</span> <span class='ocrx_word' id='word_1_58' title='bbox 973 615 1174 636; x_wconf 88' lang='lat' dir='ltr'>summorum</span> 
     </span>
     <span class='ocr_line' id='line_1_11' title="bbox 196 642 1173 688; baseline 0.003 -12"><span class='ocrx_word' id='word_1_59' title='bbox 196 647 418 683; x_wconf 82' lang='lat' dir='ltr'>sacerdotum,</span> <span class='ocrx_word' id='word_1_60' title='bbox 437 653 471 677; x_wconf 88' lang='lat' dir='ltr'>ut.</span> <span class='ocrx_word' id='word_1_61' title='bbox 495 646 550 678; x_wconf 77' lang='lat' dir='ltr'>alii</span> <span class='ocrx_word' id='word_1_62' title='bbox 575 642 742 688; x_wconf 69' lang='lat' dir='ltr'>rapuerint</span> <span class='ocrx_word' id='word_1_63' title='bbox 766 649 988 679; x_wconf 76' lang='lat' dir='ltr'>sacerdotium</span> <span class='ocrx_word' id='word_1_64' title='bbox 1008 649 1173 688; x_wconf 69' lang='lat' dir='ltr'>prioribus</span> 
     </span>
     <span class='ocr_line' id='line_1_12' title="bbox 195 690 1173 733; baseline 0 -13"><span class='ocrx_word' id='word_1_65' title='bbox 195 690 418 730; x_wconf 82' lang='lat' dir='ltr'>interemptis3</span> <span class='ocrx_word' id='word_1_66' title='bbox 453 690 506 720; x_wconf 80' lang='lat' dir='ltr'>alii</span> <span class='ocrx_word' id='word_1_67' title='bbox 543 692 677 722; x_wconf 79' lang='lat' dir='ltr'>emerint</span> <span class='ocrx_word' id='word_1_68' title='bbox 707 701 727 722; x_wconf 84' lang='lat' dir='ltr'>a</span> <span class='ocrx_word' id='word_1_69' title='bbox 751 691 934 733; x_wconf 77' lang='lat' dir='ltr'>peregrinis</span> <span class='ocrx_word' id='word_1_70' title='bbox 958 692 1173 732; x_wconf 77' lang='lat' dir='ltr'>principibus.</span> 
     </span>
     <span class='ocr_line' id='line_1_13' title="bbox 194 731 1173 775; baseline 0.003 -15"><span class='ocrx_word' id='word_1_71' title='bbox 194 731 335 761; x_wconf 72' lang='lat' dir='ltr'>Darumb</span> <span class='ocrx_word' id='word_1_72' title='bbox 358 734 476 772; x_wconf 63' lang='lat' dir='ltr'>,vn-affec</span> <span class='ocrx_word' id='word_1_73' title='bbox 502 733 577 763; x_wconf 79' lang='lat' dir='ltr'>Gotl</span> <span class='ocrx_word' id='word_1_74' title='bbox 601 735 690 765; x_wconf 65' lang='lat' dir='ltr'>aua-le.</span> <span class='ocrx_word' id='word_1_75' title='bbox 736 734 819 765; x_wconf 86' lang='lat' dir='ltr'>Nam</span> <span class='ocrx_word' id='word_1_76' title='bbox 843 734 1009 765; x_wconf 77' lang='lat' dir='ltr'>Antiocho</span> <span class='ocrx_word' id='word_1_77' title='bbox 1039 734 1173 775; x_wconf 78' lang='lat' dir='ltr'>permis-</span> 
     </span>
     <span class='ocr_line' id='line_1_14' title="bbox 194 776 1174 818; baseline 0.001 -13"><span class='ocrx_word' id='word_1_78' title='bbox 194 785 267 805; x_wconf 83' lang='lat' dir='ltr'>sum</span> <span class='ocrx_word' id='word_1_79' title='bbox 292 782 355 812; x_wconf 77' lang='lat' dir='ltr'>est,</span> <span class='ocrx_word' id='word_1_80' title='bbox 379 782 414 806; x_wconf 85' lang='lat' dir='ltr'>ut</span> <span class='ocrx_word' id='word_1_81' title='bbox 447 783 662 818; x_wconf 80' lang='lat' dir='ltr'>grassaretur</span> <span class='ocrx_word' id='word_1_82' title='bbox 696 779 727 808; x_wconf 88' lang='lat' dir='ltr'>in</span> <span class='ocrx_word' id='word_1_83' title='bbox 763 776 820 811; x_wconf 79' lang='lat' dir='ltr'>illo</span> <span class='ocrx_word' id='word_1_84' title='bbox 856 777 997 818; x_wconf 77' lang='lat' dir='ltr'>populo;</span> <span class='ocrx_word' id='word_1_85' title='bbox 1034 783 1174 807; x_wconf 71' lang='lat' dir='ltr'>vocatur</span> 
     </span>
     <span class='ocr_line' id='line_1_15' title="bbox 193 818 1173 860; baseline 0 -12"><span class='ocrx_word' id='word_1_86' title='bbox 193 818 248 848; x_wconf 82' lang='lat' dir='ltr'>llic</span> <span class='ocrx_word' id='word_1_87' title='bbox 271 819 456 850; x_wconf 74' lang='lat' dir='ltr'>Antiochus</span> <span class='ocrx_word' id='word_1_88' title='bbox 480 820 642 860; x_wconf 65' lang='grc' dir='ltr'>ἑπιφιινῆς,</span> <span class='ocrx_word' id='word_1_89' title='bbox 677 821 791 851; x_wconf 60' lang='lat' dir='ltr'>Latine</span> <span class='ocrx_word' id='word_1_90' title='bbox 814 821 1003 849; x_wconf 52' lang='lat' dir='ltr'>claritat-inum</span> <span class='ocrx_word' id='word_1_91' title='bbox 1026 818 1080 850; x_wconf 74' lang='lat' dir='ltr'>vel</span> <span class='ocrx_word' id='word_1_92' title='bbox 1103 819 1173 848; x_wconf 77' lang='lat' dir='ltr'>illu-</span> 
     </span>
     <span class='ocr_line' id='line_1_16' title="bbox 192 862 1173 904; baseline 0.002 -14"><span class='ocrx_word' id='word_1_93' title='bbox 192 862 276 895; x_wconf 73' lang='lat' dir='ltr'>stris,</span> <span class='ocrx_word' id='word_1_94' title='bbox 302 862 360 890; x_wconf 83' lang='lat' dir='ltr'>das</span> <span class='ocrx_word' id='word_1_95' title='bbox 384 873 451 891; x_wconf 79' lang='lat' dir='ltr'>man</span> <span class='ocrx_word' id='word_1_96' title='bbox 475 865 528 891; x_wconf 72' lang='lat'><em>1⁶12!</em></span> <span class='ocrx_word' id='word_1_97' title='bbox 558 868 648 902; x_wconf 71' lang='lat' dir='ltr'>sayl:</span> <span class='ocrx_word' id='word_1_98' title='bbox 673 864 921 902; x_wconf 56' lang='lat' dir='ltr'>‹larrlzleeucletiffi</span> <span class='ocrx_word' id='word_1_99' title='bbox 967 864 998 894; x_wconf 85' lang='lat' dir='ltr'><strong>A</strong></span> <span class='ocrx_word' id='word_1_100' title='bbox 1022 863 1173 904; x_wconf 80' lang='lat' dir='ltr'>sapienti-</span> 
     </span>
     <span class='ocr_line' id='line_1_17' title="bbox 193 904 1173 948; baseline 0 -13"><span class='ocrx_word' id='word_1_101' title='bbox 193 904 268 942; x_wconf 81' lang='lat' dir='ltr'>bus,</span> <span class='ocrx_word' id='word_1_102' title='bbox 287 910 322 935; x_wconf 87' lang='lat' dir='ltr'>ut</span> <span class='ocrx_word' id='word_1_103' title='bbox 347 904 499 947; x_wconf 63' lang='lat' dir='ltr'>Polybio,</span> <span class='ocrx_word' id='word_1_104' title='bbox 522 908 710 939; x_wconf 78' lang='lat' dir='ltr'>nominatus</span> <span class='ocrx_word' id='word_1_105' title='bbox 734 913 784 938; x_wconf 72' lang='lat' dir='ltr'>est</span> <span class='ocrx_word' id='word_1_106' title='bbox 808 918 867 948; x_wconf 85' lang='lat' dir='ltr'>per</span> <span class='ocrx_word' id='word_1_107' title='bbox 893 907 1173 943; x_wconf 71' lang='lat' dir='ltr'>Parortoixiasiaiii,</span> 
     </span>
     <span class='ocr_line' id='line_1_18' title="bbox 192 947 1172 991; baseline 0.002 -14"><span class='ocrx_word' id='word_1_108' title='bbox 192 947 448 988; x_wconf 79' lang='lat' dir='ltr'>proptermalos</span> <span class='ocrx_word' id='word_1_109' title='bbox 463 959 575 980; x_wconf 81' lang='lat' dir='ltr'>mores</span> <span class='ocrx_word' id='word_1_110' title='bbox 599 956 630 980; x_wconf 78' lang='lat' dir='ltr'>et</span> <span class='ocrx_word' id='word_1_111' title='bbox 650 949 864 991; x_wconf 73' lang='lat' dir='ltr'>petulantiam</span> <span class='ocrx_word' id='word_1_112' title='bbox 888 949 1042 988; x_wconf 67' lang='grc' dir='ltr'>ἐπιμαιὴς,</span> <span class='ocrx_word' id='word_1_113' title='bbox 1056 949 1087 979; x_wconf 90' lang='lat' dir='ltr'>id</span> <span class='ocrx_word' id='word_1_114' title='bbox 1113 954 1172 985; x_wconf 78' lang='lat' dir='ltr'>est,</span> 
     </span>
     <span class='ocr_line' id='line_1_19' title="bbox 191 990 1173 1029; baseline 0.001 -9"><span class='ocrx_word' id='word_1_115' title='bbox 191 991 337 1020; x_wconf 59' lang='lat' dir='ltr'>tin-iosus.</span> <span class='ocrx_word' id='word_1_116' title='bbox 400 992 473 1022; x_wconf 86' lang='lat' dir='ltr'>Non</span> <span class='ocrx_word' id='word_1_117' title='bbox 508 992 567 1023; x_wconf 82' lang='lat' dir='ltr'>suit</span> <span class='ocrx_word' id='word_1_118' title='bbox 602 1000 777 1025; x_wconf 86' lang='lat' dir='ltr'>contentus</span> <span class='ocrx_word' id='word_1_119' title='bbox 811 993 940 1025; x_wconf 81' lang='lat' dir='ltr'>usitatis</span> <span class='ocrx_word' id='word_1_120' title='bbox 974 990 1173 1029; x_wconf 71' lang='lat' dir='ltr'>sceleribus,</span> 
     </span>
     <span class='ocr_line' id='line_1_20' title="bbox 193 1034 1172 1077; baseline 0 -13"><span class='ocrx_word' id='word_1_121' title='bbox 193 1034 255 1064; x_wconf 85' lang='lat' dir='ltr'>sed</span> <span class='ocrx_word' id='word_1_122' title='bbox 279 1035 443 1075; x_wconf 79' lang='lat' dir='ltr'>exquisita</span> <span class='ocrx_word' id='word_1_123' title='bbox 462 1036 607 1077; x_wconf 78' lang='lat' dir='ltr'>nequitia</span> <span class='ocrx_word' id='word_1_124' title='bbox 631 1047 714 1068; x_wconf 89' lang='lat' dir='ltr'>usus</span> <span class='ocrx_word' id='word_1_125' title='bbox 738 1042 799 1068; x_wconf 85' lang='lat' dir='ltr'>est.</span> <span class='ocrx_word' id='word_1_126' title='bbox 847 1036 1006 1067; x_wconf 77' lang='lat' dir='ltr'>Gestatus</span> <span class='ocrx_word' id='word_1_127' title='bbox 1034 1040 1087 1066; x_wconf 84' lang='lat' dir='ltr'>est</span> <span class='ocrx_word' id='word_1_128' title='bbox 1115 1045 1172 1065; x_wconf 88' lang='lat' dir='ltr'>nu-</span> 
     </span>
     <span class='ocr_line' id='line_1_21' title="bbox 193 1077 1172 1122; baseline -0.001 -13"><span class='ocrx_word' id='word_1_129' title='bbox 193 1077 256 1109; x_wconf 83' lang='lat' dir='ltr'>dus</span> <span class='ocrx_word' id='word_1_130' title='bbox 279 1077 311 1108; x_wconf 85' lang='lat' dir='ltr'>in</span> <span class='ocrx_word' id='word_1_131' title='bbox 336 1079 536 1116; x_wconf 80' lang='lat' dir='ltr'>convivium,</span> <span class='ocrx_word' id='word_1_132' title='bbox 560 1085 724 1122; x_wconf 75' lang='lat' dir='ltr'>tamquam</span> <span class='ocrx_word' id='word_1_133' title='bbox 748 1086 897 1111; x_wconf 85' lang='lat' dir='ltr'>mortuus</span> <span class='ocrx_word' id='word_1_134' title='bbox 912 1102 921 1117; x_wconf 93' lang='lat'>,</span> <span class='ocrx_word' id='word_1_135' title='bbox 955 1085 988 1110; x_wconf 82' lang='lat' dir='ltr'>et</span> <span class='ocrx_word' id='word_1_136' title='bbox 1017 1084 1172 1109; x_wconf 77' lang='lat' dir='ltr'>cantave-</span> 
     </span>
     <span class='ocr_line' id='line_1_22' title="bbox 194 1121 1173 1164; baseline 0.002 -14"><span class='ocrx_word' id='word_1_137' title='bbox 194 1125 270 1151; x_wconf 85' lang='lat' dir='ltr'>runt</span> <span class='ocrx_word' id='word_1_138' title='bbox 294 1122 415 1152; x_wconf 78' lang='lat' dir='ltr'>carniia</span> <span class='ocrx_word' id='word_1_139' title='bbox 438 1122 602 1161; x_wconf 82' lang='lat' dir='ltr'>funebria,</span> <span class='ocrx_word' id='word_1_140' title='bbox 616 1123 735 1154; x_wconf 85' lang='lat' dir='ltr'>deinde</span> <span class='ocrx_word' id='word_1_141' title='bbox 758 1122 858 1154; x_wconf 78' lang='lat' dir='ltr'>exiliit.</span> <span class='ocrx_word' id='word_1_142' title='bbox 882 1132 922 1153; x_wconf 82' lang='lat' dir='ltr'>ex</span> <span class='ocrx_word' id='word_1_143' title='bbox 945 1121 1115 1164; x_wconf 73' lang='lat' dir='ltr'>pheretro,</span> <span class='ocrx_word' id='word_1_144' title='bbox 1139 1126 1173 1152; x_wconf 80' lang='lat' dir='ltr'>et</span> 
     </span>
     <span class='ocr_line' id='line_1_23' title="bbox 193 1162 1173 1198; baseline 0.002 -4"><span class='ocrx_word' id='word_1_145' title='bbox 193 1162 281 1195; x_wconf 80' lang='lat' dir='ltr'>saliit</span> <span class='ocrx_word' id='word_1_146' title='bbox 316 1175 390 1196; x_wconf 88' lang='lat' dir='ltr'>cum</span> <span class='ocrx_word' id='word_1_147' title='bbox 423 1166 526 1196; x_wconf 76' lang='lat' dir='ltr'>sociis</span> <span class='ocrx_word' id='word_1_148' title='bbox 559 1167 592 1197; x_wconf 89' lang='lat' dir='ltr'>in</span> <span class='ocrx_word' id='word_1_149' title='bbox 621 1167 773 1197; x_wconf 78' lang='lat' dir='ltr'>convivio</span> <span class='ocrx_word' id='word_1_150' title='bbox 802 1167 923 1198; x_wconf 81' lang='lat' dir='ltr'>nudus.</span> <span class='ocrx_word' id='word_1_151' title='bbox 974 1165 1037 1194; x_wconf 75' lang='lat' dir='ltr'>Die</span> <span class='ocrx_word' id='word_1_152' title='bbox 1059 1165 1173 1194; x_wconf 76' lang='lat' dir='ltr'>Homer</span> 
     </span>
     <span class='ocr_line' id='line_1_24' title="bbox 193 1207 1171 1250; baseline 0.003 -15"><span class='ocrx_word' id='word_1_153' title='bbox 193 1207 280 1236; x_wconf 66' lang='lat' dir='ltr'>sind!</span> <span class='ocrx_word' id='word_1_154' title='bbox 302 1207 435 1237; x_wconf 67' lang='lat' dir='ltr'>hernach</span> <span class='ocrx_word' id='word_1_155' title='bbox 458 1209 531 1238; x_wconf 79' lang='lat' dir='ltr'>uber</span> <span class='ocrx_word' id='word_1_156' title='bbox 549 1209 600 1238; x_wconf 73' lang='lat' dir='ltr'>ilm</span> <span class='ocrx_word' id='word_1_157' title='bbox 624 1210 767 1246; x_wconf 71' lang='lat' dir='ltr'>kommfn,</span> <span class='ocrx_word' id='word_1_158' title='bbox 781 1215 814 1241; x_wconf 82' lang='lat' dir='ltr'>et</span> <span class='ocrx_word' id='word_1_159' title='bbox 826 1209 1073 1250; x_wconf 71' lang='lat' dir='ltr'>castigaverunt</span> <span class='ocrx_word' id='word_1_160' title='bbox 1085 1218 1171 1245; x_wconf 82' lang='lat' dir='ltr'>eum,</span> 
     </span>
     <span class='ocr_line' id='line_1_25' title="bbox 192 1251 1171 1295; baseline -0.001 -13"><span class='ocrx_word' id='word_1_161' title='bbox 192 1256 227 1282; x_wconf 83' lang='lat' dir='ltr'>ut</span> <span class='ocrx_word' id='word_1_162' title='bbox 260 1251 324 1281; x_wconf 84' lang='lat' dir='ltr'>iam</span> <span class='ocrx_word' id='word_1_163' title='bbox 359 1253 456 1283; x_wconf 80' lang='lat' dir='ltr'>nobis</span> <span class='ocrx_word' id='word_1_164' title='bbox 491 1251 570 1283; x_wconf 71' lang='lat' dir='ltr'>facit</span> <span class='ocrx_word' id='word_1_165' title='bbox 593 1252 717 1284; x_wconf 85' lang='lat' dir='ltr'>Turca:</span> <span class='ocrx_word' id='word_1_166' title='bbox 753 1254 852 1295; x_wconf 85' lang='lat' dir='ltr'>quia,</span> <span class='ocrx_word' id='word_1_167' title='bbox 887 1253 915 1283; x_wconf 87' lang='lat' dir='ltr'>si</span> <span class='ocrx_word' id='word_1_168' title='bbox 950 1262 1017 1283; x_wconf 85' lang='lat' dir='ltr'>non</span> <span class='ocrx_word' id='word_1_169' title='bbox 1052 1251 1171 1283; x_wconf 79' lang='lat' dir='ltr'>desinit</span> 
     </span>
     <span class='ocr_line' id='line_1_26' title="bbox 191 1293 904 1338; baseline 0.001 -13"><span class='ocrx_word' id='word_1_170' title='bbox 191 1293 328 1332; x_wconf 83' lang='lat' dir='ltr'>malitia,</span> <span class='ocrx_word' id='word_1_171' title='bbox 353 1295 449 1326; x_wconf 83' lang='lat' dir='ltr'>etiam</span> <span class='ocrx_word' id='word_1_172' title='bbox 472 1305 538 1326; x_wconf 87' lang='lat' dir='ltr'>non</span> <span class='ocrx_word' id='word_1_173' title='bbox 561 1297 741 1327; x_wconf 80' lang='lat' dir='ltr'>cessabunt</span> <span class='ocrx_word' id='word_1_174' title='bbox 765 1305 904 1338; x_wconf 86' lang='lat' dir='ltr'>poenae.</span> 
     </span>
    </p>

    <p class='ocr_par' dir='ltr' id='par_1_6' title="bbox 188 1335 1174 2160">
     <span class='ocr_line' id='line_1_27' title="bbox 278 1335 1172 1381; baseline 0.001 -15"><span class='ocrx_word' id='word_1_175' title='bbox 278 1336 310 1367; x_wconf 77' lang='lat' dir='ltr'>Is</span> <span class='ocrx_word' id='word_1_176' title='bbox 329 1337 529 1377; x_wconf 77' lang='lat' dir='ltr'><strong>Antiochus,</strong></span> <span class='ocrx_word' id='word_1_177' title='bbox 552 1346 717 1380; x_wconf 83' lang='lat' dir='ltr'>occupata</span> <span class='ocrx_word' id='word_1_178' title='bbox 746 1338 974 1381; x_wconf 78' lang='lat' dir='ltr'>lerosolyma,</span> <span class='ocrx_word' id='word_1_179' title='bbox 1008 1335 1172 1369; x_wconf 81' lang='lat' dir='ltr'><strong>interfecit</strong></span> 
     </span>
     <span class='ocr_line' id='line_1_28' title="bbox 191 1379 1172 1422; baseline 0.001 -12"><span class='ocrx_word' id='word_1_180' title='bbox 191 1379 448 1412; x_wconf 75' lang='lat' dir='ltr'>innumerabiles</span> <span class='ocrx_word' id='word_1_181' title='bbox 471 1388 610 1413; x_wconf 82' lang='lat' dir='ltr'>sanctos</span> <span class='ocrx_word' id='word_1_182' title='bbox 633 1392 750 1417; x_wconf 86' lang='lat' dir='ltr'>senes,</span> <span class='ocrx_word' id='word_1_183' title='bbox 785 1389 978 1421; x_wconf 85' lang='lat' dir='ltr'>matronas,</span> <span class='ocrx_word' id='word_1_184' title='bbox 1012 1382 1172 1422; x_wconf 73' lang='lat' dir='ltr'>virgines,</span> 
     </span>
     <span class='ocr_line' id='line_1_29' title="bbox 190 1421 1171 1468; baseline 0 -14"><span class='ocrx_word' id='word_1_185' title='bbox 190 1421 346 1455; x_wconf 86' lang='lat' dir='ltr'>infantes.</span> <span class='ocrx_word' id='word_1_186' title='bbox 392 1424 537 1466; x_wconf 80' lang='lat' dir='ltr'>Superat</span> <span class='ocrx_word' id='word_1_187' title='bbox 558 1430 667 1457; x_wconf 88' lang='lat' dir='ltr'>autem</span> <span class='ocrx_word' id='word_1_188' title='bbox 691 1426 816 1464; x_wconf 86' lang='lat' dir='ltr'>omnia,</span> <span class='ocrx_word' id='word_1_189' title='bbox 839 1426 928 1468; x_wconf 86' lang='lat' dir='ltr'>quod</span> <span class='ocrx_word' id='word_1_190' title='bbox 951 1430 1001 1456; x_wconf 88' lang='lat' dir='ltr'>est</span> <span class='ocrx_word' id='word_1_191' title='bbox 1024 1424 1171 1455; x_wconf 86' lang='lat' dir='ltr'>tristissi-</span> 
     </span>
     <span class='ocr_line' id='line_1_30' title="bbox 188 1466 1172 1509; baseline -0.002 -9"><span class='ocrx_word' id='word_1_192' title='bbox 188 1477 291 1506; x_wconf 86' lang='lat' dir='ltr'>mum,</span> <span class='ocrx_word' id='word_1_193' title='bbox 313 1468 403 1509; x_wconf 84' lang='lat' dir='ltr'>quod</span> <span class='ocrx_word' id='word_1_194' title='bbox 427 1466 608 1500; x_wconf 76' lang='lat' dir='ltr'>collocavit</span> <span class='ocrx_word' id='word_1_195' title='bbox 636 1467 759 1502; x_wconf 90' lang='lat' dir='ltr'>idolum</span> <span class='ocrx_word' id='word_1_196' title='bbox 792 1470 826 1501; x_wconf 88' lang='lat' dir='ltr'>in</span> <span class='ocrx_word' id='word_1_197' title='bbox 860 1467 1018 1509; x_wconf 80' lang='lat' dir='ltr'>templum</span> <span class='ocrx_word' id='word_1_198' title='bbox 1041 1467 1117 1506; x_wconf 89' lang='lat' dir='ltr'>Dei,</span> <span class='ocrx_word' id='word_1_199' title='bbox 1140 1472 1172 1498; x_wconf 84' lang='lat' dir='ltr'>et</span> 
     </span>
     <span class='ocr_line' id='line_1_31' title="bbox 189 1511 1170 1554; baseline -0.003 -9"><span class='ocrx_word' id='word_1_200' title='bbox 189 1512 317 1545; x_wconf 80' lang='lat' dir='ltr'>addidit</span> <span class='ocrx_word' id='word_1_201' title='bbox 339 1512 575 1554; x_wconf 76' lang='lat' dir='ltr'>praesidiarios</span> <span class='ocrx_word' id='word_1_202' title='bbox 609 1511 752 1552; x_wconf 78' lang='lat' dir='ltr'>milites,</span> <span class='ocrx_word' id='word_1_203' title='bbox 787 1513 843 1554; x_wconf 86' lang='lat' dir='ltr'>qui</span> <span class='ocrx_word' id='word_1_204' title='bbox 876 1513 909 1544; x_wconf 86' lang='lat' dir='ltr'>id</span> <span class='ocrx_word' id='word_1_205' title='bbox 943 1511 1170 1543; x_wconf 82' lang='lat' dir='ltr'>delenderent.</span> 
     </span>
     <span class='ocr_line' id='line_1_32' title="bbox 190 1552 1171 1598; baseline -0.005 -10"><span class='ocrx_word' id='word_1_206' title='bbox 190 1555 241 1588; x_wconf 88' lang='lat' dir='ltr'>llli</span> <span class='ocrx_word' id='word_1_207' title='bbox 265 1562 443 1598; x_wconf 83' lang='lat' dir='ltr'>rapuerunt</span> <span class='ocrx_word' id='word_1_208' title='bbox 468 1557 626 1597; x_wconf 83' lang='lat' dir='ltr'>virgines,</span> <span class='ocrx_word' id='word_1_209' title='bbox 648 1563 820 1588; x_wconf 83' lang='lat' dir='ltr'>matronas</span> <span class='ocrx_word' id='word_1_210' title='bbox 853 1561 885 1587; x_wconf 88' lang='lat' dir='ltr'>et</span> <span class='ocrx_word' id='word_1_211' title='bbox 918 1564 1041 1597; x_wconf 88' lang='lat' dir='ltr'>pueros</span> <span class='ocrx_word' id='word_1_212' title='bbox 1069 1554 1111 1585; x_wconf 88' lang='lat' dir='ltr'>ad</span> <span class='ocrx_word' id='word_1_213' title='bbox 1135 1552 1171 1584; x_wconf 92' lang='lat' dir='ltr'>li-</span> 
     </span>
     <span class='ocr_line' id='line_1_33' title="bbox 192 1595 1171 1638; baseline -0.004 -7"><span class='ocrx_word' id='word_1_214' title='bbox 192 1599 335 1638; x_wconf 68' lang='lat' dir='ltr'>hmines,</span> <span class='ocrx_word' id='word_1_215' title='bbox 370 1610 443 1631; x_wconf 86' lang='lat' dir='ltr'>cum</span> <span class='ocrx_word' id='word_1_216' title='bbox 478 1605 585 1631; x_wconf 79' lang='lat' dir='ltr'>tamen</span> <span class='ocrx_word' id='word_1_217' title='bbox 620 1606 713 1632; x_wconf 82' lang='lat' dir='ltr'>esset</span> <span class='ocrx_word' id='word_1_218' title='bbox 745 1600 876 1631; x_wconf 91' lang='lat' dir='ltr'>unicum</span> <span class='ocrx_word' id='word_1_219' title='bbox 910 1598 990 1630; x_wconf 89' lang='lat' dir='ltr'>illud</span> <span class='ocrx_word' id='word_1_220' title='bbox 1015 1595 1171 1637; x_wconf 90' lang='lat' dir='ltr'>templum</span> 
     </span>
     <span class='ocr_line' id='line_1_34' title="bbox 190 1640 1172 1681; baseline -0.005 -7"><span class='ocrx_word' id='word_1_221' title='bbox 190 1643 255 1674; x_wconf 89' lang='lat' dir='ltr'>Dei</span> <span class='ocrx_word' id='word_1_222' title='bbox 279 1644 311 1674; x_wconf 91' lang='lat' dir='ltr'>in</span> <span class='ocrx_word' id='word_1_223' title='bbox 335 1644 467 1675; x_wconf 84' lang='lat' dir='ltr'>mundo.</span> <span class='ocrx_word' id='word_1_224' title='bbox 513 1643 612 1681; x_wconf 84' lang='lat' dir='ltr'><strong>Item,</strong></span> <span class='ocrx_word' id='word_1_225' title='bbox 647 1643 742 1674; x_wconf 84' lang='lat' dir='ltr'>iussit</span> <span class='ocrx_word' id='word_1_226' title='bbox 771 1641 996 1674; x_wconf 76' lang='lat' dir='ltr'>Bacchanalia</span> <span class='ocrx_word' id='word_1_227' title='bbox 1015 1640 1172 1671; x_wconf 79' lang='lat' dir='ltr'>Hieroso-</span> 
     </span>
     <span class='ocr_line' id='line_1_35' title="bbox 191 1682 1174 1728; baseline -0.004 -11"><span class='ocrx_word' id='word_1_228' title='bbox 191 1686 289 1728; x_wconf 66' lang='lat' dir='ltr'>lymis</span> <span class='ocrx_word' id='word_1_229' title='bbox 325 1685 508 1724; x_wconf 82' lang='lat' dir='ltr'>celebrari,</span> <span class='ocrx_word' id='word_1_230' title='bbox 542 1687 598 1718; x_wconf 89' lang='lat' dir='ltr'>ubi</span> <span class='ocrx_word' id='word_1_231' title='bbox 633 1686 674 1717; x_wconf 89' lang='grc'>14</span> <span class='ocrx_word' id='word_1_232' title='bbox 708 1686 825 1717; x_wconf 85' lang='lat' dir='ltr'>diebus</span> <span class='ocrx_word' id='word_1_233' title='bbox 858 1684 1008 1727; x_wconf 77' lang='lat' dir='ltr'>permixti</span> <span class='ocrx_word' id='word_1_234' title='bbox 1041 1682 1174 1715; x_wconf 71' lang='lat' dir='ltr'>suerunt</span> 
     </span>
     <span class='ocr_line' id='line_1_36' title="bbox 192 1729 1172 1766; baseline -0.004 -6"><span class='ocrx_word' id='word_1_235' title='bbox 192 1730 254 1760; x_wconf 60' lang='lat' dir='ltr'>viri</span> <span class='ocrx_word' id='word_1_236' title='bbox 288 1735 320 1761; x_wconf 87' lang='lat' dir='ltr'>et</span> <span class='ocrx_word' id='word_1_237' title='bbox 354 1729 526 1761; x_wconf 80' lang='lat' dir='ltr'>mulieres:</span> <span class='ocrx_word' id='word_1_238' title='bbox 561 1730 625 1759; x_wconf 73' lang='lat' dir='ltr'>mul</span> <span class='ocrx_word' id='word_1_239' title='bbox 658 1731 700 1759; x_wconf 69' lang='lat' dir='ltr'>ist</span> <span class='ocrx_word' id='word_1_240' title='bbox 734 1731 783 1759; x_wconf 82' lang='lat' dir='ltr'>ein</span> <span class='ocrx_word' id='word_1_241' title='bbox 816 1733 894 1758; x_wconf 57' lang='lat' dir='ltr'>wast</span> <span class='ocrx_word' id='word_1_242' title='bbox 923 1729 1002 1766; x_wconf 66' lang='grc' dir='ltr'>(Ιίιιῃ</span> <span class='ocrx_word' id='word_1_243' title='bbox 1024 1736 1172 1766; x_wconf 69' lang='lat' dir='ltr'>yemesen.</span> 
     </span>
     <span class='ocr_line' id='line_1_37' title="bbox 191 1768 1172 1815; baseline -0.004 -11"><span class='ocrx_word' id='word_1_244' title='bbox 191 1772 319 1804; x_wconf 76' lang='lat' dir='ltr'>Romae</span> <span class='ocrx_word' id='word_1_245' title='bbox 343 1784 416 1804; x_wconf 77' lang='lat' dir='ltr'>cum</span> <span class='ocrx_word' id='word_1_246' title='bbox 445 1771 543 1815; x_wconf 82' lang='lat' dir='ltr'>aliqui</span> <span class='ocrx_word' id='word_1_247' title='bbox 578 1773 804 1814; x_wconf 75' lang='lat' dir='ltr'>incoepissent</span> <span class='ocrx_word' id='word_1_248' title='bbox 826 1769 1052 1804; x_wconf 80' lang='lat' dir='ltr'>Bacchanalia</span> <span class='ocrx_word' id='word_1_249' title='bbox 1085 1768 1172 1801; x_wconf 88' lang='lat' dir='ltr'>cele-</span> 
     </span>
     <span class='ocr_line' id='line_1_38' title="bbox 193 1814 1172 1857; baseline -0.004 -9"><span class='ocrx_word' id='word_1_250' title='bbox 193 1817 302 1851; x_wconf 85' lang='lat' dir='ltr'>brare,</span> <span class='ocrx_word' id='word_1_251' title='bbox 328 1822 377 1847; x_wconf 85' lang='lat' dir='ltr'>est</span> <span class='ocrx_word' id='word_1_252' title='bbox 401 1815 535 1857; x_wconf 82' lang='lat' dir='ltr'>publica</span> <span class='ocrx_word' id='word_1_253' title='bbox 559 1815 799 1848; x_wconf 72' lang='lat' dir='ltr'>deliberatione</span> <span class='ocrx_word' id='word_1_254' title='bbox 832 1816 982 1847; x_wconf 83' lang='lat' dir='ltr'>instituta</span> <span class='ocrx_word' id='word_1_255' title='bbox 1004 1814 1172 1855; x_wconf 84' lang='lat' dir='ltr'>inquisitio</span> 
     </span>
     <span class='ocr_line' id='line_1_39' title="bbox 194 1856 1172 1902; baseline -0.005 -11"><span class='ocrx_word' id='word_1_256' title='bbox 194 1860 237 1891; x_wconf 89' lang='lat' dir='ltr'>de</span> <span class='ocrx_word' id='word_1_257' title='bbox 260 1860 464 1891; x_wconf 79' lang='lat' dir='ltr'>auctoribus.</span> <span class='ocrx_word' id='word_1_258' title='bbox 510 1860 675 1902; x_wconf 73' lang='lat' dir='ltr'>Cogitate,</span> <span class='ocrx_word' id='word_1_259' title='bbox 709 1858 817 1901; x_wconf 86' lang='lat' dir='ltr'>qualis</span> <span class='ocrx_word' id='word_1_260' title='bbox 846 1857 943 1890; x_wconf 77' lang='lat' dir='ltr'>suerit</span> <span class='ocrx_word' id='word_1_261' title='bbox 977 1856 1073 1888; x_wconf 88' lang='lat' dir='ltr'>dolor</span> <span class='ocrx_word' id='word_1_262' title='bbox 1095 1866 1172 1887; x_wconf 88' lang='lat' dir='ltr'>san-</span> 
     </span>
     <span class='ocr_line' id='line_1_40' title="bbox 194 1900 1170 1944; baseline -0.005 -10"><span class='ocrx_word' id='word_1_263' title='bbox 194 1903 269 1940; x_wconf 58' lang='lat' dir='ltr'>cete,</span> <span class='ocrx_word' id='word_1_264' title='bbox 292 1904 345 1944; x_wconf 88' lang='lat' dir='ltr'>qui</span> <span class='ocrx_word' id='word_1_265' title='bbox 369 1903 432 1934; x_wconf 79' lang='lat' dir='ltr'>ista</span> <span class='ocrx_word' id='word_1_266' title='bbox 454 1904 618 1934; x_wconf 84' lang='lat' dir='ltr'>viderunt.</span> <span class='ocrx_word' id='word_1_267' title='bbox 663 1902 770 1934; x_wconf 86' lang='lat' dir='ltr'>Etiam</span> <span class='ocrx_word' id='word_1_268' title='bbox 804 1903 837 1933; x_wconf 92' lang='lat' dir='ltr'>in</span> <span class='ocrx_word' id='word_1_269' title='bbox 860 1901 1017 1943; x_wconf 78' lang='lat' dir='ltr'>Euripide</span> <span class='ocrx_word' id='word_1_270' title='bbox 1040 1900 1170 1937; x_wconf 82' lang='lat' dir='ltr'>videtis,</span> 
     </span>
     <span class='ocr_line' id='line_1_41' title="bbox 196 1944 1171 1982; baseline -0.005 -5"><span class='ocrx_word' id='word_1_271' title='bbox 196 1945 349 1977; x_wconf 79' lang='lat' dir='ltr'>Graecos</span> <span class='ocrx_word' id='word_1_272' title='bbox 373 1946 590 1977; x_wconf 68' lang='lat' dir='ltr'>abhorruisse</span> <span class='ocrx_word' id='word_1_273' title='bbox 613 1947 653 1977; x_wconf 86' lang='lat' dir='ltr'>ab</span> <span class='ocrx_word' id='word_1_274' title='bbox 677 1946 742 1977; x_wconf 87' lang='lat' dir='ltr'>hoc</span> <span class='ocrx_word' id='word_1_275' title='bbox 770 1944 876 1982; x_wconf 73' lang='lat' dir='ltr'>festo3</span> <span class='ocrx_word' id='word_1_276' title='bbox 911 1944 1029 1976; x_wconf 89' lang='lat' dir='ltr'>deinde</span> <span class='ocrx_word' id='word_1_277' title='bbox 1062 1948 1171 1974; x_wconf 84' lang='lat' dir='ltr'>tamen</span> 
     </span>
     <span class='ocr_line' id='line_1_42' title="bbox 194 1987 1171 2031; baseline -0.004 -11"><span class='ocrx_word' id='word_1_278' title='bbox 194 1989 426 2030; x_wconf 88' lang='lat' dir='ltr'>permiserunt.</span> <span class='ocrx_word' id='word_1_279' title='bbox 472 1988 636 2031; x_wconf 78' lang='lat' dir='ltr'>Cogitate,</span> <span class='ocrx_word' id='word_1_280' title='bbox 660 1987 758 2030; x_wconf 86' lang='lat' dir='ltr'>quale</span> <span class='ocrx_word' id='word_1_281' title='bbox 781 1987 880 2020; x_wconf 84' lang='lat' dir='ltr'>suerit</span> <span class='ocrx_word' id='word_1_282' title='bbox 908 1987 975 2019; x_wconf 85' lang='lat' dir='ltr'>hoc</span> <span class='ocrx_word' id='word_1_283' title='bbox 998 1991 1171 2028; x_wconf 74' lang='lat' dir='ltr'>spectacu-</span> 
     </span>
     <span class='ocr_line' id='line_1_43' title="bbox 193 2028 1170 2073; baseline -0.005 -9"><span class='ocrx_word' id='word_1_284' title='bbox 193 2032 262 2064; x_wconf 85' lang='lat' dir='ltr'>lum</span> <span class='ocrx_word' id='word_1_285' title='bbox 281 2033 409 2063; x_wconf 75' lang='lat' dir='ltr'>sanctis</span> <span class='ocrx_word' id='word_1_286' title='bbox 432 2030 497 2063; x_wconf 86' lang='lat' dir='ltr'>illis</span> <span class='ocrx_word' id='word_1_287' title='bbox 512 2055 520 2069; x_wconf 85' lang='lat'><strong>‚</strong></span> <span class='ocrx_word' id='word_1_288' title='bbox 557 2032 611 2073; x_wconf 88' lang='lat' dir='ltr'>qui</span> <span class='ocrx_word' id='word_1_289' title='bbox 639 2032 792 2063; x_wconf 80' lang='lat' dir='ltr'>viderunt</span> <span class='ocrx_word' id='word_1_290' title='bbox 825 2029 948 2062; x_wconf 85' lang='lat' dir='ltr'>idolum</span> <span class='ocrx_word' id='word_1_291' title='bbox 981 2030 1014 2061; x_wconf 83' lang='grc' dir='ltr'>ἰιι</span> <span class='ocrx_word' id='word_1_292' title='bbox 1035 2028 1170 2070; x_wconf 70' lang='lat' dir='ltr'>templo,</span> 
     </span>
     <span class='ocr_line' id='line_1_44' title="bbox 193 2072 1171 2116; baseline -0.004 -9"><span class='ocrx_word' id='word_1_293' title='bbox 193 2075 340 2116; x_wconf 76' lang='lat' dir='ltr'>rapinaS,</span> <span class='ocrx_word' id='word_1_294' title='bbox 364 2073 512 2112; x_wconf 82' lang='lat' dir='ltr'>militum,</span> <span class='ocrx_word' id='word_1_295' title='bbox 537 2075 756 2116; x_wconf 81' lang='lat' dir='ltr'>turpitudines</span> <span class='ocrx_word' id='word_1_296' title='bbox 768 2072 1078 2106; x_wconf 80' lang='lat' dir='ltr'>Bacchanaliorum.</span> <span class='ocrx_word' id='word_1_297' title='bbox 1105 2072 1171 2103; x_wconf 68' lang='lat' dir='ltr'>ista</span> 
     </span>
     <span class='ocr_line' id='line_1_45' title="bbox 196 2118 852 2160; baseline -0.002 -10"><span class='ocrx_word' id='word_1_298' title='bbox 196 2118 396 2160; x_wconf 79' lang='lat' dir='ltr'>cogitantes,</span> <span class='ocrx_word' id='word_1_299' title='bbox 420 2119 579 2149; x_wconf 88' lang='lat' dir='ltr'>debemus</span> <span class='ocrx_word' id='word_1_300' title='bbox 603 2118 852 2149; x_wconf 83' lang='lat' dir='ltr'>cohorrescere.</span> 
     </span>
    </p>

    <p class='ocr_par' dir='ltr' id='par_1_7' title="bbox 193 2158 1176 2677">
     <span class='ocr_line' id='line_1_46' title="bbox 280 2158 1172 2192; baseline -0.004 0"><span class='ocrx_word' id='word_1_301' title='bbox 280 2161 407 2192; x_wconf 86' lang='lat' dir='ltr'>Romae</span> <span class='ocrx_word' id='word_1_302' title='bbox 424 2160 524 2192; x_wconf 87' lang='lat' dir='ltr'>hodie</span> <span class='ocrx_word' id='word_1_303' title='bbox 541 2160 769 2192; x_wconf 86' lang='lat' dir='ltr'>adhucminus</span> <span class='ocrx_word' id='word_1_304' title='bbox 792 2160 977 2191; x_wconf 77' lang='lat' dir='ltr'>modestiae</span> <span class='ocrx_word' id='word_1_305' title='bbox 990 2165 1049 2189; x_wconf 70' lang='lat' dir='ltr'>est.</span> <span class='ocrx_word' id='word_1_306' title='bbox 1090 2158 1172 2189; x_wconf 80' lang='lat' dir='ltr'>Sunt</span> 
     </span>
     <span class='ocr_line' id='line_1_47' title="bbox 194 2202 1173 2239; baseline -0.005 -3"><span class='ocrx_word' id='word_1_307' title='bbox 194 2205 238 2237; x_wconf 86' lang='lat' dir='ltr'>ibi</span> <span class='ocrx_word' id='word_1_308' title='bbox 262 2204 493 2236; x_wconf 79' lang='lat' dir='ltr'>invocationes</span> <span class='ocrx_word' id='word_1_309' title='bbox 527 2210 559 2235; x_wconf 87' lang='lat' dir='ltr'>ct</span> <span class='ocrx_word' id='word_1_310' title='bbox 593 2202 703 2235; x_wconf 80' lang='lat' dir='ltr'>cultus</span> <span class='ocrx_word' id='word_1_311' title='bbox 737 2210 938 2236; x_wconf 82' lang='lat' dir='ltr'>sanctorum.</span> <span class='ocrx_word' id='word_1_312' title='bbox 984 2202 1086 2239; x_wconf 79' lang='lat' dir='ltr'>Item,</span> <span class='ocrx_word' id='word_1_313' title='bbox 1121 2207 1173 2232; x_wconf 84' lang='lat' dir='ltr'>est</span> 
     </span>
     <span class='ocr_line' id='line_1_48' title="bbox 193 2245 1172 2288; baseline -0.004 -9"><span class='ocrx_word' id='word_1_314' title='bbox 193 2246 364 2280; x_wconf 77' lang='lat' dir='ltr'>horribilis</span> <span class='ocrx_word' id='word_1_315' title='bbox 389 2245 579 2278; x_wconf 77' lang='lat' dir='ltr'>Idololatria</span> <span class='ocrx_word' id='word_1_316' title='bbox 602 2247 634 2277; x_wconf 87' lang='lat' dir='ltr'>in</span> <span class='ocrx_word' id='word_1_317' title='bbox 659 2247 971 2288; x_wconf 80' lang='lat' dir='ltr'>circumgestatione</span> <span class='ocrx_word' id='word_1_318' title='bbox 993 2246 1101 2286; x_wconf 79' lang='lat' dir='ltr'>panis,</span> <span class='ocrx_word' id='word_1_319' title='bbox 1118 2245 1172 2285; x_wconf 87' lang='lat' dir='ltr'>qui</span> 
     </span>
     <span class='ocr_line' id='line_1_49' title="bbox 195 2289 1171 2331; baseline -0.004 -9"><span class='ocrx_word' id='word_1_320' title='bbox 195 2292 367 2323; x_wconf 84' lang='lat' dir='ltr'>adoratur.</span> <span class='ocrx_word' id='word_1_321' title='bbox 414 2291 481 2322; x_wconf 85' lang='lat' dir='ltr'>Sed</span> <span class='ocrx_word' id='word_1_322' title='bbox 505 2291 582 2331; x_wconf 84' lang='lat' dir='ltr'>quia</span> <span class='ocrx_word' id='word_1_323' title='bbox 605 2290 726 2321; x_wconf 65' lang='lat' dir='ltr'>u-ttata</span> <span class='ocrx_word' id='word_1_324' title='bbox 749 2296 801 2321; x_wconf 84' lang='lat' dir='ltr'>est</span> <span class='ocrx_word' id='word_1_325' title='bbox 823 2291 867 2321; x_wconf 84' lang='lat' dir='ltr'>ibi</span> <span class='ocrx_word' id='word_1_326' title='bbox 890 2300 929 2321; x_wconf 83' lang='lat' dir='ltr'>ea</span> <span class='ocrx_word' id='word_1_327' title='bbox 953 2289 1171 2321; x_wconf 74' lang='lat' dir='ltr'>consuetudo,</span> 
     </span>
     <span class='ocr_line' id='line_1_50' title="bbox 194 2332 1173 2375; baseline -0.004 -10"><span class='ocrx_word' id='word_1_328' title='bbox 194 2333 286 2375; x_wconf 83' lang='lat' dir='ltr'>facit,</span> <span class='ocrx_word' id='word_1_329' title='bbox 310 2340 345 2365; x_wconf 88' lang='lat' dir='ltr'>ut</span> <span class='ocrx_word' id='word_1_330' title='bbox 368 2344 434 2365; x_wconf 90' lang='lat' dir='ltr'>non</span> <span class='ocrx_word' id='word_1_331' title='bbox 459 2333 569 2375; x_wconf 76' lang='lat' dir='ltr'>magni</span> <span class='ocrx_word' id='word_1_332' title='bbox 591 2332 761 2364; x_wconf 73' lang='lat' dir='ltr'>faciamus.</span> <span class='ocrx_word' id='word_1_333' title='bbox 796 2333 937 2368; x_wconf 83' lang='lat' dir='ltr'>Quando</span> <span class='ocrx_word' id='word_1_334' title='bbox 951 2332 1029 2363; x_wconf 77' lang='lat' dir='ltr'>vitia</span> <span class='ocrx_word' id='word_1_335' title='bbox 1052 2332 1173 2362; x_wconf 78' lang='lat' dir='ltr'>abeunt</span> 
     </span>
     <span class='ocr_line' id='line_1_51' title="bbox 194 2374 1173 2418; baseline -0.004 -10"><span class='ocrx_word' id='word_1_336' title='bbox 194 2378 228 2409; x_wconf 88' lang='lat' dir='ltr'>in</span> <span class='ocrx_word' id='word_1_337' title='bbox 250 2387 374 2416; x_wconf 75' lang='lat' dir='ltr'>moreS‚</span> <span class='ocrx_word' id='word_1_338' title='bbox 398 2383 477 2408; x_wconf 90' lang='lat' dir='ltr'>tunc</span> <span class='ocrx_word' id='word_1_339' title='bbox 499 2386 565 2407; x_wconf 90' lang='lat' dir='ltr'>non</span> <span class='ocrx_word' id='word_1_340' title='bbox 588 2377 634 2407; x_wconf 86' lang='lat' dir='ltr'>ita</span> <span class='ocrx_word' id='word_1_341' title='bbox 657 2386 778 2418; x_wconf 87' lang='lat' dir='ltr'>magua</span> <span class='ocrx_word' id='word_1_342' title='bbox 800 2377 970 2413; x_wconf 74' lang='lat' dir='ltr'>videatur,</span> <span class='ocrx_word' id='word_1_343' title='bbox 997 2385 1095 2416; x_wconf 86' lang='lat' dir='ltr'>quam</span> <span class='ocrx_word' id='word_1_344' title='bbox 1118 2374 1173 2405; x_wconf 91' lang='lat' dir='ltr'>ubi</span> 
     </span>
     <span class='ocr_line' id='line_1_52' title="bbox 194 2418 1172 2452; baseline -0.002 -1"><span class='ocrx_word' id='word_1_345' title='bbox 194 2430 262 2451; x_wconf 87' lang='lat' dir='ltr'>non</span> <span class='ocrx_word' id='word_1_346' title='bbox 293 2427 370 2451; x_wconf 89' lang='lat' dir='ltr'>sunt</span> <span class='ocrx_word' id='word_1_347' title='bbox 403 2421 536 2452; x_wconf 62' lang='lat' dir='ltr'>usitata.</span> <span class='ocrx_word' id='word_1_348' title='bbox 594 2418 809 2450; x_wconf 81' lang='lat' dir='ltr'>Consuetudo</span> <span class='ocrx_word' id='word_1_349' title='bbox 843 2418 974 2450; x_wconf 80' lang='lat' dir='ltr'>hebetat</span> <span class='ocrx_word' id='word_1_350' title='bbox 1009 2418 1172 2449; x_wconf 85' lang='lat' dir='ltr'>iudicium.</span> 
     </span>
     <span class='ocr_line' id='line_1_53' title="bbox 196 2460 1176 2504; baseline -0.004 -9"><span class='ocrx_word' id='word_1_351' title='bbox 196 2462 349 2504; x_wconf 83' lang='lat' dir='ltr'>Cogitate</span> <span class='ocrx_word' id='word_1_352' title='bbox 372 2464 413 2494; x_wconf 88' lang='lat' dir='ltr'>de</span> <span class='ocrx_word' id='word_1_353' title='bbox 435 2465 499 2495; x_wconf 81' lang='lat' dir='ltr'>ista</span> <span class='ocrx_word' id='word_1_354' title='bbox 523 2463 665 2502; x_wconf 84' lang='lat' dir='ltr'>miseria,</span> <span class='ocrx_word' id='word_1_355' title='bbox 678 2462 852 2493; x_wconf 87' lang='lat' dir='ltr'>triennium</span> <span class='ocrx_word' id='word_1_356' title='bbox 866 2461 1013 2502; x_wconf 78' lang='lat' dir='ltr'>conspici</span> <span class='ocrx_word' id='word_1_357' title='bbox 1037 2461 1068 2492; x_wconf 88' lang='lat' dir='ltr'>in</span> <span class='ocrx_word' id='word_1_358' title='bbox 1092 2460 1176 2493; x_wconf 78' lang='lat' dir='ltr'>urbe</span> 
     </span>
     <span class='ocr_line' id='line_1_54' title="bbox 196 2502 1175 2548; baseline -0.002 -12"><span class='ocrx_word' id='word_1_359' title='bbox 196 2512 314 2538; x_wconf 85' lang='lat' dir='ltr'>sancta</span> <span class='ocrx_word' id='word_1_360' title='bbox 337 2505 473 2546; x_wconf 84' lang='lat' dir='ltr'>idolum,</span> <span class='ocrx_word' id='word_1_361' title='bbox 507 2507 653 2548; x_wconf 82' lang='lat' dir='ltr'>rapinas,</span> <span class='ocrx_word' id='word_1_362' title='bbox 675 2504 841 2544; x_wconf 79' lang='lat' dir='ltr'>libidines,</span> <span class='ocrx_word' id='word_1_363' title='bbox 874 2502 1118 2541; x_wconf 81' lang='lat' dir='ltr'>Bacchanalia,</span> <span class='ocrx_word' id='word_1_364' title='bbox 1142 2509 1175 2535; x_wconf 86' lang='lat' dir='ltr'>et</span> 
     </span>
     <span class='ocr_line' id='line_1_55' title="bbox 195 2547 1174 2588; baseline -0.002 -9"><span class='ocrx_word' id='word_1_365' title='bbox 195 2550 350 2580; x_wconf 83' lang='lat' dir='ltr'>assiduas</span> <span class='ocrx_word' id='word_1_366' title='bbox 371 2551 492 2581; x_wconf 83' lang='lat' dir='ltr'>caedes</span> <span class='ocrx_word' id='word_1_367' title='bbox 514 2560 640 2581; x_wconf 87' lang='lat' dir='ltr'>senum.</span> <span class='ocrx_word' id='word_1_368' title='bbox 692 2549 760 2585; x_wconf 78' lang='lat' dir='ltr'>Res</span> <span class='ocrx_word' id='word_1_369' title='bbox 794 2554 845 2580; x_wconf 78' lang='lat' dir='ltr'>est</span> <span class='ocrx_word' id='word_1_370' title='bbox 878 2548 1050 2584; x_wconf 79' lang='lat' dir='ltr'>miranda,</span> <span class='ocrx_word' id='word_1_371' title='bbox 1085 2547 1174 2588; x_wconf 85' lang='lat' dir='ltr'>quod</span> 
     </span>
     <span class='ocr_line' id='line_1_56' title="bbox 195 2591 985 2633; baseline -0.003 -10"><span class='ocrx_word' id='word_1_372' title='bbox 195 2591 346 2624; x_wconf 83' lang='lat' dir='ltr'>homiues</span> <span class='ocrx_word' id='word_1_373' title='bbox 370 2594 414 2624; x_wconf 85' lang='lat' dir='ltr'>ita</span> <span class='ocrx_word' id='word_1_374' title='bbox 437 2594 648 2625; x_wconf 85' lang='lat' dir='ltr'>abducuntur</span> <span class='ocrx_word' id='word_1_375' title='bbox 679 2593 721 2624; x_wconf 90' lang='lat' dir='ltr'>ab</span> <span class='ocrx_word' id='word_1_376' title='bbox 755 2591 985 2633; x_wconf 78' lang='lat' dir='ltr'>turpitudines.</span> 
     </span>
     <span class='ocr_line' id='line_1_57' title="bbox 197 2634 1174 2677; baseline -0.003 -11"><span class='ocrx_word' id='word_1_377' title='bbox 197 2636 276 2667; x_wconf 85' lang='lat' dir='ltr'>dent</span> <span class='ocrx_word' id='word_1_378' title='bbox 299 2636 364 2667; x_wconf 75' lang='lat' dir='ltr'>ista</span> <span class='ocrx_word' id='word_1_379' title='bbox 386 2646 503 2677; x_wconf 86' lang='lat' dir='ltr'>prope,</span> <span class='ocrx_word' id='word_1_380' title='bbox 525 2643 581 2668; x_wconf 84' lang='lat' dir='ltr'>aut</span> <span class='ocrx_word' id='word_1_381' title='bbox 603 2636 781 2677; x_wconf 85' lang='lat' dir='ltr'>patiuntur,</span> <span class='ocrx_word' id='word_1_382' title='bbox 805 2635 825 2666; x_wconf 92' lang='lat' dir='ltr'>ii</span> <span class='ocrx_word' id='word_1_383' title='bbox 849 2634 956 2675; x_wconf 86' lang='lat' dir='ltr'>magis</span> <span class='ocrx_word' id='word_1_384' title='bbox 980 2644 1019 2665; x_wconf 90' lang='lat' dir='ltr'>eo</span> <span class='ocrx_word' id='word_1_385' title='bbox 1043 2642 1174 2663; x_wconf 90' lang='lat' dir='ltr'>moven-</span> 
     </span>
    </p>
   </div>
   <div class='ocr_carea' id='block_1_5' title="bbox 828 164 1573 199">
    <p class='ocr_par' dir='ltr' id='par_1_8' title="bbox 828 164 1573 199">
     <span class='ocr_line' id='line_1_58' title="bbox 828 164 1573 199; baseline 0.003 -2"><span class='ocrx_word' id='word_1_386' title='bbox 828 166 942 198; x_wconf 81' lang='lat' dir='ltr'>PntL.</span> <span class='ocrx_word' id='word_1_387' title='bbox 965 165 1070 198; x_wconf 80' lang='lat' dir='ltr'>MEL.</span> <span class='ocrx_word' id='word_1_388' title='bbox 1098 164 1285 197; x_wconf 70' lang='lat' dir='ltr'>SCRIPTA</span> <span class='ocrx_word' id='word_1_389' title='bbox 1309 166 1573 199; x_wconf 73' lang='lat' dir='ltr'>EXEGETICA.</span> 
     </span>
    </p>
   </div>
   <div class='ocr_carea' id='block_1_6' title="bbox 1199 259 1206 381">
    <p class='ocr_par' dir='ltr' id='par_1_9' title="bbox 1199 259 1206 381">
     <span class='ocr_line' id='line_1_59' title="bbox 1199 259 1206 381; baseline 0 2589"><span class='ocrx_word' id='word_1_390' title='bbox 1199 259 1206 381; x_wconf 95' lang='lat' dir='ltr'> </span> 
     </span>
    </p>
   </div>
   <div class='ocr_carea' id='block_1_7' title="bbox 2143 172 2208 206">
    <p class='ocr_par' dir='ltr' id='par_1_10' title="bbox 2143 172 2208 206">
     <span class='ocr_line' id='line_1_60' title="bbox 2143 172 2208 206; baseline 0.031 -2"><span class='ocrx_word' id='word_1_391' title='bbox 2143 172 2208 206; x_wconf 74' lang='lat'>884</span> 
     </span>
    </p>
   </div>
   <div class='ocr_carea' id='block_1_8' title="bbox 1224 262 2206 1121">
    <p class='ocr_par' dir='ltr' id='par_1_11' title="bbox 1225 262 2206 810">
     <span class='ocr_line' id='line_1_61' title="bbox 1229 262 2206 306; baseline 0.008 -15"><span class='ocrx_word' id='word_1_392' title='bbox 1229 267 1299 298; x_wconf 78' lang='lat' dir='ltr'>tut-3</span> <span class='ocrx_word' id='word_1_393' title='bbox 1322 262 1377 303; x_wconf 91' lang='lat' dir='ltr'>qui</span> <span class='ocrx_word' id='word_1_394' title='bbox 1400 271 1466 292; x_wconf 83' lang='lat' dir='ltr'>non</span> <span class='ocrx_word' id='word_1_395' title='bbox 1490 272 1601 293; x_wconf 83' lang='lat' dir='ltr'>coram</span> <span class='ocrx_word' id='word_1_396' title='bbox 1625 263 1822 304; x_wconf 78' lang='lat' dir='ltr'>adspiciunt,</span> <span class='ocrx_word' id='word_1_397' title='bbox 1847 275 1907 296; x_wconf 86' lang='lat' dir='ltr'>nec</span> <span class='ocrx_word' id='word_1_398' title='bbox 1931 265 2115 306; x_wconf 84' lang='lat' dir='ltr'>patiuntur,</span> <span class='ocrx_word' id='word_1_399' title='bbox 2150 269 2206 299; x_wconf 87' lang='lat' dir='ltr'>mi-</span> 
     </span>
     <span class='ocr_line' id='line_1_62' title="bbox 1228 304 2206 349; baseline 0.006 -14"><span class='ocrx_word' id='word_1_400' title='bbox 1228 315 1290 335; x_wconf 85' lang='lat' dir='ltr'>nus</span> <span class='ocrx_word' id='word_1_401' title='bbox 1314 304 1365 336; x_wconf 76' lang='lat' dir='ltr'>liis</span> <span class='ocrx_word' id='word_1_402' title='bbox 1400 306 1501 336; x_wconf 79' lang='lat' dir='ltr'>rebus</span> <span class='ocrx_word' id='word_1_403' title='bbox 1536 312 1720 337; x_wconf 84' lang='lat' dir='ltr'>moventur.</span> <span class='ocrx_word' id='word_1_404' title='bbox 1771 307 1921 347; x_wconf 58' lang='lat' dir='ltr'>Cogitate</span> <span class='ocrx_word' id='word_1_405' title='bbox 1956 319 2095 349; x_wconf 89' lang='lat' dir='ltr'>poenam</span> <span class='ocrx_word' id='word_1_406' title='bbox 2130 320 2206 342; x_wconf 82' lang='lat' dir='ltr'>esse</span> 
     </span>
     <span class='ocr_line' id='line_1_63' title="bbox 1228 347 2206 393; baseline 0.008 -16"><span class='ocrx_word' id='word_1_407' title='bbox 1228 354 1362 389; x_wconf 87' lang='lat' dir='ltr'>propter</span> <span class='ocrx_word' id='word_1_408' title='bbox 1385 354 1534 388; x_wconf 79' lang='lat' dir='ltr'>peccata,</span> <span class='ocrx_word' id='word_1_409' title='bbox 1559 356 1590 379; x_wconf 89' lang='lat' dir='ltr'>ut</span> <span class='ocrx_word' id='word_1_410' title='bbox 1617 347 1737 380; x_wconf 78' lang='lat' dir='ltr'>Daniel</span> <span class='ocrx_word' id='word_1_411' title='bbox 1760 347 1879 392; x_wconf 76' lang='lat' dir='ltr'>inquit,</span> <span class='ocrx_word' id='word_1_412' title='bbox 1909 359 2044 393; x_wconf 85' lang='lat' dir='ltr'>propter</span> <span class='ocrx_word' id='word_1_413' title='bbox 2065 360 2206 393; x_wconf 72' lang='lat' dir='ltr'>peccata</span> 
     </span>
     <span class='ocr_line' id='line_1_64' title="bbox 1228 389 2205 436; baseline 0.007 -16"><span class='ocrx_word' id='word_1_414' title='bbox 1228 389 1339 432; x_wconf 81' lang='lat' dir='ltr'>populi</span> <span class='ocrx_word' id='word_1_415' title='bbox 1364 391 1428 422; x_wconf 84' lang='lat' dir='ltr'>ista</span> <span class='ocrx_word' id='word_1_416' title='bbox 1452 392 1657 423; x_wconf 69' lang='lat' dir='ltr'>acciderunt.</span> <span class='ocrx_word' id='word_1_417' title='bbox 1702 393 1774 423; x_wconf 80' lang='lat' dir='ltr'>Nos</span> <span class='ocrx_word' id='word_1_418' title='bbox 1797 393 1918 436; x_wconf 80' lang='lat' dir='ltr'>singuli</span> <span class='ocrx_word' id='word_1_419' title='bbox 1931 396 2070 426; x_wconf 73' lang='lat' dir='ltr'>vivimus</span> <span class='ocrx_word' id='word_1_420' title='bbox 2084 398 2205 435; x_wconf 84' lang='lat' dir='ltr'>securi,</span> 
     </span>
     <span class='ocr_line' id='line_1_65' title="bbox 1228 433 2205 480; baseline 0.006 -16"><span class='ocrx_word' id='word_1_421' title='bbox 1228 440 1259 464; x_wconf 83' lang='lat' dir='ltr'>et</span> <span class='ocrx_word' id='word_1_422' title='bbox 1284 433 1490 466; x_wconf 79' lang='lat' dir='ltr'>cumulamus</span> <span class='ocrx_word' id='word_1_423' title='bbox 1515 442 1664 475; x_wconf 84' lang='lat' dir='ltr'>peccata,</span> <span class='ocrx_word' id='word_1_424' title='bbox 1692 434 1898 478; x_wconf 75' lang='lat' dir='ltr'>indulgemus</span> <span class='ocrx_word' id='word_1_425' title='bbox 1935 439 2047 478; x_wconf 74' lang='lat' dir='ltr'>pravis</span> <span class='ocrx_word' id='word_1_426' title='bbox 2084 440 2205 480; x_wconf 87' lang='lat' dir='ltr'>cupidi-</span> 
     </span>
     <span class='ocr_line' id='line_1_66' title="bbox 1228 478 2205 524; baseline 0.007 -17"><span class='ocrx_word' id='word_1_427' title='bbox 1228 478 1360 515; x_wconf 85' lang='lat' dir='ltr'>tatibus,</span> <span class='ocrx_word' id='word_1_428' title='bbox 1384 478 1458 508; x_wconf 89' lang='lat' dir='ltr'>ideo</span> <span class='ocrx_word' id='word_1_429' title='bbox 1484 478 1617 508; x_wconf 79' lang='lat' dir='ltr'>veniunt</span> <span class='ocrx_word' id='word_1_430' title='bbox 1642 489 1780 519; x_wconf 85' lang='lat' dir='ltr'>poenae.</span> <span class='ocrx_word' id='word_1_431' title='bbox 1826 479 1892 511; x_wconf 85' lang='lat' dir='ltr'>Sed</span> <span class='ocrx_word' id='word_1_432' title='bbox 1912 487 1947 511; x_wconf 91' lang='lat' dir='ltr'>ut</span> <span class='ocrx_word' id='word_1_433' title='bbox 1966 479 2205 524; x_wconf 70' lang='lat' dir='ltr'>latrones-quo-</span> 
     </span>
     <span class='ocr_line' id='line_1_67' title="bbox 1228 519 2204 564; baseline 0.006 -14"><span class='ocrx_word' id='word_1_434' title='bbox 1228 530 1292 561; x_wconf 81' lang='lat' dir='ltr'>que</span> <span class='ocrx_word' id='word_1_435' title='bbox 1316 527 1451 552; x_wconf 79' lang='lat' dir='ltr'>ottrrmtt</span> <span class='ocrx_word' id='word_1_436' title='bbox 1474 521 1505 551; x_wconf 91' lang='lat' dir='ltr'>in</span> <span class='ocrx_word' id='word_1_437' title='bbox 1530 519 1662 562; x_wconf 84' lang='lat' dir='ltr'>templa,</span> <span class='ocrx_word' id='word_1_438' title='bbox 1685 522 1730 553; x_wconf 85' lang='lat' dir='ltr'>ita</span> <span class='ocrx_word' id='word_1_439' title='bbox 1753 532 1815 553; x_wconf 83' lang='lat' dir='ltr'>nos</span> <span class='ocrx_word' id='word_1_440' title='bbox 1846 522 2010 564; x_wconf 79' lang='lat' dir='ltr'>fugiamus</span> <span class='ocrx_word' id='word_1_441' title='bbox 2034 525 2066 555; x_wconf 92' lang='lat' dir='ltr'>in</span> <span class='ocrx_word' id='word_1_442' title='bbox 2090 524 2204 557; x_wconf 77' lang='lat' dir='ltr'>Eccle-</span> 
     </span>
     <span class='ocr_line' id='line_1_68' title="bbox 1228 564 2205 610; baseline 0.007 -18"><span class='ocrx_word' id='word_1_443' title='bbox 1228 564 1321 601; x_wconf 86' lang='lat' dir='ltr'>siam,</span> <span class='ocrx_word' id='word_1_444' title='bbox 1346 570 1377 594; x_wconf 86' lang='lat' dir='ltr'>et</span> <span class='ocrx_word' id='word_1_445' title='bbox 1401 571 1565 604; x_wconf 76' lang='lat' dir='ltr'>petamus,</span> <span class='ocrx_word' id='word_1_446' title='bbox 1589 572 1622 595; x_wconf 88' lang='lat' dir='ltr'>ut</span> <span class='ocrx_word' id='word_1_447' title='bbox 1652 565 1694 596; x_wconf 84' lang='lat' dir='ltr'>sit</span> <span class='ocrx_word' id='word_1_448' title='bbox 1729 564 1840 607; x_wconf 85' lang='lat' dir='ltr'>aliqua</span> <span class='ocrx_word' id='word_1_449' title='bbox 1863 565 2037 604; x_wconf 74' lang='lat' dir='ltr'>Ecclesia,</span> <span class='ocrx_word' id='word_1_450' title='bbox 2072 568 2104 598; x_wconf 91' lang='lat' dir='ltr'>in</span> <span class='ocrx_word' id='word_1_451' title='bbox 2139 579 2205 610; x_wconf 83' lang='lat' dir='ltr'>qua</span> 
     </span>
     <span class='ocr_line' id='line_1_69' title="bbox 1227 605 2203 653; baseline 0.007 -17"><span class='ocrx_word' id='word_1_452' title='bbox 1227 605 1321 637; x_wconf 81' lang='lat' dir='ltr'>Deus</span> <span class='ocrx_word' id='word_1_453' title='bbox 1344 613 1479 648; x_wconf 80' lang='lat' dir='ltr'>propter</span> <span class='ocrx_word' id='word_1_454' title='bbox 1513 606 1654 648; x_wconf 82' lang='lat' dir='ltr'>gloriam</span> <span class='ocrx_word' id='word_1_455' title='bbox 1688 618 1782 639; x_wconf 81' lang='lat' dir='ltr'>suam</span> <span class='ocrx_word' id='word_1_456' title='bbox 1815 610 2009 647; x_wconf 71' lang='lat' dir='ltr'>invocetur,</span> <span class='ocrx_word' id='word_1_457' title='bbox 2032 621 2073 641; x_wconf 91' lang='lat' dir='ltr'>ne</span> <span class='ocrx_word' id='word_1_458' title='bbox 2097 621 2203 653; x_wconf 82' lang='lat' dir='ltr'>genus</span> 
     </span>
     <span class='ocr_line' id='line_1_70' title="bbox 1228 648 2203 686; baseline 0.006 -7"><span class='ocrx_word' id='word_1_459' title='bbox 1228 648 1402 681; x_wconf 81' lang='lat' dir='ltr'>humanum</span> <span class='ocrx_word' id='word_1_460' title='bbox 1428 650 1461 680; x_wconf 76' lang='lat' dir='ltr'>fit</span> <span class='ocrx_word' id='word_1_461' title='bbox 1485 649 1593 682; x_wconf 79' lang='lat' dir='ltr'>fructa</span> <span class='ocrx_word' id='word_1_462' title='bbox 1617 651 1796 682; x_wconf 88' lang='lat' dir='ltr'>conditum.</span> <span class='ocrx_word' id='word_1_463' title='bbox 1843 651 2000 683; x_wconf 79' lang='lat' dir='ltr'>Profecto</span> <span class='ocrx_word' id='word_1_464' title='bbox 2023 653 2086 684; x_wconf 73' lang='lat' dir='ltr'>ista</span> <span class='ocrx_word' id='word_1_465' title='bbox 2111 664 2203 686; x_wconf 84' lang='lat' dir='ltr'>sccu-</span> 
     </span>
     <span class='ocr_line' id='line_1_71' title="bbox 1227 693 2202 737; baseline 0.003 -14"><span class='ocrx_word' id='word_1_466' title='bbox 1227 693 1307 723; x_wconf 69' lang='lat' dir='ltr'>ritas</span> <span class='ocrx_word' id='word_1_467' title='bbox 1331 693 1465 723; x_wconf 85' lang='lat' dir='ltr'>attrahit</span> <span class='ocrx_word' id='word_1_468' title='bbox 1488 704 1633 734; x_wconf 88' lang='lat' dir='ltr'>poenas,</span> <span class='ocrx_word' id='word_1_469' title='bbox 1668 694 1720 722; x_wconf 75' lang='lat' dir='ltr'>die</span> <span class='ocrx_word' id='word_1_470' title='bbox 1753 694 1834 725; x_wconf 79' lang='lat' dir='ltr'>lente</span> <span class='ocrx_word' id='word_1_471' title='bbox 1868 697 1988 724; x_wconf 69' lang='lat' dir='ltr'>werden</span> <span class='ocrx_word' id='word_1_472' title='bbox 2012 697 2202 737; x_wconf 71' lang='lat' dir='ltr'>niullcwu&#39;lle’y,</span> 
     </span>
     <span class='ocr_line' id='line_1_72' title="bbox 1226 736 2203 777; baseline 0.007 -12"><span class='ocrx_word' id='word_1_473' title='bbox 1226 736 1337 766; x_wconf 77' lang='lat' dir='ltr'>audita</span> <span class='ocrx_word' id='word_1_474' title='bbox 1361 736 1511 767; x_wconf 78' lang='lat' dir='ltr'>doctrina</span> <span class='ocrx_word' id='word_1_475' title='bbox 1535 738 1576 768; x_wconf 89' lang='lat' dir='ltr'>de</span> <span class='ocrx_word' id='word_1_476' title='bbox 1598 736 1752 768; x_wconf 88' lang='lat' dir='ltr'>libertate</span> <span class='ocrx_word' id='word_1_477' title='bbox 1764 736 1963 777; x_wconf 72' lang='lat' dir='ltr'>Christiana,</span> <span class='ocrx_word' id='word_1_478' title='bbox 1986 739 2093 771; x_wconf 87' lang='lat' dir='ltr'>donec</span> <span class='ocrx_word' id='word_1_479' title='bbox 2107 739 2203 772; x_wconf 83' lang='lat' dir='ltr'>Deus</span> 
     </span>
     <span class='ocr_line' id='line_1_73' title="bbox 1225 777 2190 810; baseline 0.004 -2"><span class='ocrx_word' id='word_1_480' title='bbox 1225 777 1325 809; x_wconf 68' lang='lat' dir='ltr'>saciat</span> <span class='ocrx_word' id='word_1_481' title='bbox 1349 778 1457 810; x_wconf 74' lang='lat' dir='ltr'>linem.</span> <span class='ocrx_word' id='word_1_482' title='bbox 2184 780 2190 784; x_wconf 57' lang='lat'><em>⁴</em></span> 
     </span>
    </p>

    <p class='ocr_par' dir='ltr' id='par_1_12' title="bbox 1224 821 2204 1121">
     <span class='ocr_line' id='line_1_74' title="bbox 1313 821 2203 867; baseline 0.007 -16"><span class='ocrx_word' id='word_1_483' title='bbox 1313 821 1404 853; x_wconf 81' lang='lat' dir='ltr'>llaec</span> <span class='ocrx_word' id='word_1_484' title='bbox 1427 823 1468 863; x_wconf 84' lang='lat' dir='ltr'>pii</span> <span class='ocrx_word' id='word_1_485' title='bbox 1495 823 1718 861; x_wconf 66' lang='lat' dir='ltr'>considerent,</span> <span class='ocrx_word' id='word_1_486' title='bbox 1742 829 1773 854; x_wconf 77' lang='lat' dir='ltr'>et</span> <span class='ocrx_word' id='word_1_487' title='bbox 1797 825 1983 855; x_wconf 80' lang='lat' dir='ltr'>exuscitent</span> <span class='ocrx_word' id='word_1_488' title='bbox 2007 834 2045 856; x_wconf 86' lang='lat' dir='ltr'>se</span> <span class='ocrx_word' id='word_1_489' title='bbox 2068 826 2108 856; x_wconf 87' lang='lat' dir='ltr'>ad</span> <span class='ocrx_word' id='word_1_490' title='bbox 2133 836 2203 867; x_wconf 85' lang='lat' dir='ltr'>pre-</span> 
     </span>
     <span class='ocr_line' id='line_1_75' title="bbox 1227 865 2204 910; baseline 0.005 -15"><span class='ocrx_word' id='word_1_491' title='bbox 1227 865 1376 896; x_wconf 77' lang='lat' dir='ltr'>cationes</span> <span class='ocrx_word' id='word_1_492' title='bbox 1401 871 1431 896; x_wconf 87' lang='lat' dir='ltr'>ct</span> <span class='ocrx_word' id='word_1_493' title='bbox 1456 866 1608 907; x_wconf 74' lang='lat' dir='ltr'>gemitus.</span> <span class='ocrx_word' id='word_1_494' title='bbox 1653 865 1746 897; x_wconf 80' lang='lat' dir='ltr'>Deus</span> <span class='ocrx_word' id='word_1_495' title='bbox 1778 867 1810 897; x_wconf 84' lang='lat' dir='ltr'>in</span> <span class='ocrx_word' id='word_1_496' title='bbox 1835 866 2010 898; x_wconf 84' lang='lat' dir='ltr'>Ezechiele</span> <span class='ocrx_word' id='word_1_497' title='bbox 2043 869 2204 910; x_wconf 79' lang='lat' dir='ltr'>praecipit</span> 
     </span>
     <span class='ocr_line' id='line_1_76' title="bbox 1226 907 2204 950; baseline 0.005 -13"><span class='ocrx_word' id='word_1_498' title='bbox 1226 907 1357 949; x_wconf 76' lang='lat' dir='ltr'>Angelo</span> <span class='ocrx_word' id='word_1_499' title='bbox 1381 908 1566 940; x_wconf 81' lang='lat' dir='ltr'>interlicere</span> <span class='ocrx_word' id='word_1_500' title='bbox 1590 909 1622 939; x_wconf 90' lang='lat' dir='ltr'>in</span> <span class='ocrx_word' id='word_1_501' title='bbox 1645 908 1768 950; x_wconf 84' lang='lat' dir='ltr'>templo</span> <span class='ocrx_word' id='word_1_502' title='bbox 1793 920 1907 941; x_wconf 83' lang='lat' dir='ltr'>omnes</span> <span class='ocrx_word' id='word_1_503' title='bbox 1920 909 2204 950; x_wconf 80' lang='lat' dir='ltr'>IdololatraS,scd</span> 
     </span>
     <span class='ocr_line' id='line_1_77' title="bbox 1226 950 2204 993; baseline 0.005 -13"><span class='ocrx_word' id='word_1_504' title='bbox 1226 950 1326 987; x_wconf 80' lang='lat' dir='ltr'>iubet,</span> <span class='ocrx_word' id='word_1_505' title='bbox 1351 957 1384 980; x_wconf 86' lang='lat' dir='ltr'>ut</span> <span class='ocrx_word' id='word_1_506' title='bbox 1410 957 1523 992; x_wconf 87' lang='lat' dir='ltr'>parcat</span> <span class='ocrx_word' id='word_1_507' title='bbox 1546 952 1598 989; x_wconf 86' lang='lat' dir='ltr'>iis,</span> <span class='ocrx_word' id='word_1_508' title='bbox 1620 953 1674 993; x_wconf 86' lang='lat' dir='ltr'>qui</span> <span class='ocrx_word' id='word_1_509' title='bbox 1694 958 1827 993; x_wconf 75' lang='lat' dir='ltr'>gemunt</span> <span class='ocrx_word' id='word_1_510' title='bbox 1852 961 1987 993; x_wconf 85' lang='lat' dir='ltr'>propter</span> <span class='ocrx_word' id='word_1_511' title='bbox 2010 952 2099 985; x_wconf 80' lang='lat' dir='ltr'>illam</span> <span class='ocrx_word' id='word_1_512' title='bbox 2116 953 2204 986; x_wconf 84' lang='lat' dir='ltr'>cala·</span> 
     </span>
     <span class='ocr_line' id='line_1_78' title="bbox 1225 994 2203 1034; baseline 0.002 -10"><span class='ocrx_word' id='word_1_513' title='bbox 1225 996 1380 1032; x_wconf 84' lang='lat' dir='ltr'>mitatem,</span> <span class='ocrx_word' id='word_1_514' title='bbox 1402 994 1435 1024; x_wconf 86' lang='lat' dir='ltr'>id</span> <span class='ocrx_word' id='word_1_515' title='bbox 1451 999 1512 1031; x_wconf 84' lang='lat' dir='ltr'>est,</span> <span class='ocrx_word' id='word_1_516' title='bbox 1537 995 1635 1024; x_wconf 81' lang='lat' dir='ltr'>denen</span> <span class='ocrx_word' id='word_1_517' title='bbox 1658 1004 1690 1022; x_wconf 84' lang='lat' dir='ltr'>es</span> <span class='ocrx_word' id='word_1_518' title='bbox 1722 1005 1756 1024; x_wconf 76' lang='lat' dir='ltr'>zu</span> <span class='ocrx_word' id='word_1_519' title='bbox 1779 995 1899 1025; x_wconf 61' lang='lat' dir='ltr'>herken</span> <span class='ocrx_word' id='word_1_520' title='bbox 1931 996 2041 1034; x_wconf 69' lang='grc' dir='ltr'>ῃεΙιεε,</span> <span class='ocrx_word' id='word_1_521' title='bbox 2076 998 2203 1029; x_wconf 84' lang='lat' dir='ltr'>etiamsi</span> 
     </span>
     <span class='ocr_line' id='line_1_79' title="bbox 1224 1035 2203 1079; baseline 0.005 -13"><span class='ocrx_word' id='word_1_522' title='bbox 1224 1047 1290 1067; x_wconf 87' lang='lat' dir='ltr'>non</span> <span class='ocrx_word' id='word_1_523' title='bbox 1314 1044 1456 1077; x_wconf 77' lang='lat' dir='ltr'>possunt</span> <span class='ocrx_word' id='word_1_524' title='bbox 1479 1035 1608 1075; x_wconf 84' lang='lat' dir='ltr'>tollere,</span> <span class='ocrx_word' id='word_1_525' title='bbox 1633 1038 1687 1079; x_wconf 88' lang='lat' dir='ltr'>qui</span> <span class='ocrx_word' id='word_1_526' title='bbox 1717 1044 1826 1069; x_wconf 85' lang='lat' dir='ltr'>tamen</span> <span class='ocrx_word' id='word_1_527' title='bbox 1851 1039 2039 1071; x_wconf 83' lang='lat' dir='ltr'>afficiuntur</span> <span class='ocrx_word' id='word_1_528' title='bbox 2063 1050 2203 1071; x_wconf 85' lang='lat' dir='ltr'>commu-</span> 
     </span>
     <span class='ocr_line' id='line_1_80' title="bbox 1224 1080 2035 1121; baseline -0.001 -10"><span class='ocrx_word' id='word_1_529' title='bbox 1224 1081 1322 1112; x_wconf 83' lang='lat' dir='ltr'>nibus</span> <span class='ocrx_word' id='word_1_530' title='bbox 1346 1080 1496 1111; x_wconf 88' lang='lat' dir='ltr'>miseriis.</span> <span class='ocrx_word' id='word_1_531' title='bbox 1542 1081 1625 1111; x_wconf 78' lang='lat' dir='ltr'>Nam</span> <span class='ocrx_word' id='word_1_532' title='bbox 1649 1091 1768 1112; x_wconf 84' lang='lat' dir='ltr'>versus</span> <span class='ocrx_word' id='word_1_533' title='bbox 1788 1080 1922 1113; x_wconf 83' lang='lat' dir='ltr'>Solonis</span> <span class='ocrx_word' id='word_1_534' title='bbox 1945 1086 2035 1121; x_wconf 76' lang='lat' dir='ltr'>sayt:</span> 
     </span>
    </p>
   </div>
   <div class='ocr_carea' id='block_1_9' title="bbox 1354 1140 2095 1180">
    <p class='ocr_par' dir='ltr' id='par_1_13' title="bbox 1354 1140 2095 1180">
     <span class='ocr_line' id='line_1_81' title="bbox 1354 1140 2095 1180; baseline 0.005 -12"><span class='ocrx_word' id='word_1_535' title='bbox 1354 1140 1479 1170; x_wconf 64' lang='lat' dir='ltr'>Instant</span> <span class='ocrx_word' id='word_1_536' title='bbox 1502 1142 1533 1169; x_wconf 83' lang='lat' dir='ltr'>in</span> <span class='ocrx_word' id='word_1_537' title='bbox 1558 1140 1711 1171; x_wconf 72' lang='lat' dir='ltr'>thalamos</span> <span class='ocrx_word' id='word_1_538' title='bbox 1729 1142 1858 1180; x_wconf 71' lang='lat' dir='ltr'>publica</span> <span class='ocrx_word' id='word_1_539' title='bbox 1882 1142 1994 1171; x_wconf 67' lang='lat' dir='ltr'>&#39;Iamna</span> <span class='ocrx_word' id='word_1_540' title='bbox 2019 1145 2095 1174; x_wconf 72' lang='lat' dir='ltr'>(uos.</span> 
     </span>
    </p>
   </div>
   <div class='ocr_carea' id='block_1_10' title="bbox 1222 1208 2204 1378">
    <p class='ocr_par' dir='ltr' id='par_1_14' title="bbox 1222 1208 2204 1378">
     <span class='ocr_line' id='line_1_82' title="bbox 1224 1208 2203 1250; baseline 0.003 -13"><span class='ocrx_word' id='word_1_541' title='bbox 1224 1219 1308 1237; x_wconf 70' lang='lat' dir='ltr'>wemt</span> <span class='ocrx_word' id='word_1_542' title='bbox 1333 1219 1366 1240; x_wconf 77' lang='lat' dir='ltr'>es</span> <span class='ocrx_word' id='word_1_543' title='bbox 1384 1209 1441 1239; x_wconf 71' lang='lat' dir='ltr'>«ter</span> <span class='ocrx_word' id='word_1_544' title='bbox 1464 1208 1640 1241; x_wconf 75' lang='lat' dir='ltr'>Ecclesiae</span> <span class='ocrx_word' id='word_1_545' title='bbox 1662 1210 1815 1250; x_wconf 71' lang='lat' dir='ltr'>ubelyelet,</span> <span class='ocrx_word' id='word_1_546' title='bbox 1840 1221 1874 1239; x_wconf 83' lang='lat' dir='ltr'>so</span> <span class='ocrx_word' id='word_1_547' title='bbox 1897 1210 1987 1249; x_wconf 73' lang='lat' dir='ltr'>yelets</span> <span class='ocrx_word' id='word_1_548' title='bbox 2011 1210 2092 1240; x_wconf 78' lang='lat' dir='ltr'>allen</span> <span class='ocrx_word' id='word_1_549' title='bbox 2126 1211 2203 1241; x_wconf 65' lang='lat' dir='ltr'>ubet.</span> 
     </span>
     <span class='ocr_line' id='line_1_83' title="bbox 1224 1252 2204 1295; baseline 0.002 -12"><span class='ocrx_word' id='word_1_550' title='bbox 1224 1252 1316 1284; x_wconf 88' lang='lat' dir='ltr'>Deus</span> <span class='ocrx_word' id='word_1_551' title='bbox 1340 1258 1418 1283; x_wconf 91' lang='lat' dir='ltr'>tunc</span> <span class='ocrx_word' id='word_1_552' title='bbox 1442 1253 1530 1284; x_wconf 87' lang='lat' dir='ltr'>dedit</span> <span class='ocrx_word' id='word_1_553' title='bbox 1552 1252 1661 1294; x_wconf 85' lang='lat' dir='ltr'>aliqua</span> <span class='ocrx_word' id='word_1_554' title='bbox 1685 1252 1819 1291; x_wconf 81' lang='lat' dir='ltr'>auxilia,</span> <span class='ocrx_word' id='word_1_555' title='bbox 1834 1263 1875 1283; x_wconf 90' lang='lat' dir='ltr'>ne</span> <span class='ocrx_word' id='word_1_556' title='bbox 1897 1254 2029 1284; x_wconf 86' lang='lat' dir='ltr'>omnino</span> <span class='ocrx_word' id='word_1_557' title='bbox 2049 1254 2204 1295; x_wconf 82' lang='lat' dir='ltr'>perirent,</span> 
     </span>
     <span class='ocr_line' id='line_1_84' title="bbox 1223 1294 2203 1338; baseline 0 -11"><span class='ocrx_word' id='word_1_558' title='bbox 1223 1297 1308 1327; x_wconf 82' lang='lat' dir='ltr'>sicut</span> <span class='ocrx_word' id='word_1_559' title='bbox 1332 1296 1436 1337; x_wconf 86' lang='lat' dir='ltr'>inquit</span> <span class='ocrx_word' id='word_1_560' title='bbox 1458 1294 1643 1338; x_wconf 84' lang='lat' dir='ltr'>Propheta:</span> <span class='ocrx_word' id='word_1_561' title='bbox 1671 1296 1725 1325; x_wconf 70' lang='lat' dir='ltr'>Sic</span> <span class='ocrx_word' id='word_1_562' title='bbox 1748 1296 1871 1325; x_wconf 81' lang='lat' dir='ltr'>werden</span> <span class='ocrx_word' id='word_1_563' title='bbox 1895 1298 1962 1326; x_wconf 79' lang='lat' dir='ltr'>eine</span> <span class='ocrx_word' id='word_1_564' title='bbox 1983 1296 2074 1336; x_wconf 76' lang='lat' dir='ltr'>lmlffe</span> <span class='ocrx_word' id='word_1_565' title='bbox 2096 1297 2203 1331; x_wconf 77' lang='lat' dir='ltr'>haben,</span> 
     </span>
     <span class='ocr_line' id='line_1_85' title="bbox 1222 1339 2040 1378; baseline 0.004 -11"><span class='ocrx_word' id='word_1_566' title='bbox 1222 1339 1335 1369; x_wconf 74' lang='lat' dir='ltr'>e&#39;ecloclz</span> <span class='ocrx_word' id='word_1_567' title='bbox 1357 1339 1444 1370; x_wconf 74' lang='lat' dir='ltr'>nicht</span> <span class='ocrx_word' id='word_1_568' title='bbox 1465 1350 1568 1378; x_wconf 73' lang='lat' dir='ltr'>yross,</span> <span class='ocrx_word' id='word_1_569' title='bbox 1593 1340 1653 1369; x_wconf 77' lang='lat' dir='ltr'>das</span> <span class='ocrx_word' id='word_1_570' title='bbox 1676 1340 1748 1370; x_wconf 80' lang='lat' dir='ltr'>sind</span> <span class='ocrx_word' id='word_1_571' title='bbox 1771 1340 1824 1369; x_wconf 77' lang='lat' dir='ltr'>die</span> <span class='ocrx_word' id='word_1_572' title='bbox 1847 1339 2040 1372; x_wconf 78' lang='lat' dir='ltr'>Maccabeer.</span> 
     </span>
    </p>
   </div>
   <div class='ocr_carea' id='block_1_11' title="bbox 1358 1437 2064 1493">
    <p class='ocr_par' dir='ltr' id='par_1_15' title="bbox 1358 1437 2064 1493">
     <span class='ocr_line' id='line_1_86' title="bbox 1358 1437 2064 1493; baseline -0.001 -14"><span class='ocrx_word' id='word_1_573' title='bbox 1358 1437 1478 1479; x_wconf 87' lang='lat' dir='ltr'>Unde</span> <span class='ocrx_word' id='word_1_574' title='bbox 1511 1437 1641 1478; x_wconf 76' lang='lat' dir='ltr'>dictus</span> <span class='ocrx_word' id='word_1_575' title='bbox 1674 1443 1736 1477; x_wconf 73' lang='lat' dir='ltr'>est,</span> <span class='ocrx_word' id='word_1_576' title='bbox 1767 1437 2064 1493; x_wconf 46' lang='lat' dir='ltr'>Maccabaeae}</span> 
     </span>
    </p>
   </div>
   <div class='ocr_carea' id='block_1_12' title="bbox 1222 1509 2206 2587">
    <p class='ocr_par' dir='ltr' id='par_1_16' title="bbox 1222 1509 2206 2103">
     <span class='ocr_line' id='line_1_87' title="bbox 1310 1509 2204 1552; baseline 0 -10"><span class='ocrx_word' id='word_1_577' title='bbox 1310 1511 1341 1542; x_wconf 84' lang='lat' dir='ltr'><strong>A</strong></span> <span class='ocrx_word' id='word_1_578' title='bbox 1364 1509 1468 1543; x_wconf 89' lang='lat' dir='ltr'>literis</span> <span class='ocrx_word' id='word_1_579' title='bbox 1500 1509 1634 1549; x_wconf 80' lang='lat' dir='ltr'>vexilli,</span> <span class='ocrx_word' id='word_1_580' title='bbox 1669 1511 1746 1552; x_wconf 85' lang='lat' dir='ltr'>quia</span> <span class='ocrx_word' id='word_1_581' title='bbox 1779 1509 1895 1543; x_wconf 81' lang='lat' dir='ltr'>literas</span> <span class='ocrx_word' id='word_1_582' title='bbox 1928 1512 2138 1552; x_wconf 79' lang='lat' dir='ltr'>scripserunt</span> <span class='ocrx_word' id='word_1_583' title='bbox 2170 1512 2204 1543; x_wconf 84' lang='lat' dir='ltr'>in</span> 
     </span>
     <span class='ocr_line' id='line_1_88' title="bbox 1223 1553 2206 1595; baseline 0.001 -9"><span class='ocrx_word' id='word_1_584' title='bbox 1223 1553 1366 1592; x_wconf 74' lang='lat' dir='ltr'>vexillis,</span> <span class='ocrx_word' id='word_1_585' title='bbox 1389 1564 1455 1586; x_wconf 86' lang='lat' dir='ltr'>non</span> <span class='ocrx_word' id='word_1_586' title='bbox 1478 1554 1653 1595; x_wconf 79' lang='lat' dir='ltr'>imagines,</span> <span class='ocrx_word' id='word_1_587' title='bbox 1677 1559 1713 1584; x_wconf 92' lang='lat' dir='ltr'>ut</span> <span class='ocrx_word' id='word_1_588' title='bbox 1736 1559 1851 1585; x_wconf 89' lang='lat' dir='ltr'>nostro</span> <span class='ocrx_word' id='word_1_589' title='bbox 1875 1560 2025 1595; x_wconf 89' lang='lat' dir='ltr'>tempore</span> <span class='ocrx_word' id='word_1_590' title='bbox 2048 1554 2095 1585; x_wconf 84' lang='lat' dir='ltr'>fit.</span> <span class='ocrx_word' id='word_1_591' title='bbox 2137 1553 2206 1587; x_wconf 83' lang='lat' dir='ltr'>Ma-</span> 
     </span>
     <span class='ocr_line' id='line_1_89' title="bbox 1225 1595 2204 1637; baseline -0.001 -8"><span class='ocrx_word' id='word_1_592' title='bbox 1225 1598 1333 1635; x_wconf 85' lang='lat' dir='ltr'>cabai,</span> <span class='ocrx_word' id='word_1_593' title='bbox 1351 1598 1385 1629; x_wconf 86' lang='lat' dir='ltr'>id</span> <span class='ocrx_word' id='word_1_594' title='bbox 1409 1603 1470 1629; x_wconf 77' lang='lat' dir='ltr'>est.</span> <span class='ocrx_word' id='word_1_595' title='bbox 1493 1598 1564 1637; x_wconf 78' lang='lat' dir='ltr'>quis</span> <span class='ocrx_word' id='word_1_596' title='bbox 1586 1598 1667 1626; x_wconf 75' lang='lat' dir='ltr'>sicut</span> <span class='ocrx_word' id='word_1_597' title='bbox 1685 1596 1839 1626; x_wconf 79' lang='lat' dir='ltr'>Dominus</span> <span class='ocrx_word' id='word_1_598' title='bbox 1861 1599 1893 1625; x_wconf 82' lang='lat' dir='ltr'>in</span> <span class='ocrx_word' id='word_1_599' title='bbox 1916 1596 2027 1632; x_wconf 81' lang='lat' dir='ltr'>Israel,</span> <span class='ocrx_word' id='word_1_600' title='bbox 2052 1595 2118 1628; x_wconf 82' lang='lat' dir='ltr'>hoc</span> <span class='ocrx_word' id='word_1_601' title='bbox 2140 1603 2204 1636; x_wconf 78' lang='lat' dir='ltr'>est,</span> 
     </span>
     <span class='ocr_line' id='line_1_90' title="bbox 1225 1639 2205 1683; baseline 0 -12"><span class='ocrx_word' id='word_1_602' title='bbox 1225 1639 1284 1672; x_wconf 79' lang='lat' dir='ltr'>nte</span> <span class='ocrx_word' id='word_1_603' title='bbox 1307 1646 1359 1672; x_wconf 80' lang='lat' dir='ltr'>est</span> <span class='ocrx_word' id='word_1_604' title='bbox 1382 1639 1476 1671; x_wconf 87' lang='lat' dir='ltr'>solus</span> <span class='ocrx_word' id='word_1_605' title='bbox 1498 1639 1610 1676; x_wconf 83' lang='lat' dir='ltr'>Deus;</span> <span class='ocrx_word' id='word_1_606' title='bbox 1634 1641 1863 1672; x_wconf 80' lang='lat' dir='ltr'>commenticia</span> <span class='ocrx_word' id='word_1_607' title='bbox 1886 1641 2019 1672; x_wconf 83' lang='lat' dir='ltr'>numina</span> <span class='ocrx_word' id='word_1_608' title='bbox 2048 1640 2205 1683; x_wconf 80' lang='lat' dir='ltr'>gentium,</span> 
     </span>
     <span class='ocr_line' id='line_1_91' title="bbox 1224 1681 2206 1725; baseline 0 -11"><span class='ocrx_word' id='word_1_609' title='bbox 1224 1694 1290 1715; x_wconf 87' lang='lat' dir='ltr'>non</span> <span class='ocrx_word' id='word_1_610' title='bbox 1314 1689 1391 1715; x_wconf 86' lang='lat' dir='ltr'>sunt</span> <span class='ocrx_word' id='word_1_611' title='bbox 1414 1684 1479 1715; x_wconf 89' lang='lat' dir='ltr'>Dii.</span> <span class='ocrx_word' id='word_1_612' title='bbox 1525 1683 1577 1715; x_wconf 85' lang='lat' dir='ltr'>Ab</span> <span class='ocrx_word' id='word_1_613' title='bbox 1602 1681 1658 1714; x_wconf 88' lang='lat' dir='ltr'>illa</span> <span class='ocrx_word' id='word_1_614' title='bbox 1677 1683 1785 1725; x_wconf 76' lang='lat' dir='ltr'>figura</span> <span class='ocrx_word' id='word_1_615' title='bbox 1815 1682 1983 1715; x_wconf 80' lang='lat' dir='ltr'>literarum</span> <span class='ocrx_word' id='word_1_616' title='bbox 2008 1690 2060 1714; x_wconf 80' lang='lat' dir='ltr'>est</span> <span class='ocrx_word' id='word_1_617' title='bbox 2083 1682 2206 1715; x_wconf 79' lang='lat' dir='ltr'>factum</span> 
     </span>
     <span class='ocr_line' id='line_1_92' title="bbox 1224 1725 2202 1768; baseline 0 -10"><span class='ocrx_word' id='word_1_618' title='bbox 1224 1737 1344 1758; x_wconf 79' lang='lat' dir='ltr'>nomen</span> <span class='ocrx_word' id='word_1_619' title='bbox 1368 1727 1658 1759; x_wconf 76' lang='lat' dir='ltr'>Maccahaeorum.</span> <span class='ocrx_word' id='word_1_620' title='bbox 1705 1727 1762 1757; x_wconf 83' lang='lat' dir='ltr'>lsti</span> <span class='ocrx_word' id='word_1_621' title='bbox 1786 1726 1935 1768; x_wconf 83' lang='lat' dir='ltr'>praeliati</span> <span class='ocrx_word' id='word_1_622' title='bbox 1958 1734 2036 1758; x_wconf 82' lang='lat' dir='ltr'>sunt</span> <span class='ocrx_word' id='word_1_623' title='bbox 2049 1725 2202 1764; x_wconf 77' lang='lat' dir='ltr'>feliciter,</span> 
     </span>
     <span class='ocr_line' id='line_1_93' title="bbox 1224 1768 2200 1807; baseline -0.002 -5"><span class='ocrx_word' id='word_1_624' title='bbox 1224 1769 1298 1802; x_wconf 87' lang='lat' dir='ltr'>Deo</span> <span class='ocrx_word' id='word_1_625' title='bbox 1328 1771 1478 1807; x_wconf 82' lang='lat' dir='ltr'>iuvante3</span> <span class='ocrx_word' id='word_1_626' title='bbox 1511 1771 1572 1801; x_wconf 85' lang='lat' dir='ltr'>sed</span> <span class='ocrx_word' id='word_1_627' title='bbox 1606 1776 1716 1801; x_wconf 87' lang='lat' dir='ltr'>tamen</span> <span class='ocrx_word' id='word_1_628' title='bbox 1750 1770 1811 1801; x_wconf 70' lang='lat' dir='ltr'>viri</span> <span class='ocrx_word' id='word_1_629' title='bbox 1846 1768 1893 1801; x_wconf 87' lang='lat' dir='ltr'>illi</span> <span class='ocrx_word' id='word_1_630' title='bbox 1928 1769 2005 1801; x_wconf 87' lang='lat' dir='ltr'>boni</span> <span class='ocrx_word' id='word_1_631' title='bbox 2038 1768 2200 1801; x_wconf 77' lang='lat' dir='ltr'>interfecti</span> 
     </span>
     <span class='ocr_line' id='line_1_94' title="bbox 1224 1812 2200 1854; baseline -0.001 -9"><span class='ocrx_word' id='word_1_632' title='bbox 1224 1819 1312 1852; x_wconf 86' lang='lat' dir='ltr'>sunt,</span> <span class='ocrx_word' id='word_1_633' title='bbox 1336 1819 1372 1845; x_wconf 88' lang='lat' dir='ltr'>ut</span> <span class='ocrx_word' id='word_1_634' title='bbox 1395 1813 1492 1844; x_wconf 84' lang='lat' dir='ltr'>ludas</span> <span class='ocrx_word' id='word_1_635' title='bbox 1516 1818 1549 1844; x_wconf 90' lang='lat' dir='ltr'>et</span> <span class='ocrx_word' id='word_1_636' title='bbox 1571 1812 1739 1844; x_wconf 81' lang='lat' dir='ltr'>lonatbas.</span> <span class='ocrx_word' id='word_1_637' title='bbox 1787 1812 1899 1844; x_wconf 86' lang='lat' dir='ltr'>Simon</span> <span class='ocrx_word' id='word_1_638' title='bbox 1935 1818 1986 1844; x_wconf 85' lang='lat' dir='ltr'>est</span> <span class='ocrx_word' id='word_1_639' title='bbox 2019 1823 2039 1843; x_wconf 84' lang='lat' dir='ltr'>a</span> <span class='ocrx_word' id='word_1_640' title='bbox 2073 1822 2200 1854; x_wconf 84' lang='lat' dir='ltr'>genero</span> 
     </span>
     <span class='ocr_line' id='line_1_95' title="bbox 1223 1854 2199 1897; baseline -0.001 -10"><span class='ocrx_word' id='word_1_641' title='bbox 1223 1867 1284 1888; x_wconf 86' lang='lat' dir='ltr'>suo</span> <span class='ocrx_word' id='word_1_642' title='bbox 1320 1856 1534 1894; x_wconf 84' lang='lat' dir='ltr'>interfectus,</span> <span class='ocrx_word' id='word_1_643' title='bbox 1568 1856 1722 1887; x_wconf 86' lang='lat' dir='ltr'>restituta</span> <span class='ocrx_word' id='word_1_644' title='bbox 1767 1854 1902 1897; x_wconf 85' lang='lat' dir='ltr'>politia,</span> <span class='ocrx_word' id='word_1_645' title='bbox 1938 1863 1970 1887; x_wconf 87' lang='lat' dir='ltr'>et</span> <span class='ocrx_word' id='word_1_646' title='bbox 2003 1862 2199 1896; x_wconf 80' lang='lat' dir='ltr'>recuperato</span> 
     </span>
     <span class='ocr_line' id='line_1_96' title="bbox 1223 1898 2200 1941; baseline -0.004 -10"><span class='ocrx_word' id='word_1_647' title='bbox 1223 1898 1354 1941; x_wconf 88' lang='lat' dir='ltr'>templo.</span> <span class='ocrx_word' id='word_1_648' title='bbox 1402 1899 1451 1930; x_wconf 86' lang='lat' dir='ltr'>lta</span> <span class='ocrx_word' id='word_1_649' title='bbox 1486 1910 1589 1941; x_wconf 79' lang='lat' dir='ltr'>gener</span> <span class='ocrx_word' id='word_1_650' title='bbox 1623 1898 1787 1930; x_wconf 81' lang='lat' dir='ltr'>interfecit</span> <span class='ocrx_word' id='word_1_651' title='bbox 1821 1909 1985 1936; x_wconf 83' lang='lat' dir='ltr'>socerum,</span> <span class='ocrx_word' id='word_1_652' title='bbox 2009 1899 2066 1927; x_wconf 69' lang='lat' dir='ltr'>(lm-</span> <span class='ocrx_word' id='word_1_653' title='bbox 2088 1898 2200 1936; x_wconf 70' lang='lat' dir='ltr'>lect-er,</span> 
     </span>
     <span class='ocr_line' id='line_1_97' title="bbox 1223 1940 2202 1984; baseline -0.003 -10"><span class='ocrx_word' id='word_1_654' title='bbox 1223 1943 1277 1984; x_wconf 85' lang='lat' dir='ltr'>qui</span> <span class='ocrx_word' id='word_1_655' title='bbox 1301 1948 1371 1973; x_wconf 84' lang='lat' dir='ltr'>erat</span> <span class='ocrx_word' id='word_1_656' title='bbox 1396 1949 1535 1974; x_wconf 80' lang='lat' dir='ltr'>evectus</span> <span class='ocrx_word' id='word_1_657' title='bbox 1563 1942 1608 1974; x_wconf 89' lang='lat' dir='ltr'>ad</span> <span class='ocrx_word' id='word_1_658' title='bbox 1642 1941 1789 1973; x_wconf 90' lang='lat' dir='ltr'>honores</span> <span class='ocrx_word' id='word_1_659' title='bbox 1823 1952 1843 1972; x_wconf 79' lang='lat' dir='ltr'>a</span> <span class='ocrx_word' id='word_1_660' title='bbox 1877 1951 2015 1978; x_wconf 87' lang='lat' dir='ltr'>socero,</span> <span class='ocrx_word' id='word_1_661' title='bbox 2039 1940 2202 1972; x_wconf 84' lang='lat' dir='ltr'>interfecit</span> 
     </span>
     <span class='ocr_line' id='line_1_98' title="bbox 1223 1983 2202 2018; baseline -0.003 -2"><span class='ocrx_word' id='word_1_662' title='bbox 1223 1986 1401 2018; x_wconf 83' lang='lat' dir='ltr'>Simonem.</span> <span class='ocrx_word' id='word_1_663' title='bbox 1448 1985 1483 2016; x_wconf 88' lang='lat' dir='ltr'>ln</span> <span class='ocrx_word' id='word_1_664' title='bbox 1507 1983 1628 2017; x_wconf 85' lang='lat' dir='ltr'>familia</span> <span class='ocrx_word' id='word_1_665' title='bbox 1651 1983 1807 2016; x_wconf 81' lang='lat' dir='ltr'>Antiochi</span> <span class='ocrx_word' id='word_1_666' title='bbox 1830 1985 1872 2013; x_wconf 78' lang='lat' dir='ltr'>isc</span> <span class='ocrx_word' id='word_1_667' title='bbox 1895 1985 1942 2013; x_wconf 83' lang='lat' dir='ltr'>ein</span> <span class='ocrx_word' id='word_1_668' title='bbox 1967 1987 2059 2015; x_wconf 68' lang='lat' dir='ltr'>stelas</span> <span class='ocrx_word' id='word_1_669' title='bbox 2071 1984 2202 2015; x_wconf 80' lang='lat' dir='ltr'>blutver-</span> 
     </span>
     <span class='ocr_line' id='line_1_99' title="bbox 1222 2027 2202 2068; baseline 0.002 -12"><span class='ocrx_word' id='word_1_670' title='bbox 1222 2031 1343 2068; x_wconf 67' lang='lat' dir='ltr'>fflessen</span> <span class='ocrx_word' id='word_1_671' title='bbox 1361 2028 1529 2068; x_wconf 70' lang='lat' dir='ltr'>yeschelaen</span> <span class='ocrx_word' id='word_1_672' title='bbox 1543 2051 1550 2063; x_wconf 93' lang='lat'><strong>‚</strong></span> <span class='ocrx_word' id='word_1_673' title='bbox 1585 2028 1692 2059; x_wconf 87' lang='lat' dir='ltr'>donec</span> <span class='ocrx_word' id='word_1_674' title='bbox 1726 2027 1865 2058; x_wconf 82' lang='lat' dir='ltr'>Romani</span> <span class='ocrx_word' id='word_1_675' title='bbox 1895 2036 1954 2058; x_wconf 88' lang='lat' dir='ltr'>eos</span> <span class='ocrx_word' id='word_1_676' title='bbox 1989 2036 2202 2068; x_wconf 87' lang='lat' dir='ltr'>compescue-</span> 
     </span>
     <span class='ocr_line' id='line_1_100' title="bbox 1222 2078 1308 2103; baseline 0 0"><span class='ocrx_word' id='word_1_677' title='bbox 1222 2078 1308 2103; x_wconf 87' lang='lat' dir='ltr'>runt.</span> 
     </span>
    </p>

    <p class='ocr_par' dir='ltr' id='par_1_17' title="bbox 1224 2110 2202 2587">
     <span class='ocr_line' id='line_1_101' title="bbox 1311 2110 2201 2146; baseline -0.002 -1"><span class='ocrx_word' id='word_1_678' title='bbox 1311 2114 1395 2146; x_wconf 88' lang='lat' dir='ltr'>Cum</span> <span class='ocrx_word' id='word_1_679' title='bbox 1417 2119 1527 2145; x_wconf 82' lang='lat' dir='ltr'>autem</span> <span class='ocrx_word' id='word_1_680' title='bbox 1549 2112 1699 2145; x_wconf 82' lang='lat' dir='ltr'>ultimum</span> <span class='ocrx_word' id='word_1_681' title='bbox 1732 2110 1901 2144; x_wconf 86' lang='lat' dir='ltr'>saeculum</span> <span class='ocrx_word' id='word_1_682' title='bbox 1931 2111 2125 2143; x_wconf 78' lang='lat' dir='ltr'>ludaeorum</span> <span class='ocrx_word' id='word_1_683' title='bbox 2160 2113 2201 2143; x_wconf 88' lang='lat' dir='ltr'>sit</span> 
     </span>
     <span class='ocr_line' id='line_1_102' title="bbox 1224 2154 2202 2198; baseline -0.003 -9"><span class='ocrx_word' id='word_1_684' title='bbox 1224 2159 1334 2198; x_wconf 75' lang='lat' dir='ltr'>imago</span> <span class='ocrx_word' id='word_1_685' title='bbox 1357 2155 1531 2188; x_wconf 80' lang='lat' dir='ltr'>Ecclesiae</span> <span class='ocrx_word' id='word_1_686' title='bbox 1553 2157 1585 2187; x_wconf 87' lang='lat' dir='ltr'>in</span> <span class='ocrx_word' id='word_1_687' title='bbox 1610 2154 1722 2187; x_wconf 88' lang='lat' dir='ltr'>ultima</span> <span class='ocrx_word' id='word_1_688' title='bbox 1745 2161 1881 2186; x_wconf 84' lang='lat' dir='ltr'>senecta</span> <span class='ocrx_word' id='word_1_689' title='bbox 1903 2156 2026 2193; x_wconf 81' lang='lat' dir='ltr'>mundi,</span> <span class='ocrx_word' id='word_1_690' title='bbox 2045 2156 2202 2198; x_wconf 86' lang='lat' dir='ltr'>cogitate,</span> 
     </span>
     <span class='ocr_line' id='line_1_103' title="bbox 1225 2196 2201 2243; baseline -0.003 -11"><span class='ocrx_word' id='word_1_691' title='bbox 1225 2201 1332 2243; x_wconf 81' lang='lat' dir='ltr'>qualis</span> <span class='ocrx_word' id='word_1_692' title='bbox 1355 2199 1464 2232; x_wconf 85' lang='lat' dir='ltr'>sutura</span> <span class='ocrx_word' id='word_1_693' title='bbox 1487 2200 1530 2230; x_wconf 82' lang='lat' dir='ltr'>sit</span> <span class='ocrx_word' id='word_1_694' title='bbox 1553 2198 1745 2230; x_wconf 87' lang='lat' dir='ltr'>dilaceratio</span> <span class='ocrx_word' id='word_1_695' title='bbox 1768 2197 1954 2229; x_wconf 84' lang='lat' dir='ltr'>Ecclesiae.</span> <span class='ocrx_word' id='word_1_696' title='bbox 2002 2197 2070 2228; x_wconf 74' lang='lat' dir='ltr'>{mo</span> <span class='ocrx_word' id='word_1_697' title='bbox 2093 2196 2201 2239; x_wconf 84' lang='lat' dir='ltr'>qualis</span> 
     </span>
     <span class='ocr_line' id='line_1_104' title="bbox 1225 2240 2201 2284; baseline -0.004 -9"><span class='ocrx_word' id='word_1_698' title='bbox 1225 2245 1287 2275; x_wconf 87' lang='lat' dir='ltr'>iam</span> <span class='ocrx_word' id='word_1_699' title='bbox 1307 2244 1360 2281; x_wconf 82' lang='lat' dir='ltr'>sit,</span> <span class='ocrx_word' id='word_1_700' title='bbox 1383 2249 1418 2274; x_wconf 88' lang='lat' dir='ltr'>ut</span> <span class='ocrx_word' id='word_1_701' title='bbox 1440 2253 1524 2284; x_wconf 88' lang='lat' dir='ltr'>pene</span> <span class='ocrx_word' id='word_1_702' title='bbox 1548 2242 1752 2273; x_wconf 75' lang='lat' dir='ltr'>exanimetur</span> <span class='ocrx_word' id='word_1_703' title='bbox 1773 2240 1873 2273; x_wconf 84' lang='lat' dir='ltr'>homo</span> <span class='ocrx_word' id='word_1_704' title='bbox 1897 2241 2048 2282; x_wconf 81' lang='lat' dir='ltr'>cogitans</span> <span class='ocrx_word' id='word_1_705' title='bbox 2080 2241 2122 2272; x_wconf 86' lang='lat' dir='ltr'>de</span> <span class='ocrx_word' id='word_1_706' title='bbox 2149 2240 2201 2272; x_wconf 87' lang='lat' dir='ltr'>his</span> 
     </span>
     <span class='ocr_line' id='line_1_105' title="bbox 1225 2282 2202 2326; baseline -0.004 -8"><span class='ocrx_word' id='word_1_707' title='bbox 1225 2286 1332 2319; x_wconf 69' lang='lat' dir='ltr'>malis.</span> <span class='ocrx_word' id='word_1_708' title='bbox 1377 2286 1518 2318; x_wconf 86' lang='lat' dir='ltr'>Tantum</span> <span class='ocrx_word' id='word_1_709' title='bbox 1542 2291 1593 2316; x_wconf 89' lang='lat' dir='ltr'>est</span> <span class='ocrx_word' id='word_1_710' title='bbox 1616 2284 1776 2319; x_wconf 84' lang='lat' dir='ltr'>furorum,</span> <span class='ocrx_word' id='word_1_711' title='bbox 1800 2282 2001 2326; x_wconf 77' lang='lat' dir='ltr'>petulantiae</span> <span class='ocrx_word' id='word_1_712' title='bbox 2024 2284 2202 2322; x_wconf 89' lang='lat' dir='ltr'>inauditae,</span> 
     </span>
     <span class='ocr_line' id='line_1_106' title="bbox 1225 2326 2201 2370; baseline -0.003 -9"><span class='ocrx_word' id='word_1_713' title='bbox 1225 2336 1437 2362; x_wconf 83' lang='lat' dir='ltr'>monstrosae</span> <span class='ocrx_word' id='word_1_714' title='bbox 1459 2328 1634 2370; x_wconf 82' lang='lat' dir='ltr'>superbiae</span> <span class='ocrx_word' id='word_1_715' title='bbox 1656 2329 1688 2359; x_wconf 89' lang='lat' dir='ltr'>in</span> <span class='ocrx_word' id='word_1_716' title='bbox 1711 2326 1822 2359; x_wconf 86' lang='lat' dir='ltr'>multis</span> <span class='ocrx_word' id='word_1_717' title='bbox 1846 2327 2056 2365; x_wconf 77' lang='lat' dir='ltr'>docentibus,</span> <span class='ocrx_word' id='word_1_718' title='bbox 2081 2332 2113 2358; x_wconf 88' lang='lat' dir='ltr'>et</span> <span class='ocrx_word' id='word_1_719' title='bbox 2135 2327 2201 2358; x_wconf 88' lang='lat' dir='ltr'>asi-</span> 
     </span>
     <span class='ocr_line' id='line_1_107' title="bbox 1226 2368 2202 2414; baseline -0.004 -10"><span class='ocrx_word' id='word_1_720' title='bbox 1226 2374 1303 2405; x_wconf 83' lang='lat' dir='ltr'>nina</span> <span class='ocrx_word' id='word_1_721' title='bbox 1326 2372 1494 2414; x_wconf 87' lang='lat' dir='ltr'>superbia,</span> <span class='ocrx_word' id='word_1_722' title='bbox 1518 2372 1695 2403; x_wconf 84' lang='lat' dir='ltr'>coniuncta</span> <span class='ocrx_word' id='word_1_723' title='bbox 1718 2381 1792 2402; x_wconf 91' lang='lat' dir='ltr'>cum</span> <span class='ocrx_word' id='word_1_724' title='bbox 1822 2380 1943 2412; x_wconf 84' lang='lat' dir='ltr'>magna</span> <span class='ocrx_word' id='word_1_725' title='bbox 1970 2370 2112 2401; x_wconf 84' lang='lat' dir='ltr'>inscitia.</span> <span class='ocrx_word' id='word_1_726' title='bbox 2157 2368 2202 2401; x_wconf 86' lang='lat' dir='ltr'>Ut</span> 
     </span>
     <span class='ocr_line' id='line_1_108' title="bbox 1227 2413 2201 2458; baseline -0.005 -10"><span class='ocrx_word' id='word_1_727' title='bbox 1227 2417 1368 2458; x_wconf 74' lang='lat' dir='ltr'>quisque</span> <span class='ocrx_word' id='word_1_728' title='bbox 1390 2421 1442 2447; x_wconf 81' lang='lat' dir='ltr'>est</span> <span class='ocrx_word' id='word_1_729' title='bbox 1470 2415 1739 2452; x_wconf 81' lang='lat' dir='ltr'>indoctissimus,</span> <span class='ocrx_word' id='word_1_730' title='bbox 1773 2414 1817 2445; x_wconf 87' lang='lat' dir='ltr'>ita</span> <span class='ocrx_word' id='word_1_731' title='bbox 1851 2420 1901 2444; x_wconf 85' lang='lat' dir='ltr'>est</span> <span class='ocrx_word' id='word_1_732' title='bbox 1935 2413 2201 2444; x_wconf 80' lang='lat' dir='ltr'>rabiosissimus:</span> 
     </span>
     <span class='ocr_line' id='line_1_109' title="bbox 1227 2454 2201 2501; baseline -0.005 -10"><span class='ocrx_word' id='word_1_733' title='bbox 1227 2460 1304 2501; x_wconf 85' lang='lat' dir='ltr'>quia</span> <span class='ocrx_word' id='word_1_734' title='bbox 1326 2460 1452 2491; x_wconf 76' lang='lat' dir='ltr'>inscitia</span> <span class='ocrx_word' id='word_1_735' title='bbox 1472 2459 1554 2497; x_wconf 72' lang='lat' dir='ltr'>facit</span> <span class='ocrx_word' id='word_1_736' title='bbox 1578 2458 1754 2488; x_wconf 72' lang='lat' dir='ltr'>audaciam.</span> <span class='ocrx_word' id='word_1_737' title='bbox 1805 2455 1900 2488; x_wconf 84' lang='lat' dir='ltr'>Multi</span> <span class='ocrx_word' id='word_1_738' title='bbox 1934 2456 2030 2487; x_wconf 89' lang='lat' dir='ltr'>etiam</span> <span class='ocrx_word' id='word_1_739' title='bbox 2064 2454 2201 2487; x_wconf 79' lang='lat' dir='ltr'>manife-</span> 
     </span>
     <span class='ocr_line' id='line_1_110' title="bbox 1226 2498 2200 2534; baseline -0.005 0"><span class='ocrx_word' id='word_1_740' title='bbox 1226 2509 1312 2534; x_wconf 84' lang='lat' dir='ltr'>stam</span> <span class='ocrx_word' id='word_1_741' title='bbox 1335 2501 1555 2534; x_wconf 77' lang='lat' dir='ltr'>idololatriam</span> <span class='ocrx_word' id='word_1_742' title='bbox 1578 2507 1611 2533; x_wconf 86' lang='lat' dir='ltr'>et</span> <span class='ocrx_word' id='word_1_743' title='bbox 1634 2498 1851 2533; x_wconf 78' lang='lat' dir='ltr'>contumelias</span> <span class='ocrx_word' id='word_1_744' title='bbox 1875 2505 1992 2530; x_wconf 84' lang='lat' dir='ltr'>contra</span> <span class='ocrx_word' id='word_1_745' title='bbox 2013 2498 2121 2530; x_wconf 80' lang='lat' dir='ltr'>Deum</span> <span class='ocrx_word' id='word_1_746' title='bbox 2146 2500 2200 2530; x_wconf 89' lang='lat' dir='ltr'>de-</span> 
     </span>
     <span class='ocr_line' id='line_1_111' title="bbox 1227 2542 2202 2587; baseline -0.004 -11"><span class='ocrx_word' id='word_1_747' title='bbox 1227 2545 1375 2577; x_wconf 86' lang='lat' dir='ltr'>fendunt.</span> <span class='ocrx_word' id='word_1_748' title='bbox 1421 2545 1531 2576; x_wconf 84' lang='lat' dir='ltr'>Simus</span> <span class='ocrx_word' id='word_1_749' title='bbox 1554 2543 1742 2587; x_wconf 83' lang='lat' dir='ltr'>vigilantes,</span> <span class='ocrx_word' id='word_1_750' title='bbox 1766 2549 1800 2574; x_wconf 81' lang='lat' dir='ltr'>et</span> <span class='ocrx_word' id='word_1_751' title='bbox 1822 2543 1989 2574; x_wconf 76' lang='lat' dir='ltr'>discamus</span> <span class='ocrx_word' id='word_1_752' title='bbox 2019 2542 2202 2573; x_wconf 78' lang='lat' dir='ltr'>doctrinam</span> 
     </span>
    </p>
   </div>
   <div class='ocr_carea' id='block_1_13' title="bbox 1030 2587 2204 2628">
    <p class='ocr_par' dir='ltr' id='par_1_18' title="bbox 1030 2587 2204 2628">
     <span class='ocr_line' id='line_1_112' title="bbox 1030 2587 2204 2628; baseline -0.005 -7"><span class='ocrx_word' id='word_1_753' title='bbox 1030 2589 1094 2625; x_wconf 81' lang='lat' dir='ltr'>Qui</span> <span class='ocrx_word' id='word_1_754' title='bbox 1128 2590 1173 2621; x_wconf 84' lang='lat' dir='ltr'>vi-</span> <span class='ocrx_word' id='word_1_755' title='bbox 1198 2610 1202 2628; x_wconf 68' lang='lat'>,</span> <span class='ocrx_word' id='word_1_756' title='bbox 1225 2587 1410 2626; x_wconf 85' lang='lat' dir='ltr'>Ecclesiae,</span> <span class='ocrx_word' id='word_1_757' title='bbox 1433 2594 1465 2619; x_wconf 86' lang='lat' dir='ltr'>et</span> <span class='ocrx_word' id='word_1_758' title='bbox 1488 2588 1649 2619; x_wconf 87' lang='lat' dir='ltr'>addamus</span> <span class='ocrx_word' id='word_1_759' title='bbox 1668 2587 1904 2628; x_wconf 81' lang='lat' dir='ltr'>precationem,</span> <span class='ocrx_word' id='word_1_760' title='bbox 1928 2590 1961 2616; x_wconf 85' lang='lat' dir='ltr'>et</span> <span class='ocrx_word' id='word_1_761' title='bbox 1994 2595 2137 2623; x_wconf 75' lang='lat' dir='ltr'>oremus,</span> <span class='ocrx_word' id='word_1_762' title='bbox 2160 2594 2204 2616; x_wconf 87' lang='lat' dir='ltr'>ne</span> 
     </span>
    </p>
   </div>
   <div class='ocr_carea' id='block_1_14' title="bbox 1198 2628 2201 2669">
    <p class='ocr_par' dir='ltr' id='par_1_19' title="bbox 1198 2628 2201 2669">
     <span class='ocr_line' id='line_1_113' title="bbox 1198 2628 2201 2669; baseline -0.005 -6"><span class='ocrx_word' id='word_1_763' title='bbox 1198 2637 1202 2655; x_wconf 49' lang='grc' dir='ltr'><strong>ἐ</strong></span> <span class='ocrx_word' id='word_1_764' title='bbox 1225 2632 1383 2663; x_wconf 86' lang='lat' dir='ltr'>intremus</span> <span class='ocrx_word' id='word_1_765' title='bbox 1408 2631 1440 2662; x_wconf 88' lang='lat' dir='ltr'>in</span> <span class='ocrx_word' id='word_1_766' title='bbox 1464 2632 1694 2669; x_wconf 80' lang='lat' dir='ltr'>tentationem,</span> <span class='ocrx_word' id='word_1_767' title='bbox 1719 2636 1755 2662; x_wconf 78' lang='lat' dir='ltr'>ut</span> <span class='ocrx_word' id='word_1_768' title='bbox 1777 2628 1931 2661; x_wconf 74' lang='lat' dir='ltr'>Christus</span> <span class='ocrx_word' id='word_1_769' title='bbox 1955 2637 2036 2659; x_wconf 78' lang='lat' dir='ltr'>suos</span> <span class='ocrx_word' id='word_1_770' title='bbox 2060 2628 2201 2668; x_wconf 81' lang='lat' dir='ltr'>discipu—</span> 
     </span>
    </p>
   </div>
   <div class='ocr_carea' id='block_1_15' title="bbox 2336 1847 2343 2374">
    <p class='ocr_par' dir='ltr' id='par_1_20' title="bbox 2336 1847 2343 2374">
     <span class='ocr_line' id='line_1_114' title="bbox 2336 1847 2343 2374; baseline 0 0"><span class='ocrx_word' id='word_1_771' title='bbox 2336 1847 2343 2374; x_wconf 95' lang='lat' dir='ltr'> </span> 
     </span>
    </p>
   </div>
  </div>
 </body>
</html>
