2343 2970
67 205 133 238 317
744 198 965 231 POSTILLA
998 196 1398 229 MELANTHONIANA.
2015 192 2080 224 318

68 300 224 332 usitatum
247 303 298 328 est
320 296 548 337 proverbium:
585 297 622 326 In
648 296 822 326 Germania
850 302 962 325 careas
990 293 1049 325 tibi
1097 293 1269 329 minimus,
1293 290 1326 321 id
1349 295 1419 328 est,
1442 295 1494 320 est
1529 287 1718 320 humiliatus
1753 286 1837 318 infra
1875 297 1988 318 onmes
2023 286 2079 317 ho·

68 344 103 375 in
125 343 232 373 silvis:
253 341 287 372 in
306 341 440 371 Polonta
463 340 504 369 ab
525 339 683 378 hospitiis.
1098 336 1213 366 mines.
1258 333 1317 364 Est
1340 334 1372 364 in
1395 344 1469 364 eum
1493 332 1642 363 derivata
1665 341 1784 371 poena,
1809 336 1841 361 et
1861 340 1981 361 sensus
2004 330 2080 371 {irae

156 384 224 415 Cur
246 384 344 424 igitur
367 381 566 412 Laurentius
589 379 703 411 maluit
726 380 821 417 mori,
845 389 942 420 quam
967 379 1046 410 dare
1100 378 1162 409 Dei
1202 378 1366 408 adversus
1401 381 1573 417 peccatum
1615 375 1715 405 totius
1762 374 1893 415 generis
1935 373 2079 404 humani.

69 426 263 470 pecuniam?
287 425 486 466 Respondeo
510 424 552 455 ad
575 423 749 454 Minorem:
775 422 958 453 Videndum
983 427 1046 459 est,
1100 421 1187 452 lacet
1216 426 1292 451 ante
1317 420 1449 450 Patrem
1478 418 1647 450 laceratus
1671 426 1703 448 et
1730 416 1878 458 pollutus
1910 415 1972 447 illis
2008 426 2080 447 sce-

70 471 158 513 quod
193 468 289 499 fucrit
322 469 428 498 minus
470 472 523 498 aut
556 467 662 498 maius
703 463 825 496 malum
858 464 1046 499 Laurentia,
1099 462 1236 501 let-ibus,
1260 464 1378 504 quibus
1403 473 1479 504 ego,
1510 469 1557 498 tu,
1588 467 1620 492 et
1650 466 1738 492 totus
1769 461 1910 491 mundus
1935 458 2080 500 pollutus

69 513 203 544 amissio
226 512 324 548 vitae,
347 521 389 541 an
413 510 548 541 amissio
579 510 665 540 fidei.
715 508 775 539 Est
798 508 903 539 minus
926 507 1047 539 malum
1100 506 1170 538 suit.
1216 506 1289 537 Hoc
1313 516 1378 537 non
1402 506 1462 536 tuit
1491 505 1521 535 in
1542 504 1738 541 Laurentio,
1770 505 1823 544 qui
1855 509 1980 533 tantum
2011 503 2082 533 tulit

69 556 149 587 dare
178 555 367 596 pecuniam,
406 552 535 584 scilieet
568 553 750 593 propriam,
785 561 851 581 non
887 549 1047 586 alienam3
1100 556 1269 581 externam
1297 548 1531 580 lacerationem
1566 548 1728 588 eorporis,
1778 547 2008 577 Nazianzenus
2037 546 2081 575 in-

68 609 134 630 non
159 607 243 630 eam.
275 606 359 638 quae
383 601 459 627 tuae
482 595 559 626 fidei
589 595 817 626 commendata
846 600 906 624 est.
964 593 1047 624 Lau-
1100 594 1184 634 quit:
1220 592 1308 624 Nihil
1331 593 1375 623 ita
1404 591 1565 622 exhilarat
1599 590 1779 628 hominem,
1814 596 1847 620 ut
1884 591 1970 620 bona
2005 599 2082 619 con-

69 641 195 673 tentius
225 640 392 671 amisisset
427 639 541 676 iidem,
574 648 672 679 quam
703 638 845 668 debebat
876 635 1047 667 Ecclesiae
1101 636 1248 674 scientia,
1272 642 1304 666 et
1328 636 1415 666 bona
1438 645 1528 675 spes.
1574 633 1771 664 Laurentius
1801 634 1860 673 liyc
1886 633 1947 669 (la,
1982 631 2082 662 habet

68 685 100 715 in
130 683 271 724 pecunia
301 682 451 722 deposita
486 681 710 718 asservanda,
741 681 769 711 si
799 680 945 711 dedisset
977 690 1048 710 eam
1102 681 1221 710 bonam
1246 678 1496 716 conscientiam,
1531 683 1563 708 et
1597 687 1690 718 spem
1729 677 1815 707 vitae
1850 682 2021 712 aeternae,
2051 680 2082 705 et

69 727 234 768 Tyranno.
297 725 332 756 Si
366 723 486 756 suisset
521 724 661 764 pecunia
699 723 833 764 propria
868 722 1047 754 Laurentii.
1101 723 1250 753 obruitur
1291 732 1412 752 sensus
1448 727 1661 752 externorum
1703 720 1923 756 cruciatuum,
1958 717 2082 748 laetitia

69 775 158 801 recte
181 768 337 805 fecisset,
374 768 401 798 si
436 767 625 798 tradidisset
658 777 731 797 eam
756 766 922 808 Tyranno.
980 765 1049 796 Sed
1101 766 1270 796 interiore:
1295 765 1389 796 Sicut
1412 765 1508 796 etiam
1532 763 1751 803 deStephano
1775 761 1962 793 versiculus
1988 761 2080 791 dicit:

70 812 151 844 fides
178 812 329 852 depositi,
359 817 409 841 est
436 809 650 841 anteferenda
679 810 775 840 vitae.
823 808 914 840 Pono
940 819 1048 839 exem-
1188 810 1258 840 Ibat
1279 818 1377 839 omns
1399 811 1525 844 animis,
1548 812 1580 838 et
1600 817 1658 846 spe
1680 816 1739 837 sua
1761 807 1882 836 damna
1904 806 2038 836 levabat.

70 854 172 896 plum:
208 854 242 884 Si
266 855 364 884 vidua
388 851 588 894 paupercula
613 853 739 883 habens
765 851 886 883 multos
910 850 1046 890 liberos,
1103 850 1159 882 Sic
1182 850 1240 882 illo
1264 852 1337 891 ipso
1361 857 1528 891 tempore,
1561 860 1634 880 cum
1658 860 1724 880 una
1747 859 1787 879 ex
1812 849 1938 879 sanctis
1962 854 2082 878 matro-

71 899 251 939 deponeret
280 897 368 937 apud
396 902 428 926 te
456 895 572 926 10011.
597 902 629 927 et
654 894 773 926 consul
802 900 957 936 posceret
974 906 993 925 a
1018 900 1049 925 te
1102 895 1154 925 nis
1179 896 1210 925 in
1238 904 1375 925 carcerc
1405 894 1602 934 parturiens,
1637 893 1700 923 iam
1734 892 1832 922 valde
1865 892 2080 927 cruciaretur,

72 941 277 972 traditionem
314 940 488 980 pecuniae:
527 939 571 969 ibi
612 939 722 980 potius
764 939 943 969 amittenda
983 938 1050 968 vita
1072 927 1077 1002 Ι
1102 944 1136 968 ut
1160 948 1335 978 puerpera,
1372 937 1451 967 dixit.
1486 943 1600 967 custos
1635 936 1780 966 carceris
1805 935 1847 965 ad
1871 945 1957 965 cam:
1991 935 2082 972 Ecce,

71 990 171 1021 esset,
207 993 304 1024 quam
344 982 427 1013 fides
463 982 603 1022 depositi
641 982 809 1012 violanda:
845 980 918 1011 Hoc
947 979 1048 1011 multo
1102 991 1187 1012 nunc
1209 986 1272 1012 tam
1297 983 1468 1020 impatiens
1491 990 1526 1011 es
1544 981 1673 1018 doloris,
1697 980 1774 1018 quid
1784 988 1860 1009 cras
1879 981 2014 1017 factura
2037 987 2081 1011 es,

69 1027 171 1065 magis
195 1025 431 1066 praestandum
465 1023 524 1056 suit
547 1026 579 1055 in
609 1023 742 1065 publico
775 1025 937 1065 deposito.
985 1023 1050 1054 De·
1073 1011 1078 1332 Ι
1101 1027 1133 1055 si
1163 1026 1207 1055 ad
1234 1025 1425 1064 supplicium
1457 1024 1612 1054 ‹luc-eris?
1662 1021 1723 1053 Cui
1758 1021 1944 1062 respondit:
1979 1021 2082 1052 Hodie

71 1070 139 1101 buit
172 1069 270 1110 igitur
298 1068 497 1099 Laurentius
534 1074 706 1108 praestare
741 1067 838 1098 fidem
872 1068 903 1098 in
939 1073 1050 1098 custo·
1099 1071 1207 1107 pallor
1229 1072 1388 1106 tamquam
1416 1069 1536 1097 ‘marera
1566 1067 1680 1097 muller
1703 1068 1736 1096 in
1764 1067 1874 1095 dolore
1901 1067 2082 1104 pertinente

71 1112 190 1144 dienda
225 1112 365 1152 pecunia
397 1109 453 1142 illa
476 1109 668 1147 Ecclesiae,
707 1116 870 1152 tamquam
894 1111 926 1140 in
951 1110 1050 1151 depo·
1101 1112 1145 1141 ad
1166 1120 1280 1141 sescum
1303 1120 1406 1141 meum
1428 1114 1561 1149 propler
1588 1114 1770 1148 pecc-atum:
1807 1109 1888 1139 Cras
1914 1110 2026 1147 patiar
2048 1110 2084 1137 uc

70 1156 150 1190 sit0;
174 1155 370 1196 praesertim
404 1165 479 1185 cum
508 1153 573 1184 hoc
600 1154 779 1194 pertineret
812 1154 853 1183 ad
884 1152 1050 1193 publicam
1105 1154 1293 1185 Christiana
1308 1158 1443 1192 propter
1469 1153 1564 1190 fidem
1594 1155 1627 1183 z'n
1661 1152 1830 1183 Chris-hun.
1877 1150 1967 1180 Haec
1990 1155 2082 1180 tanta

69 1199 304 1229 necessitatem
337 1195 526 1233 Ecclesiae,
567 1203 598 1227 et
639 1202 793 1237 ageretur
826 1196 866 1227 (lc
903 1194 1050 1237 periculo
1102 1197 1199 1227 animi
1223 1196 1412 1237 magnitudo
1438 1195 1512 1226 inde
1535 1194 1611 1230 fui13
1647 1195 1720 1235 quia
1752 1194 1896 1225 habebat
1926 1203 2019 1233 spem
2050 1198 2082 1223 et

70 1241 174 1272 totius
194 1241 355 1281 corporis.
406 1239 535 1270 Deinde
564 1238 730 1280 postulata
758 1244 807 1270 est
830 1250 849 1270 a
873 1239 1049 1270 Laurentio
1101 1240 1222 1270 bonam
1242 1239 1486 1270 conscientiam.
1522 1237 1625 1268 Filius
1642 1237 1705 1268 Det
1729 1244 1838 1268 autem
1860 1237 1934 1267 ideo
1958 1235 2083 1266 maiora

69 1294 137 1315 non
161 1289 286 1314 tantum
315 1283 446 1313 traditio
481 1283 659 1323 pecuniae,
693 1282 753 1313 sed
783 1283 878 1313 etiam
907 1281 1049 1313 defectio
1102 1280 1194 1320 tulit,
1234 1292 1276 1312 ne
1310 1292 1371 1312 nos
1413 1280 1594 1315 ferremus,
1640 1281 1715 1321 qnia
1756 1292 1822 1311 non
1857 1280 2082 1321 potuissemus

69 1337 91 1358 a
126 1326 190 1357 fide
227 1326 426 1357 Christiana.
490 1325 650 1356 Usitatum
686 1331 737 1355 est
772 1325 856 1355 enim
894 1325 925 1355 in
963 1323 1048 1355 aulis
1101 1326 1276 1356 sustinere.
1335 1323 1564 1366 Lachrymans
1595 1325 1664 1363 ipse
1701 1322 1871 1361 clamavit,
1908 1329 1944 1354 ut
1977 1321 2082 1362 Epist.

69 1375 266 1411 praetexere
301 1368 383 1399 alias
425 1378 589 1406 caussaS,
633 1374 668 1399 ut
692 1368 832 1399 dicitur:
874 1369 970 1399 ,tliml
1003 1372 1052 1399 est
1102 1369 1143 1398 ad
1169 1368 1267 1399 Hebr.
1303 1368 1421 1408 inquit:
1456 1370 1494 1398 In
1517 1370 1586 1407 ipso
1612 1370 1679 1406 fm't
1706 1372 1795 1398 [aula
1817 1369 1916 1404 lucta,
1950 1370 1987 1397 uc
2011 1375 2083 1396 con-

69 1412 233 1454 πρὸφασις,
259 1413 349 1443 aliud
370 1413 472 1441 αΐίιον.
529 1411 655 1441 Sancte
685 1411 777 1449 igitur
809 1417 840 1441 et
875 1410 1048 1452 praeclare
1100 1413 1281 1450 firmandus
1301 1413 1407 1450 faerit
1424 1412 1463 1441 ab
1485 1412 1599 1449 auffelo
1617 1411 1657 1441 (le
1679 1412 1773 1441 coelo.
1819 1409 1915 1446 Item,
1952 1410 2087 1440 Szularae't

70 1454 148 1486 {ecit
181 1455 381 1486 Laurentius
417 1455 450 1484 in
483 1460 623 1494 utraque
653 1464 699 1485 re.
755 1453 884 1485 Passus
918 1459 980 1491 est,
1014 1459 1049 1484 ut
1102 1458 1300 1493 sanquinem.
1346 1453 1438 1485 Haec
1463 1454 1627 1484 sustinere
1650 1463 1718 1484 non
1741 1453 1978 1494 potuissemus.

71 1503 258 1539 praestaret
280 1497 378 1528 fidem
400 1498 432 1527 in
458 1497 674 1528 custodiendo
697 1497 859 1537 deposito,
889 1507 974 1538 quae
997 1502 1049 1527 est

72 1546 149 1581 pars
172 1541 326 1572 iustitiae.
371 1540 500 1571 Deinde
522 1546 557 1571 ut
581 1539 677 1571 fidem
701 1550 794 1570 suam
826 1541 857 1571 in
882 1539 1048 1571 Christum

76 1583 296 1622 confiteretur,
319 1589 351 1615 et
368 1583 558 1614 ostenderet
575 1593 613 1614 se
635 1593 714 1614 vere
727 1582 948 1614 Christianum
961 1592 1048 1613 esse.

161 1626 313 1658 Movetur
336 1632 444 1657 autem
467 1631 500 1656 et
521 1625 587 1656 alia
610 1626 760 1666 quaestio
785 1626 825 1656 (le
848 1627 919 1657 eius
933 1631 1048 1657 morte.
1103 1621 1173 1660 De
1205 1619 1640 1674 appellationibus
1682 1618 1923 1672 graduum
1962 1632 2085 1672 quo-

161 1668 355 1700 Laurentius
383 1669 415 1698 in
447 1674 552 1699 morte
582 1667 641 1699 fuit
670 1669 793 1709 ingenti
826 1669 1050 1710 magnitudine

75 1710 187 1747 animi3
210 1712 288 1743 dixit
312 1710 499 1748 Praefecto,
528 1716 564 1741 ut
587 1717 750 1751 gustaret,
780 1722 822 1742 an
853 1713 934 1742 satis
957 1722 1050 1742 assa·
1223 1697 1432 1737 rundanl
1471 1696 1962 1736 ECCIOSiaSffiCOI'U-ffl·

76 1759 128 1784 tus
152 1755 205 1792 sit,
230 1761 265 1785 ut
284 1759 398 1794 posset
421 1754 516 1784 etiam
534 1753 662 1784 obverti
684 1754 751 1795 igni
774 1754 807 1784 in
830 1753 934 1785 altera
946 1761 1049 1795 parte.

74 1795 135 1828 llla
156 1804 208 1828 est
226 1798 345 1838 ingens
369 1796 558 1837 magnitudo
582 1797 691 1827 animi.
741 1797 797 1827 Sic
819 1803 1050 1838 argumentor:

1192 1838 1283 1870 Ordo
1306 1837 1567 1870 Ecclesiasticus
1597 1838 1712 1870 habuit
1747 1838 1824 1869 olim
1860 1844 1983 1869 certos
2013 1849 2074 1880 qos

1105 1881 1180 1913 dam
1203 1882 1346 1923 gradus,
1381 1882 1435 1923 qui
1467 1892 1532 1913 non
1568 1888 1663 1913 erant
1695 1882 1806 1913 inania
1831 1882 1983 1920 nomina,
2014 1881 2089 1913 sed-

1107 1926 1337 1966 congruebant
1360 1925 1490 1957 ol'ticiis.
1531 1925 1603 1956 Hoc
1628 1926 1717 1966 quod
1740 1936 1803 1957 nos
1828 1926 1999 1957 Canonica
2023 1924 2089 1956 col-

1104 1966 1193 2009 legia
1217 1974 1249 1998 ct
1273 1968 1476 2000 eanonicam
1498 1969 1598 1999 vitam
1622 1979 1794 2007 vocamus,
1815 1968 1948 2000 fuerunt
1972 1974 2089 2000 coetus

1106 2011 1294 2042 docentium
1323 2018 1356 2042 et
1390 2013 1596 2043 discentium.
1653 2011 1752 2043 Tales
1786 2011 1924 2044 scholae
1957 2010 2090 2043 fuerunt

1106 2054 1316 2092 Antiochiae,
1340 2054 1564 2086 Alexandriae
1591 2060 1624 2086 et
1648 2054 1951 2097 Constantinopoli.
1995 2054 2089 2087 Talia

209 1856 274 1888 Ubi
293 1860 341 1887 est
362 1857 468 1887 maior
489 1853 665 1895 fortitudo,
697 1856 744 1888 ibi
776 1860 824 1887 est
852 1857 958 1888 maior
985 1858 1050 1888 lae-

248 1900 321 1930 titia
344 1900 376 1929 z'n
397 1900 570 1939 supplicio:

203 1944 241 1973 In
264 1942 394 1973 Christo
412 1941 479 1981 fuit
497 1943 638 1973 maxima
656 1942 840 1981 fortitudo.-

204 1985 292 2025 Eryo
324 1985 358 2015 in
381 1984 511 2015 Christo
545 1985 652 2016 debuit
684 1986 789 2016 maior
822 1995 890 2016 esse
927 1985 1052 2016 laetitia

246 2029 280 2058 in
302 2028 472 2068 supplicio.

164 2094 232 2126 Cur
260 2095 357 2136 igitur
381 2095 533 2128 Christus
561 2097 677 2138 inquit:
716 2097 832 2128 Anima
860 2107 929 2127 mea
953 2097 1058 2127 tristis

78 2141 125 2169 est
147 2148 246 2178 nsque
269 2138 312 2168 ad
335 2139 486 2169 mortem?
530 2139 628 2177 Item,
659 2139 807 2172 Christus
830 2141 959 2171 susim-it
983 2150 1056 2171 san-

75 2191 209 2222 munem.

164 2223 366 2264 Respondeo
391 2223 432 2254 ad
451 2222 626 2257 Maiorem:
665 2224 728 2256 Ubi
759 2231 811 2257 est
840 2226 944 2257 maior
967 2223 1057 2256 sorti-

79 2266 178 2303 tudo,
214 2267 258 2297 ibi
289 2271 341 2297 est
370 2266 476 2297 maior
498 2265 622 2299 laetitia
652 2268 684 2299 in
709 2267 892 2310 supplicio:
930 2267 1057 2300 scilicet

80 2310 220 2381 §aeter-is
267 2310 427 2350 paribus,
466 2310 498 2340 id
522 2316 595 2348 est,
635 2311 665 2342 si
707 2313 800 2353 paria
835 2318 866 2343 et
907 2310 1059 2353 aequalia

95 2358 235 2383 erantur.

1107 2097 1202 2128 etiam
1245 2098 1278 2128 in
1319 2097 1495 2130 Germania
1545 2097 1688 2139 collegia
1726 2098 1968 2130 Canonicorum
2010 2099 2088 2130 olim

1107 2139 1248 2172 fuerunt.
1293 2140 1371 2172 Otto
1395 2141 1575 2179 secundus,
1609 2142 1743 2173 ottonis
1765 2144 1860 2183 primi
1886 2142 1974 2173 filius
1997 2142 2087 2173 insti-

1107 2188 1159 2214 est
1203 2184 1236 2214 in
1279 2183 1433 2216 Ecclesia
1477 2184 1679 2216 Hiltlesiana.
1769 2186 1803 2217 ln
1837 2186 1908 2217 istis
1960 2185 2088 2216 scholis

1107 2227 1199 2267 pueri
1233 2234 1309 2258 sunt
1342 2228 1508 2266 instituti,
1559 2229 1701 2267 eruditi,
1746 2236 1775 2260 et
1822 2228 2003 2260 assuefacti
2045 2230 2088 2260 ad

1109 2269 1265 2301 exercitia
1292 2271 1441 2312 pietatis,
1470 2278 1505 2303 ut
1529 2272 1743 2303 convenirent
1773 2272 1814 2302 ad
1846 2273 2088 2313 precationem3

1108 2319 1142 2344 ut
1171 2313 1235 2343 iam
1267 2320 1344 2345 sunt
1371 2314 1510 2346 scholae
1544 2314 1742 2354 Misnensis,
1782 2315 2016 2353 Grimmensis,
2055 2322 2088 2347 et

1109 2355 1290 2395 Portensis,
1325 2358 1357 2388 in
1385 2357 1437 2389 his
1474 2358 1680 2400 regionibus.
1745 2358 1836 2389 Talis
1876 2357 1937 2389 suit
1970 2357 2088 2390 schola

1109 2398 1221 2430 Caroli
1243 2399 1374 2442 Magni,
1410 2402 1464 2442 qui
1494 2412 1561 2433 non
1584 2401 1701 2442 procul
1724 2412 1744 2433 a
1768 2401 1896 2432 Lutetia
1925 2408 1977 2432 est
2000 2403 2088 2433 insti-

1108 2447 1206 2473 tutus,
1250 2442 1352 2485 Igitur
1375 2442 1435 2476 fuit
1457 2446 1616 2476 eruditus.
1650 2445 1768 2476 Latine
1791 2446 1888 2476 etiam
1912 2443 2089 2486 eloquens3

1110 2484 1239 2517 Graece
1260 2487 1303 2518 ita
1328 2488 1462 2526 doctus,
1497 2494 1533 2520 ut
1562 2488 1694 2529 legatos
1718 2488 1868 2519 Graecos
1892 2489 2031 2527 audiret,
2057 2494 2089 2520 et

1111 2527 1293 2571 intelligere
1316 2537 1445 2572 posset,
1467 2531 1594 2562 etiamsi
1618 2532 1689 2571 ipse
1712 2542 1779 2563 non
1802 2532 2032 2571 responderet.

165 2395 217 2425 Ad
254 2394 429 2425 Minorem:
470 2395 509 2425 1η
533 2394 662 2428 Christo
685 2395 752 2437 fult
786 2399 929 2429 maxima
958 2396 1058 2437 forti-

80 2437 166 2468 tudo.
223 2436 349 2468 Verum
383 2443 451 2475 est,
490 2439 550 2469 sed
584 2439 655 2479 ipse
690 2441 815 2472 maiora
850 2441 931 2472 tulit.
990 2441 1057 2472 Imo

81 2489 166 2520 quae
198 2479 272 2510 tulit
309 2479 482 2518 Christus,
518 2480 609 2513 nullo
642 2483 740 2514 modo
775 2485 938 2525 potuisset
972 2482 1058 2515 serre

78 2521 290 2553 Laurentius.
336 2522 468 2554 Fuisset
492 2524 597 2555 maior
618 2523 741 2557 laetitia
764 2526 898 2565 Christi,
931 2527 958 2557 si
977 2526 1058 2558 nibil

79 2570 268 2617 Pfaefel‘ea‘
290 2564 447 2616 tulis-set,-
485 2577 582 2617 quant
622 2578 705 2609 quae
738 2569 935 2601 Laurentius
976 2569 1058 2601 tulit·
1195 2574 1361 2605 Aeolutlaos
1384 2574 1549 2615 significat
1565 2576 1668 2606 Ez'nen
1685 2576 1807 2613 diener,
1830 2576 1889 2606 der
1911 2577 1977 2614 aus
1994 2579 2088 2607 einen

81 2607 236 2656 bin-istus
260 2618 330 2659 ipse
359 2614 477 2649 inquit:
513 2609 667 2642 Mzm'mus
694 2613 727 2642 in
759 2623 858 2655 rayno
888 2613 1059 2651 coelorum,
1110 2619 1232 2650 warlet,
1255 2623 1458 2649 assectator:
1482 2619 1537 2650 Als
1560 2628 1651 2649 weun
1675 2619 1726 2649 z'ler
1754 2621 1848 2649 einen
1870 2619 1983 2649 diener
2005 2620 2081 2650 leam

81 2654 130 2680 est
149 2660 255 2682 mator
278 2654 349 2682 zsto.
405 2651 439 2682 ld
469 2652 510 2683 tle
549 2662 587 2684 se
620 2653 775 2696 loquitur.
832 2655 987 2688 Christus
1010 2662 1061 2687 est
1110 2659 1170 2689 der
1192 2662 1257 2699 anf
1275 2661 1353 2692 euch
1372 2665 1502 2698 martel,
1535 2662 1604 2692 und
1631 2663 1736 2701 folyec
1755 2662 1848 2701 euch,
1876 2671 1925 2693 wo
1958 2663 2010 2692 ilzr
2031 2645 2089 2693 1ιίιῖ
