2374 2985
238 204 281 236 7⁸

238 304 271 330 et
305 297 385 328 fiunt
410 297 649 328 successiones
679 307 720 328 cx
743 298 967 340 generatione.
1012 298 1080 328 Sed
1101 296 1218 329 Eccle-

238 341 288 372 sia
311 341 439 381 regitur
462 345 493 370 ct
517 346 737 371 conservatur
759 350 826 371 non
850 341 1030 381 sapientia,
1063 346 1119 371 aut
1142 341 1218 371 viri-

238 384 302 415 bus
324 382 494 420 immanis,
529 383 589 413 sed
623 383 783 424 sapientia
806 384 898 414 verbi
922 384 1019 413 dixini
1044 393 1103 423 per
1126 383 1216 413 mini-

237 426 385 458 sterium.
418 425 469 463 Et,
493 435 689 466 quamquam
713 432 843 467 oportet
867 436 943 456 esse
966 426 1217 466 gubernatores,

238 474 271 501 et
305 469 427 510 gradus
452 468 547 498 etiam
576 468 606 499 in
636 467 806 500 Ecclesia:
850 468 891 499 Ut
915 469 1064 500 videmus
1087 467 1216 509 aliquos

237 522 397 553 praeesse
431 511 583 541 docendo
608 519 640 541 et
665 512 891 553 gubernando,
925 511 1009 542 alios
1034 512 1163 542 discere
1187 516 1218 542 et

237 555 309 595 regi
342 554 383 584 ab
417 552 508 584 aliis:
543 559 650 584 tamen
685 555 747 595 ipsi
777 555 1019 596 gubernatores
1043 553 1218 585 Ecclesiae

238 606 339 638 saepe
365 606 478 627 errare
501 603 655 636 possunt,
680 608 752 627 cum
778 597 949 628 discedunt
974 607 993 627 a
1011 596 1160 628 doctrina
1173 597 1218 627 di-

238 640 358 672 vinitus
394 639 521 669 tradita.
567 639 614 670 lbi
649 650 729 680 ergo
753 640 847 671 Deus
881 645 975 670 extra
1008 640 1217 670 vocationem

238 683 440 715 ordinariam
475 681 595 712 excitat
625 681 755 723 aliquos
780 683 935 713 doctores
959 682 1124 723 insignes,
1159 693 1218 723 per

239 736 325 766 quos
362 725 545 755 doctrinam
573 725 751 756 obscuram
775 730 949 766 repurgat,
984 730 1015 755 et
1046 726 1217 756 instaurat.

237 767 331 799 llaec
357 773 405 798 est
431 766 610 808 singularis
634 769 806 798 successio
832 768 863 798 in
886 766 1052 805 Ecclesia,
1076 778 1139 808 qua
1152 768 1218 799 De-

242 820 282 843 us
307 812 349 842 ab
373 810 465 840 initio
485 811 617 848 generis.
641 811 771 841 humani
795 810 843 840 sic
873 817 1052 841 conservat
1074 809 1217 841 Ecclesi-

237 863 304 892 am,
325 858 360 884 ut
383 853 524 884 subinde
545 854 721 884 substituat
743 863 850 884 novos
874 853 1029 884 doctores
1051 854 1084 884 in
1108 852 1217 885 locum

236 897 394 937 priorum,
418 902 449 926 ct
472 902 507 927 ut
527 896 647 927 excitet
665 902 913 938 repurgatores,
935 897 1065 938 quoties
1084 907 1148 927 vox
1161 897 1218 927 do-

239 939 362 972 etrinae
385 939 566 979 depravata
590 944 651 969 est.

325 982 377 1013 De
401 980 464 1012 hoc
487 982 634 1012 mirando
658 991 758 1021 opere
768 979 843 1015 Dei,
867 991 1036 1012 sumamus
1054 980 1115 1012 has
1135 982 1217 1012 duas

239 1025 435 1055 sententias:
459 1034 523 1054 una
546 1029 596 1054 est
618 1025 660 1054 ad
683 1024 848 1060 Ephesios
871 1027 956 1065 [cap.
982 1025 1026 1063 4.]
1057 1024 1151 1053 Sedet
1175 1025 1218 1053 w!

244 1068 387 1096 :lexlram
407 1068 525 1106 putris,
551 1067 630 1095 :lans
651 1067 735 1095 dona
763 1067 949 1098 hominibus:
979 1067 1060 1096 alios
1084 1067 1219 1106 proplie—

241 1114 300 1149 ἔας,
335 1110 416 1139 ulios
439 1109 617 1148 .>lpostol‹1s‚
654 1109 734 1138 allos
753 1114 910 1148 pastores,
945 1110 1026 1139 alios
1060 1110 1216 1144 doctores,

239 1159 303 1184 etc.
350 1153 411 1183 llic
436 1151 558 1183 Paulus
582 1158 696 1192 aperte
720 1153 809 1191 dicit,
834 1153 922 1194 quod
945 1151 1099 1184 Ecclesia
1122 1163 1217 1194 rega·

239 1202 302 1234 tur,
325 1195 406 1227 Filio
431 1195 493 1226 Dei
514 1193 690 1236 colligente
715 1201 848 1233 coctus,
874 1202 905 1226 et
927 1196 1073 1227 mittente
1097 1197 1216 1237 guber-

240 1245 374 1270 natores
398 1239 546 1269 idoneos.
593 1239 649 1269 Sic
671 1243 779 1269 autem
803 1237 904 1269 Filius
923 1238 998 1277 Dei,
1021 1239 1116 1270 etiam
1140 1245 1216 1269 ante

239 1287 444 1321 assumptam
469 1281 643 1311 humanam
667 1286 829 1319 naturam,
853 1292 927 1312 cum
951 1283 993 1312 sit
1018 1283 1216 1313 constitutus

237 1324 413 1362 Mediator,
433 1330 464 1355 et
487 1330 586 1365 caput
608 1323 795 1361 Ecclesiae,
819 1324 956 1355 instituit
980 1325 1068 1364 ipse,
1093 1331 1125 1355 et
1147 1334 1216 1355 ser-

238 1368 327 1399 vavit.
346 1367 568 1398 ministerium.
614 1365 791 1398 Allocutus
822 1373 873 1398 est
896 1367 1022 1408 primos
1045 1372 1216 1408 parentes:

238 1410 289 1441 his
302 1411 433 1441 tradidit
452 1420 568 1441 vocem
582 1410 750 1440 doctrinae
768 1410 1016 1451 propagandam
1040 1411 1081 1441 ad
1105 1415 1216 1450 poste-

238 1463 305 1484 ros.
363 1452 483 1483 Postea
523 1453 675 1484 omnibus
709 1454 918 1493 pastoribus,
963 1458 1040 1484 ante
1074 1458 1106 1484 et
1140 1457 1217 1493 post

238 1495 406 1534 diluxium,
429 1494 513 1526 alios
537 1501 636 1537 atque
654 1493 739 1527 alios
762 1495 919 1527 doctores
944 1496 1050 1534 dedit,
1085 1501 1116 1526 et
1139 1497 1216 1526 sub—

240 1539 333 1577 inde,
363 1549 436 1569 cum
460 1539 601 1569 mundus
625 1547 810 1580 oppressus
833 1538 893 1570 fuit
916 1549 1037 1580 magna
1061 1538 1216 1579 ealigine,

238 1582 393 1613 excitavit
415 1580 557 1622 aliquos,
580 1581 635 1623 qui
656 1587 811 1613 taxarunt
833 1592 976 1621 errores,
989 1587 1022 1614 ct
1033 1582 1218 1613 doctrinam

241 1629 473 1666 repurgarunt.

323 1666 440 1698 Altera
463 1667 625 1698 sententia
651 1673 703 1698 est
726 1668 758 1698 in
779 1666 926 1699 Canticis
940 1667 1085 1708 [cap.6.]
1110 1667 1218 1699 Eccle-

238 1712 286 1740 sia
320 1715 366 1740 est
388 1713 422 1739 ut
451 1713 623 1740 castrorum
647 1712 730 1739 acies
749 1710 909 1742 ordinata.
956 1710 1133 1752 Compar-at
1157 1710 1219 1741 Ec-

240 1752 377 1785 clesiam
412 1753 493 1784 aciei
524 1751 674 1791 militari,
708 1753 890 1785 instructae
913 1754 954 1784 ad
978 1753 1219 1793 proeliandum,

239 1806 299 1827 seu
321 1796 549 1827 dimicandum.
596 1796 631 1826 ln
654 1795 717 1827 hae
741 1797 900 1834 veterani,
925 1802 956 1827 et
972 1796 1142 1827 fortissimi
1161 1797 1218 1827 ‹lu-

240 1844 352 1871 ctores
377 1837 585 1870 collocantur
608 1839 639 1870 in
658 1840 762 1880 primo
784 1840 912 1870 ordine:
936 1850 1011 1871 cum
1024 1840 1110 1870 cadit
1121 1849 1219 1878 unus,

239 1882 389 1913 succedit
415 1882 443 1912 ei
467 1881 550 1913 alter
569 1889 614 1913 'ex
637 1883 784 1913 secundo
799 1883 930 1913 ordine:
955 1893 1028 1913 cum
1039 1883 1220 1921 secundus,

240 1925 391 1957 succedit
415 1925 443 1955 ei
466 1924 552 1956 alius
576 1935 616 1956 ex
640 1926 736 1956 tertio
760 1926 886 1963 ordine,
910 1930 974 1957 etc.

326 1967 435 1998 Adam
459 1966 644 1999 collocatur
666 1968 790 2009 primus
815 1969 846 1998 in
870 1968 951 1999 acie.
996 1967 1082 2000 Huic
1105 1977 1220 1999 succe-

240 2010 320 2041 dere
342 2010 483 2042 debebat
505 2009 604 2049 Abel,
627 2012 686 2042 sed
711 2010 914 2042 interficitur.
959 2011 1081 2042 Postea
1104 2021 1219 2043 succe-

241 2053 285 2084 dit
320 2053 421 2091 Seth,
467 2053 602 2092 Enoch,
636 2052 869 2085 Mathusalem.
926 2054 1078 2085 Extincto
1114 2055 1219 2096 primo

239 2097 363 2127 mundo
387 2106 449 2136 per
472 2096 647 2134 diluvium,
681 2107 798 2128 rursus
834 2095 1019 2128 collocatur
1052 2098 1084 2128 in
1114 2098 1219 2138 prima

241 2140 313 2170 acie
332 2139 416 2176 Noe,
440 2140 495 2180 qui
516 2145 592 2181 post
616 2139 771 2171 diluvium
799 2137 859 2170 suit
881 2150 1028 2171 summus
1053 2140 1221 2182 Propheta

241 2187 273 2214 et
295 2183 475 2220 δίψει-(105,
511 2183 604 2214 cuius
633 2183 811 2224 praecipua
840 2181 898 2214 suit
920 2184 952 2214 in
975 2183 1130 2215 Ecclesia
1154 2194 1221 2214 vox

243 2231 275 2257 et
296 2225 488 2257 auctoritas.

332 2269 414 2300 Post
438 2278 511 2300 eum
533 2267 594 2300 fuit
617 2270 702 2307 Sem,
727 2268 780 2309 qui
804 2273 936 2309 putatur
958 2267 1063 2300 fuisse
1085 2267 1222 2300 Melchi-

244 2312 384 2343 sedech:
408 2318 440 2343 et
465 2322 538 2343 cum
561 2322 669 2343 novae
690 2312 848 2343 tenebrae
870 2312 1117 2352 oppressissent
1130 2322 1220 2343 mun-

246 2356 338 2393 dum,
373 2355 538 2386 excitatus
573 2361 624 2385 est
653 2354 832 2386 Abraham.
879 2354 974 2385 Hunc
1007 2356 1112 2386 secuti
1146 2361 1223 2386 sunt

244 2397 354 2436 Isaac,
378 2398 495 2436 Iacob,
518 2397 654 2438 Ioseph,
687 2398 742 2439 qui
766 2397 961 2439 gubernavit
982 2396 1167 2428 Ecclesiam
1191 2398 1223 2428 in

246 2441 412 2482 Aegypto.
456 2441 504 2472 Ibi
528 2441 706 2472 obscurata
728 2441 898 2472 doctrinae
920 2440 1080 2481 puritate,
1109 2446 1141 2472 et
1163 2440 1224 2471 Ec-

249 2483 351 2515 clesia
375 2493 551 2525 oppressa,
574 2484 737 2515 excitatus
760 2482 819 2514 tuit
842 2483 970 2521 Moses,
994 2489 1029 2514 ut
1052 2490 1084 2514 et
1107 2484 1224 2514 doctri-

249 2536 323 2557 nam
347 2537 463 2558 rursus
476 2528 687 2565 instauraret,
700 2532 732 2558 et
744 2525 901 2557 liberaret
912 2524 1109 2557 Ecclesiam.
1142 2526 1224 2558 lluic

249 2569 422 2601 adiunctus
445 2568 505 2601 fuit
527 2570 642 2602 Aaron
656 2593 665 2609 ,
698 2576 730 2601 et
752 2575 828 2611 post
850 2568 948 2601 huius
969 2575 1106 2601 mortem
1128 2568 1224 2601 Elea-

251 2621 349 2643 zarus
373 2619 506 2644 secutus
530 2619 593 2651 est,
618 2618 649 2644 et
672 2613 742 2645 eius
766 2613 902 2654 posteri.

338 2654 405 2686 Sed
438 2656 516 2697 quia
549 2656 688 2688 subinde
711 2656 905 2688 exstiterunt
925 2655 1098 2697 tenebrae,
1133 2660 1227 2687 extra

872 203 985 236 l'HlL.
1008 204 1110 246 MEL.
1133 203 1321 236 SCRIPTA
1344 203 1607 237 EXEGETICA.

2204 205 2247 238 80

1271 297 1418 328 ordinem
1452 298 1583 329 excitati
1617 304 1694 330 sunt
1726 299 1966 330 instauratores
1990 300 2179 338 doctrinae,
2214 307 2249 332 ut

1271 339 1418 372 Samuel:
1442 347 1517 382 post
1540 352 1636 382 quem
1662 340 1803 379 suerum,
1816 342 1936 380 David,
1955 342 2099 381 Nathan,
2123 342 2249 382 Helias,

1269 382 1438 422 Elisaeus,
1482 382 1570 414 hunc
1603 383 1800 415 adolescens
1834 386 1937 426 potuit
1971 387 2084 416 audire
2114 385 2248 417 Esaias:

1269 426 1403 457 Esaiam
1426 427 1550 458 audivit
1570 427 1741 458 Ieremias:
1783 427 1947 459 Ieremiam
1972 429 2094 459 audivit
2118 427 2249 460 Daniel.

1269 469 1341 500 Fuit
1365 469 1479 500 eodem
1503 475 1650 510 tempore
1674 476 1705 501 et
1718 469 1886 502 Ezechiel.
1922 470 2044 502 Postea
2057 470 2249 510 Zacharias,

1270 512 1442 555 Aggacus,
1467 511 1661 544 Malachias.

1356 572 1438 603 Post
1470 571 1559 603 huno
1594 571 1653 603 suit
1682 571 1814 614 aliquod
1838 572 2063 611 intervallum,
2099 580 2131 605 et
2154 575 2249 615 quasi

1270 614 1406 655 eclipsis
1441 622 1472 646 et
1506 613 1682 656 deliquium
1717 616 1802 646 lucis
1835 616 1868 646 in
1891 615 2053 648 Ecclesia.
2106 617 2191 648 'Nam
2215 622 2250 648 ut

1269 657 1423 689 Ecclesia
1446 656 1529 689 alias
1554 659 1672 699 magis,
1695 658 1780 689 alias
1804 659 1911 690 minus
1935 659 2048 696 lloret3
2070 659 2250 690 sicdoctri-

1269 711 1313 731 na
1346 699 1431 731 alias
1463 707 1512 731 cst
1536 702 1666 741 purior,
1702 700 1784 732 alias
1809 702 1916 732 minus
1938 712 2031 742 pura.
2077 702 2178 733 Cuius
2203 702 2250 733 rei

1269 744 1380 785 imago
1404 743 1500 774 nobis
1524 744 1695 784 proposita
1720 750 1771 774 est
1794 745 1826 774 in
1850 744 1966 775 coelo:
1990 745 2021 775 in
2046 756 2110 786 quo
2129 755 2250 785 magna

1271 792 1323 817 est
1352 787 1504 827 cognatio
1528 786 1618 818 solis
1652 793 1683 817 ct
1714 786 1838 817 Lunae.
1885 786 1944 818 Sol
1967 788 2134 829 significat
2157 787 2249 819 Chri—

1271 836 1373 860 stum:
1399 829 1492 860 Luna
1515 828 1719 860 Ecclesiam:
1748 830 1867 870 accipit
1892 836 2001 861 autem
2024 830 2117 861 Luna
2140 829 2250 862 lumen

1271 882 1367 903 suum
1390 883 1409 902 a
1433 870 1528 902 Sole.-
1562 873 1609 903 sic
1631 870 1783 903 Ecclesia
1818 871 2016 904 illuminatur
2050 884 2070 904 a
2104 872 2250 904 Christo.

1271 915 1339 946 Sed
1361 914 1457 946 Luna
1480 913 1562 946 alias
1586 916 1723 953 crescit,
1746 914 1829 947 alias
1854 917 2036 947 decrescit:
2080 917 2130 947 sic
2153 917 2251 947 etiarn

1270 957 1425 989 Ecclesia
1448 957 1547 988 habet
1570 968 1650 989 suas
1669 959 1877 995 mutation‘es,
1903 965 1934 990 et
1958 958 2031 990 aliis
2054 966 2154 1000 atque
2177 958 2251 990 aliis

1271 1001 1475 1042 temporibus
1500 1000 1574 1041 plus
1598 1003 1780 1032 autminus
1803 1000 1886 1032 lueis
1910 1002 2021 1032 habet.

1361 1060 1433 1090 Non
1456 1059 1514 1091 suit
1537 1061 1636 1101 igitur
1659 1060 1822 1102 propheta
1844 1060 1927 1092 alius
1952 1067 2028 1101 post
2052 1059 2250 1092 Malachiam

1270 1112 1378 1144 usque
1401 1103 1444 1133 ad
1469 1103 1643 1134 Iohannem
1667 1104 1866 1144 Baptistam,
1889 1105 1950 1135 etsi
1973 1104 2251 1135 Maccahaeorum

1270 1150 1417 1185 tempora
1440 1156 1524 1186 pene
1548 1147 1726 1187 attigerunt
1749 1147 1901 1184 Simeon,
1936 1152 1967 1177 et
1991 1146 2172 1178 Zacharias
2196 1157 2251 1187 pa-

1270 1194 1320 1218 ter
1343 1188 1526 1228 Baptistae.
1572 1189 1641 1219 Sed
1664 1188 1794 1220 suerunt
1824 1196 1891 1221 tum
1919 1200 2059 1231 magnae
2083 1189 2251 1221 confusio-

1270 1241 1338 1263 nes
1375 1230 1543 1262 Christum
1566 1233 1995 1272 praesentem,monstravit
2020 1233 2179 1273 Baptista.
2220 1231 2251 1262 A

1270 1274 1403 1305 Christo
1427 1274 1616 1305 missisunt
1640 1274 1797 1316 Apostoli
1825 1275 1866 1306 ad
1892 1276 2077 1306 docendum
2099 1274 2251 1316 Evange-

1269 1316 1347 1348 lium
1406 1317 1530 1347 Horum
1555 1317 1706 1358 discipuli
1732 1316 1863 1349 suerunt
1882 1317 2029 1359 ignatius
2052 1325 2083 1349 et
2097 1317 2252 1360 Polycar-

1267 1370 1350 1400 puS,
1383 1360 1550 1390 auditores
1574 1359 1744 1391 Iohannis:
1775 1366 1806 1391 et
1836 1360 1992 1392 Irenaeus
2027 1361 2158 1392 auditor
2190 1360 2252 1392 {uit

1267 1401 1458 1444 Polycarpi.

1354 1453 1397 1483 Et
1430 1463 1617 1494 quanquam
1651 1453 1759 1497 gloria
1782 1453 1957 1485 Ecclesiae
1990 1460 2068 1494 post
2102 1459 2252 1494 tempora

1269 1495 1508 1538 Apostolorum
1532 1497 1617 1527 inter
1640 1503 1758 1539 gentes
1781 1507 1845 1527 non
1866 1497 1926 1528 suit
1945 1502 2048 1535 tanta,
2073 1503 2197 1538 quanta
2219 1496 2252 1526 in

1268 1537 1391 1581 populo
1416 1539 1520 1571 lsrael
1554 1538 1677 1571 suerat:
1712 1538 1903 1571 antecelluit
1928 1541 2013 1570 enim
2036 1539 2197 1580 sapientia
2219 1543 2254 1570 et

1270 1583 1375 1614 virtus
1409 1581 1507 1614 huius
1542 1580 1654 1623 populi
1680 1582 1857 1614 Ethnieos:
1892 1588 1923 1613 et
1948 1583 1979 1613 in
2002 1583 2075 1623 ipsa
2098 1580 2252 1612 Ecclesia

1272 1624 1411 1656 collecta
1435 1635 1476 1656 ex
1499 1625 1667 1663 Etlmieis,
1689 1624 1774 1657 haec
1797 1631 1933 1656 senecta
1955 1624 2058 1656 multo
2081 1631 2133 1655 est
2157 1634 2252 1665 squa-

1271 1667 1367 1699 lidior
1390 1674 1422 1698 et
1445 1667 1635 1706 deformior,
1658 1679 1755 1709 quam
1778 1667 1834 1699 ille
1858 1669 1982 1709 primus
2002 1668 2064 1699 ssos
2077 1665 2252 1698 Ecclesiae

1271 1712 1349 1742 novi
1361 1710 1579 1742 Testamenti:
1604 1718 1712 1742 tamen
1725 1711 1818 1742 Deus
1840 1711 2001 1742 immensa
2019 1711 2165 1741 bonitate
2178 1710 2253 1740 sub-

1271 1755 1348 1785 inde
1382 1755 1538 1785 exeitavit
1561 1755 1719 1785 doctores
1743 1754 1909 1796 insigneS,
1944 1763 1985 1784 ex
2010 1754 2129 1794 quibus
2152 1751 2253 1783 nomi-

1272 1807 1352 1828 nare
1375 1807 1552 1837 possumus
1576 1797 1810 1838 Augustinum,
1833 1797 1927 1827 cuius
1950 1796 2083 1827 adiutor
2101 1794 2161 1826 suit
2172 1795 2252 1825 Pro-

1272 1850 1368 1881 sper-3
1403 1841 1464 1871 etsi
1487 1840 1650 1871 antelios
1675 1840 1706 1870 in
1731 1840 1863 1870 Graeca
1885 1837 2038 1871 Ecclesia
2066 1838 2162 1869 etiam
2185 1837 2252 1868 fue-

1272 1888 1347 1914 runt
1370 1881 1461 1914 multi
1484 1881 1686 1914 excellentes
1710 1883 1884 1914 doctores:
1918 1881 2137 1919 Athanasius,
2160 1880 2251 1911 Basi-

1271 1925 1347 1965 lius,
1371 1925 1614 1957 Nazianzenus

1357 1968 1442 2000 Puto
1477 1969 1574 1999 etiam
1597 1967 1800 2000 Methodium
1821 1965 1927 1999 fuisse
1948 1967 2111 2008 insignem
2134 1966 2251 2004 virum,

1272 2012 1326 2053 qui
1350 2011 1505 2043 refutavit
1528 2012 1681 2053 Origenis
1705 2020 1849 2042 errores.
1894 2009 1926 2040 Is·
1948 2010 2112 2051 praedixit
2123 2008 2252 2040 Turcos

1273 2055 1420 2086 exituros
1444 2064 1484 2085 ex
1507 2055 1645 2095 rupibus
1670 2053 1822 2085 Caucasi.
1852 2052 1969 2094 lnquit,
1997 2054 2188 2093 t‘ulpeculam
2212 2061 2254 2083 ex

1273 2101 1344 2129 istis
1366 2099 1500 2138 rupibus
1522 2099 1710 2128 educturum
1722 2098 1858 2128 ludaeos
1881 2099 1992 2135 russos.
2022 2093 2254 2136 vulpeculam,

1273 2139 1420 2182 intelligo
1443 2142 1677 2178 Mahometum;
1699 2139 1803 2170 ruffos
1823 2139 1975 2177 ludaeos,
2003 2140 2132 2176 Tureos,
2155 2140 2254 2170 latro-

1273 2194 1332 2216 nes
1353 2188 1510 2215 eruemus.
1556 2182 1710 2214 Nominat
1732 2188 1840 2213 autem
1864 2181 2004 2212 ludaeos
2027 2180 2147 2219 mfl‘os,
2177 2180 2254 2221 quia

1274 2237 1314 2258 ex
1337 2232 1431 2268 parte
1454 2226 1565 2267 aliqua
1587 2226 1752 2256 imitantur
1774 2223 1968 2267 religionem
1991 2224 2198 2255 ludaeorum.

1360 2269 1562 2300 Recentibus
1595 2269 1798 2309 temporibus
1828 2273 1904 2298 ante
1927 2274 2076 2298 nostram
2099 2271 2253 2304 aetatem,

1274 2311 1408 2344 suerunt
1429 2310 1609 2349 TauleruS,
1638 2319 1668 2342 et
1693 2309 1764 2349 alii,
1800 2321 1937 2351 quorum
1971 2320 2038 2341 non
2071 2318 2253 2350 possumus

1276 2356 1418 2386 omnium
1441 2355 1647 2392 meminisse,
1682 2360 1714 2385 et
1736 2354 1768 2384 in
1792 2353 1856 2384 illis
1880 2353 2152 2393 dissipationibus
2176 2361 2254 2393 gen-

1275 2399 1352 2430 tium
1377 2396 1498 2429 multae
1521 2398 1713 2428 interierunt
1732 2396 1891 2427 historiae
1913 2396 2121 2437 superiorum
2139 2404 2255 2426 saecu-

1275 2440 1398 2472 lorum:
1444 2450 1576 2482 semper
1597 2446 1706 2471 tamen
1729 2439 1861 2471 suerunt
1883 2438 2001 2480 aliqui,
2024 2438 2078 2480 qui
2100 2437 2174 2480 plus
2197 2435 2254 2467 ha·

1276 2485 1417 2515 buerunt
1439 2482 1542 2521 lucis,
1576 2488 1608 2514 et
1629 2482 1761 2514 fuerunt
1783 2488 1887 2514 testes
1910 2482 2079 2512 doctrinae
2100 2480 2255 2522 purioris,

1276 2532 1311 2558 ut
1333 2527 1428 2559 annis
1452 2527 1581 2557 circiter
1604 2531 1734 2557 centum
1757 2532 1833 2557 ante
1844 2524 2025 2556 Lutherum
2047 2523 2178 2555 suerunt
2196 2523 2256 2554 do-

1277 2571 1320 2601 cti
1342 2570 1404 2601 viri
1427 2570 1460 2600 in
1482 2568 1653 2606 Bohemia,
1678 2568 1842 2600 lohannes
1855 2568 1955 2602 lluss,
1979 2573 2012 2598 et
2033 2566 2254 2607 Hieronymus

1277 2613 1476 2655 pragensis:
1520 2613 1596 2644 item
1618 2611 1796 2643 Wesselus
1825 2610 2068 2652 Gruningensis
2092 2610 2126 2640 in
2148 2609 2256 2639 Frisia

1279 2657 1435 2699 egregius
1457 2656 1524 2692 vir3
1569 2661 1602 2687 et
1624 2653 1777 2687 Hiltenus
1799 2653 2027 2693 lsenacensis,
2049 2653 2105 2694 qui
2126 2651 2255 2694 praedi—
