2343 2970
182 149 247 181 943
831 150 944 183 PHIL.
967 151 1069 183 MEL.
1093 151 1282 186 SCRIPTA
1303 153 1569 190 EXEGETICA.
2023 138 2030 143 ι
2136 159 2202 192 944

183 246 319 298 Quare
360 253 454 288 sunt
491 247 662 288 instituti
703 249 965 303 eongTessus‘?

181 314 244 349 eSt
274 308 375 348 ratio
406 308 506 362 legis
537 308 577 348 lll
610 308 736 348 (llCtOss
775 322 943 353 Sabbatum
967 325 1166 363 sanctifices?

336 365 516 412 isarnum
547 365 623 411 leel!
652 379 744 412 mma
774 367 998 424 seierluye?

267 451 481 492 Respondeo.
527 450 620 482 Deus
644 449 715 482 vult
738 457 864 483 certum
886 450 1020 494 aliquod
1033 459 1163 494 tempus

180 495 277 526 tribui
301 495 481 526 ministerio
506 494 648 526 docendi
671 500 703 526 et
726 495 893 533 discendi,
916 502 949 527 et
971 497 1054 527 ratio
1078 494 1163 539 legis

179 538 305 579 scripta
335 544 387 568 est
417 538 448 568 in
473 537 546 578 ipsa
573 536 667 578 lege:
702 538 876 569 Sabbatum
900 539 1096 581 sanctifices,
1131 540 1163 571 id

177 586 241 618 est,
266 579 354 612 illum
379 581 464 612 ‹liem
494 579 625 612 colloca
650 581 682 611 in
707 591 829 622 operas
853 588 1000 620 sanetas,
1026 583 1059 614 in
1088 593 1162 615 aus-

178 622 390 655 cultationem
449 624 629 655 doctrinae.
682 623 724 655 Et
758 623 1036 658 auscultationem
1066 626 1162 668 sequi

178 667 275 698 debet
298 667 483 703 invocati03
513 673 633 708 postea
657 668 756 699 debet
780 670 874 709 sequi
907 670 1162 701 communicatio

176 708 374 751 officiorum,
398 710 520 741 debent
544 709 687 742 conferri
703 710 948 754 eleemosynae.
995 712 1162 753 Scriptum

176 759 228 784 est
257 754 358 784 enim:
395 753 471 784 Non
504 754 682 794 apparebis
714 764 837 786 vacuus
871 764 982 786 coram
1014 757 1161 787 Domino.
1185 743 1190 786 l

175 795 262 828 Hinc
285 798 383 827 etiam
406 797 578 838 septimum
603 797 688 828 diem
704 799 869 829 vocabant
892 799 974 829 diem
997 799 1160 837 collectae,
1185 789 1189 809 ¹

176 840 253 880 quia
277 838 335 870 illo
360 841 413 871 (lie
438 839 682 882 colligebantur
705 838 946 883 eleemosynae.
983 841 1161 873 Dusseiml

170 882 260 923 selue
282 883 364 914 ritus
384 894 535 924 yaeezcesen.
589 885 668 915 Alsa
690 883 743 914 iln-
766 885 835 915 sez‘d
859 885 937 916 Gon
959 885 1021 916 den
1045 885 1161 917 Dienst

175 926 258 958 auch
291 927 454 969 sclmlclc'y,
490 933 523 959 ut
554 927 843 959 conservationem
872 929 1042 960 ministerii
1070 929 1160 962 adiu-

174 970 270 1001 vetis.

536 1056 789 1099 Argumentum.

332 1135 421 1165 lasso
444 1143 507 1164 mm
531 1138 578 1165 est
601 1135 652 1166 Iex
671 1136 795 1175 posita.

331 1177 447 1218 loseph
471 1181 500 1208 ct
522 1177 640 1210 Maria
663 1182 758 1209 erant
780 1179 874 1209 iusti.-

331 1220 420 1261 Eryo
442 1230 506 1252 uon
528 1230 656 1253 necesse
675 1222 745 1262 fuit
767 1232 821 1253 eos
840 1222 889 1252 ire
911 1222 957 1253 ad
975 1219 1102 1261 festum.

1184 933 1188 965 ἶ

261 1297 476 1338 Respondeo.
522 1297 613 1330 Iusto
637 1308 704 1331 non
730 1305 782 1331 est
805 1298 859 1330 lex
883 1299 1009 1341 posita,
1032 1296 1160 1330 scilicet

175 1341 286 1382 quoad
309 1341 516 1372 coactionem
545 1343 676 1381 attinet,
710 1348 743 1374 et
771 1342 881 1384 quoad
913 1342 1160 1374 condemnatio·

174 1394 261 1415 nem.
307 1384 373 1426 Ipsi
395 1383 562 1423 volentes,
586 1396 682 1427 :oyen
703 1396 797 1427 ycrn,
821 1385 886 1417 rud
909 1395 997 1418 wenn
1015 1386 1047 1417 si
1063 1385 1161 1417 sehon

174 1427 263 1459 viche
280 1437 417 1469 yezoyen
446 1438 565 1467 meren,
596 1430 660 1460 end
683 1429 789 1461 Iletten
819 1433 935 1460 elman
965 1430 1016 1461 cin
1040 1428 1160 1459 vrsach

170 1469 302 1510 yehabt,
326 1480 363 1502 so
385 1481 489 1502 neren
507 1473 554 1503 sie
577 1472 691 1503 (ῙνιιηιΙ)
709 1472 797 1503 nicht
818 1472 990 1513 verdampt
1003 1481 1159 1514 ymo-esem

174 1513 283 1545 Maria
311 1514 395 1545 helle
418 1516 478 1545 ἰι-οἱ
494 1525 603 1556 νηιιφτη
628 1516 755 1547 dalzez'm
779 1515 911 1554 bleihen,
935 1515 996 1546 sed
1019 1515 1081 1556 ipsi
1104 1525 1159 1546 vo-

175 1555 286 1588 lentos
310 1555 434 1589 faciunt
456 1565 591 1599 propter
615 1558 755 1601 gloriam
778 1557 842 1590 Dei
862 1564 893 1590 et
911 1564 1048 1600 propter
1072 1568 1159 1589 com-

173 1609 306 1632 munem
331 1602 634 1643 congregationem.
682 1601 837 1633 Christus
867 1602 911 1633 ist
940 1602 987 1633 da
1011 1610 1160 1643 yesessen

176 1643 263 1674 inter
285 1644 452 1684 pessimus
477 1644 645 1686 hominesg
669 1655 735 1675 non
759 1645 846 1676 enim
869 1643 1001 1676 suerunt
1018 1643 1159 1676 virulen-

173 1686 277 1718 tiores
296 1685 446 1718 homines
471 1698 569 1729 quam
593 1688 778 1725 Pharisaei,
802 1698 941 1729 quorum
964 1686 1068 1718 falsas
1092 1686 1160 1729 opi-

173 1730 293 1761 niones
327 1728 501 1768 refutavit,
536 1731 597 1762 sed
626 1736 735 1762 tamen
764 1731 798 1762 in
827 1729 893 1762 illis
918 1731 1159 1773 congressibus
1182 1736 1186 1768 Ι

173 1771 308 1804 fuerunt
331 1771 422 1805 multi
446 1774 524 1805 boni
546 1775 626 1813 viri,
661 1775 717 1816 qui
740 1773 854 1806 laetati
877 1780 955 1806 sunt
984 1784 1026 1806 ex
1049 1774 1159 1805 animo
1182 1787 1186 1804 ι

173 1816 344 1848 audientes
368 1826 442 1848 eum
465 1817 687 1858 disputantem
718 1828 792 1849 cum
816 1817 1019 1856 pharisaeis,
1047 1822 1080 1849 et
1102 1817 1157 1848 ad·
1182 1806 1186 1838 ¹

175 1859 334 1890 mirantes
359 1860 429 1891 eius
459 1861 666 1901 sapientiam.
712 1861 770 1892 Da
798 1861 900 1892 haben
927 1861 974 1892 sie
1001 1860 1160 1891 einander

174 1900 320 1944 yesi-ayt,
342 1904 407 1934 end
431 1905 518 1935 einer
541 1904 603 1935 den
627 1905 753 1936 andern
773 1908 987 1946 (Jemzttwort,
1016 1904 1079 1936 das
1101 1903 1159 1935 Iza-

174 1945 233 1977 ben
255 1947 302 1977 sie
322 1946 487 1987 ychel'ssen
511 1946 626 1986 ὁμιλία.
677 1947 734 1979 Sic
757 1954 790 1979 et
813 1958 875 1980 nos
897 1948 1056 1980 debemus
1080 1957 1159 1978 con-

173 1989 287 2021 venire
311 1989 353 2020 ad
377 2000 583 2022 communem
596 1991 884 2022 conservationem
905 1996 1042 2032 propter
1059 1989 1158 2029 alios,

174 2037 206 2063 et
237 2032 396 2064 debemus
421 2034 623 2076 coniungere
650 2039 799 2066 nostram
828 2035 1054 2077 precationem
1084 2044 1160 2066 cum

174 2084 368 2108 commum..
742 2090 743 2093 ¹
1181 2077 1186 2086 ¹

307 2190 354 2230 Π.
418 2189 483 2230 De
515 2190 764 2245 negligentia
795 2198 1022 2247 parentum.

259 2280 366 2314 Maria
390 2287 423 2313 et
444 2281 564 2323 Ioseph
587 2281 757 2314 redierunt
778 2288 856 2324 post
879 2289 1036 2315 octavum
1057 2283 1159 2321 diem3

173 2325 257 2355 deun
278 2325 326 2356 sie
348 2327 417 2357 sein
438 2324 504 2366 vffs
527 2325 657 2366 weniyst
681 2325 756 2357 aclzt
780 2330 853 2368 tayo
875 2326 951 2367 vffm
970 2326 1039 2367 sest
1059 2337 1159 2368 yewe-

172 2377 238 2399 sen.
274 2367 314 2400 Et
334 2367 455 2400 multae
474 2367 606 2401 suerunt
629 2377 771 2400 caussae
791 2379 1034 2411 congressuum
1052 2368 1159 2412 publi-

174 2421 298 2443 corum.
344 2410 541 2444 Mansernnt
564 2412 683 2444 deinde
706 2417 739 2443 et
761 2413 905 2455 vestigia
927 2413 1024 2445 huius
1056 2414 1158 2445 moris

172 2454 207 2485 in
225 2455 395 2487 veteribus
420 2467 452 2497 ,εὖ
463 2456 570 2487 nodis.

261 2496 372 2529 Valde
405 2499 525 2537 miror,
559 2498 650 2541 quod
682 2496 805 2531 fuerint
840 2504 906 2530 tam
935 2498 1157 2542 negligentes.

174 2538 282 2571 Maria
303 2539 365 2572 fuit
387 2541 420 2572 in
440 2547 540 2573 coetu
561 2540 746 2581 mulierum,
769 2547 802 2573 et
817 2543 945 2584 putavit
962 2542 1064 2574 filium
1081 2552 1159 2574 esse

174 2583 264 2625 apud
286 2583 426 2625 Ioseph3
450 2584 572 2627 loseph
595 2583 657 2617 fuit
678 2585 713 2616 in
736 2590 834 2617 coetu
857 2585 1022 2625 virorum,
1045 2591 1078 2618 et
1099 2596 1159 2627 pu·

173 2626 256 2658 tavit
285 2637 360 2660 eum
394 2637 473 2660 esse
506 2628 594 2669 apud
622 2633 769 2661 matrem.
815 2628 901 2661 Man
927 2632 1018 2671 sayt,
1046 2638 1083 2661 er
1104 2639 1160 2671 Sey

1029 248 1165 300 Quare
1219 251 1280 282 der
1301 255 1419 283 mutter
1438 261 1523 294 yrmz
1544 253 1667 284 elmlich
1686 258 1812 294 qen-est.
1858 254 1931 287 Fuit
1960 255 2012 287 vir
2044 254 2202 297 pulcher-

1219 295 1320 326 rimus
1350 302 1382 326 et
1415 296 1528 337 specie
1563 298 1807 330 honestissima.
1854 299 2022 340 Cogitate,
2056 306 2201 340 quantus

1218 336 1315 369 dolor
1337 340 1370 370 in
1393 338 1499 370 Maria
1523 338 1643 376 suerit;
1673 339 1732 371 illa
1762 340 1923 382 cogitavit
1953 342 2079 380 onmia,
2112 333 2200 384 {uae

1216 387 1373 422 parentes
1411 383 1581 423 sapientes
1617 384 1767 425 cogitare
1802 385 1934 416 debent.
1979 385 2053 417 Fuit
2086 384 2200 418 adole-

1217 434 1317 455 scens
1340 424 1580 465 pulcherrimus
1611 431 1644 457 et
1673 426 1982 468 ingeniosissimus,
2011 434 2043 460 et
2066 426 2200 461 fuerunt

1216 467 1249 498 in
1283 466 1349 499 illis
1383 468 1469 500 locis
1504 468 1667 510 plagiarii,
1703 471 1952 503 menschemlieb.
2008 472 2043 502 Si
2077 470 2199 514 aliquis

1217 520 1290 542 eum
1312 512 1507 544 abduxisset
1541 519 1574 544 et
1596 513 1812 553 vendidisset,
1847 515 2006 557 cogitate,
2040 521 2200 556 quantum

1216 553 1339 586 malum
1362 555 1428 586 hoc
1451 554 1581 587 suisset.
1628 555 1719 588 Haec
1744 557 1853 589 omnia
1883 559 2028 598 oportuit
2058 557 2200 590 Mariam

1216 598 1380 639 cogitare:
1409 598 1458 630 Tu
1482 599 1594 640 perdis
1624 599 1828 632 salvatorem
1856 601 1958 632 totius
1983 602 2115 643 generis
2138 601 2199 633 hu-

1215 641 1314 679 mani,
1361 642 1418 673 tibi
1453 653 1473 673 a
1506 642 1580 674 Deo
1615 644 1791 676 mandatus
1820 649 1881 676 est.
1938 644 2031 676 Haec
2067 650 2100 676 et
2132 643 2200 676 alia

1214 683 1318 716 multa
1342 685 1509 728 cogitavit.

1258 799 1430 852 Quaero,
1463 808 1598 842 utrum
1630 808 1843 857 peceatum
1880 802 1993 842 Evae
2025 801 2145 843 fuerit

1361 863 1501 914 maius,
1533 877 1586 902 an
1617 869 1831 917 peceatum
1862 862 2044 905 Mariae?

1216 988 1247 1020 M
1290 946 1513 997 ‘Respondem
1549 946 1729 978 Peccatum
1751 946 1842 978 Evae
1865 944 1925 978 fuit
1954 947 2060 978 maius
2096 955 2196 988 quam

1214 1012 1223 1020 .
1250 999 1350 1022 ariae.

1635 1074 1771 1107 Contra.

1369 1146 1507 1177 Obiecla
1529 1145 1717 1177 discernunt
1739 1150 1878 1187 peccata
1899 1146 2069 1178 secundum
2092 1146 2197 1179 maim·

1437 1193 1468 1221 et
1489 1190 1600 1220 minus.

1370 1233 1488 1264 Maria
1506 1233 1656 1272 peccavit
1677 1233 1712 1263 in
1733 1233 1855 1265 maiori
1876 1232 2019 1264 obtecto:

1368 1275 1458 1317 Eryo
1480 1276 1617 1308 Illariae
1638 1280 1804 1317 peccatum
1827 1277 1930 1308 maius
1947 1275 2024 1316 luit.

1300 1352 1517 1394 lte-spondeo.
1564 1353 1704 1385 Obiecta
1728 1354 1936 1394 distinguunt
1957 1358 2106 1395 peccata.
2130 1352 2200 1385 Ve-

1213 1406 1285 1427 rum
1309 1403 1373 1435 est,
1396 1395 1525 1428 scilicet
1547 1398 1653 1428 minus
1676 1397 1911 1438 principaliter,
1935 1397 1996 1428 sed
2019 1406 2086 1428 non
2107 1396 2198 1438 prin-

1214 1438 1376 1480 cipaliter.
1426 1439 1605 1471 Distinctio
1634 1446 1847 1480 peccatorum
1877 1438 2070 1481 principalis
2095 1439 2197 1470 sumi-

1213 1488 1266 1513 tur
1285 1492 1325 1514 eo
1349 1483 1480 1514 caussis
1508 1483 1744 1520 interioribus3
1768 1493 1910 1515 caussae
1934 1489 2042 1514 autem
2075 1482 2198 1523 princi-

1212 1523 1306 1566 pales
1337 1526 1511 1557 interiores
1548 1526 1624 1556 boni
1652 1536 1713 1557 seu
1742 1525 1820 1557 mali
1848 1526 1959 1566 operis
1990 1530 2068 1556 sunt
2102 1533 2197 1556 mens

1211 1567 1400 1610 intelligens
1425 1569 1615 1600 mandatum
1628 1567 1704 1606 Dei,
1729 1574 1761 1600 et
1784 1567 1940 1600 voluntas
1959 1569 2197 1609 obtemperans

1212 1621 1274 1642 seu
1308 1622 1512 1654 repugnans.
1569 1610 1724 1643 Exterior
1764 1621 1886 1644 caussa
1919 1617 1970 1643 est
2012 1611 2197 1643 obiectum:

1210 1653 1288 1695 plus
1304 1661 1356 1686 est
1375 1656 1530 1687 occidere
1548 1660 1676 1696 patrem
1699 1665 1797 1696 quam
1815 1655 1915 1687 alium
1932 1654 2114 1691 hominem;
2137 1664 2197 1697 po-

1210 1703 1276 1729 test
1298 1704 1407 1729 tamen
1436 1698 1523 1733 fieri,
1547 1706 1582 1730 ut
1615 1697 1692 1740 plus
1724 1706 1873 1739 peccet,·
1895 1700 1950 1741 qui
1984 1698 2105 1730 occidit
2137 1695 2196 1729 ali-

1212 1751 1309 1782 quem
1348 1741 1551 1781 voluntarie,
1586 1752 1684 1783 quam
1714 1741 1786 1781 ille,
1824 1743 1878 1784 qui
1912 1742 2033 1773 occidit
2066 1746 2196 1782 patrem

1211 1786 1361 1827 ignarus,
1384 1791 1420 1817 ut
1433 1785 1581 1827 Oedipus
1606 1786 1728 1817 occidit
1750 1792 1879 1827 patrem
1896 1786 2050 1828 ignarus3
2074 1784 2136 1815 sed
2147 1782 2195 1816 la·

1213 1835 1264 1860 tro
1288 1829 1395 1871 magis
1419 1836 1536 1870 peccat
1559 1830 1717 1861 occidens
1747 1828 1892 1871 aliquem
1919 1828 2132 1871 peregrinum
2161 1828 2197 1860 in

1211 1872 1266 1904 via
1285 1871 1415 1904 volens.
1942 1902 1949 1905 ,

1298 1915 1351 1946 Ad
1366 1914 1545 1948 Minorem.-
1567 1916 1686 1948 lllarz‘a
1700 1917 1848 1957 peccavit
1867 1917 1901 1947 in
1922 1916 2044 1947 maiori
2063 1915 2194 1948 obiecto.

1211 1958 1337 1991 Verum
1361 1966 1421 2000 est,
1445 1959 1505 1990 sed
1529 1970 1596 1991 non
1615 1960 1770 2001 peccavit
1792 1965 1910 1991 contra
1939 1959 2195 1996 conscientiam3

1210 2014 1278 2035 non
1296 2004 1382 2035 enim
1406 2001 1524 2035 volens
1548 2001 1648 2045 elegit
1670 2003 1736 2034 hoc
1747 2002 1881 2040 malum,
1904 2003 1964 2034 sed
1977 2002 2104 2043 putavit
2115 2002 2196 2033 ado-

1211 2046 1397 2079 lescentem
1426 2056 1504 2078 esse
1533 2047 1622 2088 apud
1650 2045 1781 2087 loseph.
1827 2045 1974 2078 Peccata
2005 2043 2195 2086 principali-

1212 2096 1261 2122 ter
1305 2090 1550 2132 distinguuntur
1593 2090 1775 2121 secundum
1810 2089 1984 2120 interiores
2031 2098 2194 2126 eaussas3

1211 2140 1332 2176 postea
1366 2133 1611 2175 distinguuntur
1634 2133 1732 2164 etiam
1760 2133 1946 2164 secundum
1969 2132 2194 2164 diversitatem

1212 2178 1437 2215 obiectorum,
1467 2175 1528 2207 sed
1557 2176 1665 2208 minus
1695 2174 1932 2218 principaliter.
1977 2173 2112 2216 Duplex
2140 2180 2195 2207 est

1211 2220 1417 2262 ignorantia:
1453 2218 1613 2260 affectata
1646 2226 1679 2250 et
1713 2228 1776 2250 non
1808 2218 1976 2259 affectata.
2026 2217 2196 2250 Affectata

1211 2263 1399 2305 ignorantia
1422 2268 1474 2294 est
1496 2269 1670 2304 peccatum
1693 2259 1811 2294 contra
1841 2261 2098 2299 conscientiam;
2131 2261 2195 2294 sed

1211 2307 1252 2338 de
1276 2307 1328 2338 his
1351 2304 1488 2338 multum
1510 2305 1697 2348 disputatur
1720 2306 1753 2337 in
1783 2305 1933 2338 doctrina
1961 2303 2195 2347 philosophica.

1212 2356 1245 2381 et
1263 2348 1462 2392 theologica·
1509 2347 1571 2381 Est
1593 2355 1702 2380 autem
1725 2355 1899 2390 peccatum
1927 2354 2042 2380 contra
2064 2348 2194 2380 consci-

1212 2394 1349 2425 entiam:
1372 2391 1505 2435 quando
1527 2391 1648 2434 aliquis
1670 2392 1790 2424 volens
1813 2390 1895 2424 facit
1917 2397 2034 2423 contra
2056 2391 2194 2424 manda-

1211 2442 1280 2468 tum
1302 2435 1377 2469 Dei.
1423 2436 1513 2468 Sicut
1534 2434 1618 2475 Eva,
1642 2436 1696 2467 die
1716 2436 1819 2474 weiss,
1837 2435 1900 2467 clas
1921 2445 1955 2467 es
1979 2434 2058 2467 Gott
2078 2435 2193 2468 verbo·

1211 2484 1264 2511 ten
1286 2480 1350 2512 hot,
1396 2479 1565 2510 Ambulate
1597 2483 1764 2517 accurate,
1800 2488 1864 2510 non
1896 2482 1931 2510 ut
1949 2477 2059 2518 fatui,
2086 2478 2194 2522 inquit

1210 2522 1349 2563 Paulus,
1370 2520 1500 2555 frenate
1521 2522 1664 2564 impetus
1688 2527 1722 2555 et
1739 2521 1983 2555 locomotivam.

2336 0 2343 63 ἒ

2339 66 2343 84 Ι
