2374 2985
125 200 168 232 29
803 200 1018 232 POSTILLA
1045 200 1442 235 MELANTIIONIANA.
2080 206 2122 239 30

126 293 210 323 νίεεΙι
232 293 362 332 yethan,
393 292 452 322 das
474 303 507 322 er
535 293 583 321 ein
605 290 704 331 Kre'ey
725 291 780 321 leat
803 293 997 331 anyefanyen
1021 293 1097 331 auffs

126 335 264 376 Kaysers
286 335 413 367 baretel:
435 334 542 366 Stulte
564 333 641 366 fecit
663 335 766 375 Papa,
790 336 877 376 quod
901 335 1020 366 fiducia
1043 346 1096 376 pe-

126 380 242 410 cuniae
272 378 569 409 subininistramlae
595 388 615 408 a
645 377 807 415 Caesare,
836 376 955 408 bellum
979 387 1097 419 gerere

126 420 240 452 voluit.
285 420 402 452 Cicero
426 421 498 461 ipse
521 418 727 460 reprehendit
748 419 918 457 Crassum,
943 420 1030 460 quod
1053 421 1095 451 di-

126 465 222 495 vitias
246 464 395 494 definiret
425 473 464 493 ex
494 468 625 503 sumptu
654 461 805 494 faciendo
829 463 860 493 in
886 461 995 492 bellis:
1020 464 1096 503 quia

125 505 188 537 hae
213 517 277 537 non
301 512 376 537 sunt
395 506 526 536 divitiae
543 506 755 546 privatorum,
776 511 807 535 et
823 510 954 546 oportet
972 505 1095 536 discer-

125 559 205 580 nere
235 550 362 580 divitias
392 549 590 589 privatorum
618 547 801 586 hominum,
837 553 869 578 et
897 557 1012 578 eorum
1040 548 1095 589 qui

125 597 238 623 tenent
262 592 404 632 imperia.

211 635 340 665 Seneca
364 635 440 664 citat
464 642 504 663 ex
529 632 670 673 Epicuro
694 630 790 663 aliam
809 632 1029 663 definitionem
1050 633 1094 663 di-

125 678 291 715 vitiarum,
325 686 409 717 quae
443 681 494 706 est
517 675 649 706 melior:
684 675 825 704 Divitiae
847 675 979 704 suntad
1001 675 1094 714 leycm

124 724 254 749 naturae
287 721 457 758 composita
488 722 665 757 paupertas.

124 761 241 800 hahet,
276 768 431 803 quantum
465 761 546 791 satis
581 767 632 791 est
665 767 811 792 naturae.
869 759 1000 801 Pauper
1030 766 1092 798 est,

124 805 179 845 qui
203 816 267 836 non
290 805 388 835 habet,
410 810 545 834 naturae
568 805 768 834 necessaria.
814 802 954 838 Quando
979 809 1012 833 tu
1035 802 1092 833 ha-

124 848 184 877 bes
218 849 336 878 victum
367 852 398 877 et
421 847 589 883 amictum,
623 852 655 876 et
678 845 781 876 libros
811 846 1039 882 necessarios,
1062 851 1093 875 et

124 888 317 930 hospitium,
340 899 376 920 es
401 889 462 919 iam
486 889 578 920 dives
602 899 660 929 pro
686 895 740 920 tuo
764 889 873 919 modo.
927 889 989 923 Qui
1013 899 1092 919 vero

124 942 258 962 uxorem
282 938 314 962 et
336 931 459 962 liberos
483 931 597 968 habet,
626 932 750 973 indiget
777 929 938 971 pluribus.
993 929 1093 962 Nulla

123 975 207 1004 enim
232 980 282 1005 est
301 974 492 1005 oeconomia
516 980 581 1004 tam
604 984 724 1014 parva,
752 983 836 1014 quae
859 983 924 1004 non
948 974 1093 1014 indigeat

123 1015 232 1048 multis
256 1022 288 1047 et
310 1017 437 1058 magnis
462 1017 571 1046 rebus.
620 1014 859 1047 Paterfamilias
883 1023 950 1047 tum
974 1022 1024 1047 est
1048 1017 1093 1047 di-

123 1068 197 1092 ves,
222 1060 352 1100 quando
378 1059 493 1095 habet,
518 1059 607 1099 quod
631 1059 694 1090 sibi
718 1066 749 1090 et
773 1057 915 1089 familiae
938 1059 1018 1089 satis
1042 1065 1092 1089 est

122 1112 182 1142 pro
207 1112 268 1132 suo
291 1103 402 1139 mon
424 1107 457 1132 ut
477 1102 552 1132 iude
572 1112 645 1132 cum
669 1111 772 1132 uxore
796 1108 827 1131 et
850 1100 963 1132 liberis
987 1102 1093 1141 possit

120 1145 329 1175 mediocriter
363 1145 489 1181 vivere,
523 1154 629 1185 neque
664 1151 804 1185 cogatur
838 1153 915 1174 esse
948 1145 981 1174 in
1015 1154 1093 1175 aere

120 1185 240 1217 alieno.
285 1187 359 1217 Non
383 1186 500 1227 loquor
524 1187 584 1216 iam
609 1187 648 1217 de
672 1186 804 1217 furiosis·
827 1186 1092 1226 profusionibus3

120 1229 207 1260 sicut
235 1228 334 1270 aliqui
363 1231 393 1260 in
424 1230 558 1259 urbibus
589 1228 779 1266 metallicis,
814 1239 886 1259 cum
910 1230 1093 1260 crevissent

122 1272 264 1311 opibus,
300 1271 451 1302 lavarunt
484 1272 516 1301 in
551 1270 748 1309 malvatico,
786 1277 818 1302 et
860 1270 1091 1302 calceaverunt

122 1323 225 1354 equos
264 1313 386 1344 calceis
422 1314 604 1355 argenteis,
645 1321 676 1344 et
710 1315 759 1345 usi
793 1320 870 1344 sunt
905 1313 1090 1344 calcaribus

121 1357 246 1386 aureis:
271 1357 310 1386 de
334 1358 449 1397 quibus
473 1357 604 1387 dicitur:
626 1357 799 1386 stultitiam
819 1357 983 1394 patiuntur
1005 1367 1088 1395 opes.

206 1398 258 1428 Ad
283 1397 390 1440 legem
414 1405 551 1430 naturae
573 1399 661 1431 heis-t,
688 1410 772 1427 u-emn
797 1401 878 1427 einer
896 1409 930 1427 so
950 1399 1011 1428 viel
1025 1399 1089 1432 liat,

122 1440 168 1468 als
195 1440 257 1469 ιἸιηι·
278 1452 334 1469 ιτοη
358 1445 447 1470 niiten
471 1444 526 1475 ist,
551 1441 614 1470 wid
636 1441 782 1470 braaoelzcs
804 1441 903 1475 rec-ht,
927 1442 991 1470 und
1013 1441 1091 1470 lzclcs

121 1483 199 1511 etur-li
232 1478 264 1512 :ic
298 1484 384 1513 rlmt:
426 1485 455 1514 id
491 1490 564 1521 est,
605 1495 678 1515 cum
713 1485 784 1525 quis
819 1484 918 1515 habet
951 1490 1088 1522 tantum,

121 1531 276 1566 quantum
311 1527 371 1557 sibi
407 1536 490 1567 opu<
521 1532 570 1557 est
599 1527 641 1557 ad
672 1527 881 1558 necessarios
912 1536 993 1557 usus
1016 1538 1090 1558 cum

120 1568 259 1608 quadam
282 1567 486 1610 frugalitate3
509 1570 584 1611 quia
607 1568 740 1600 multum
764 1570 918 1606 interest,
943 1575 977 1600 ut
999 1576 1090 1601 reete

120 1617 249 1641 utamur
273 1612 408 1648 divitiis-3
433 1618 464 1642 et
488 1618 617 1653 oportet
641 1622 723 1653 opes
746 1622 810 1642 non
836 1612 1006 1652 profundi,
1030 1613 1090 1643 sed

120 1655 322 1684 conservari.
372 1679 374 1682 ,
399 1665 437 1683 οη
460 1657 543 1685 enim
566 1656 664 1684 minor
687 1659 732 1684 est
754 1657 865 1688 viz-las,
889 1666 978 1694 quam
1001 1665 1090 1694 quae-

120 1704 199 1728 rere,
219 1699 315 1733 parta
333 1699 421 1725 tucri.

206 1737 257 1767 Ad
288 1737 352 1768 hoc
381 1740 555 1779 requiritur
583 1741 799 1779 parsimonia,
829 1739 882 1771 vel
904 1739 1089 1781 frugalitas,

121 1789 204 1819 quae
235 1786 285 1810 est
313 1781 416 1811 virtus
448 1792 586 1811 servans
611 1783 740 1812 niodum
764 1784 794 1813 in
818 1785 1033 1823 apparatibus
1057 1790 1089 1813 et

119 1823 314 1862 sumptibus,
359 1823 434 1853 Alia
458 1824 561 1854 virtus
585 1830 635 1854 est
658 1826 889 1864 temperantia,
914 1836 997 1866 quae
1020 1835 1088 1856 ser-

119 1868 173 1893 vat
195 1865 324 1895 modum
350 1867 380 1895 in
406 1867 479 1896 cibo
503 1873 534 1896 et
559 1873 646 1906 potu.
691 1866 760 1896 Nos
781 1867 935 1897 Germani
953 1878 1018 1899 non
1041 1869 1087 1898 in-

118 1904 313 1947 telligimus,
337 1908 413 1948 quid
437 1910 479 1938 sit
502 1908 554 1939 vel
579 1910 808 1948 temperantia,
839 1908 892 1940 vel
914 1909 1088 1952 frugalitas

118 1956 174 1978 aut
198 1956 287 1979 certe
310 1960 375 1980 non
400 1961 603 1982 exercemus.

204 1991 358 2023 Extrema
383 1991 580 2034 frugalitatis
604 2000 680 2024 sunt
704 1993 867 2034 profusio,
894 2000 925 2024 et
947 1993 1086 2026 illuvies.

119 2032 270 2064 profusio
303 2042 353 2065 est
383 2035 497 2073 luxus,
530 2042 562 2067 ut
593 2048 663 2067 cum
693 2038 724 2067 in
754 2036 837 2067 aulis·
864 2049 926 2068 uno
951 2038 1086 2078 prandio

119 2084 326 2116 apponuntur
348 2077 474 2109 fercula
500 2086 645 2110 trecenta
667 2080 708 2110 ad
733 2081 996 2111 ostentationem.
1046 2079 1086 2110 ll-

117 2116 222 2148 luvies
246 2126 312 2157 est,
338 2132 409 2151 cum
433 2122 505 2162 quis
530 2132 668 2161 prorsus
691 2123 824 2153 sordide
848 2129 879 2153 et
899 2124 1017 2154 misere
1041 2124 1086 2154 xi-

117 2161 179 2198 vit,
208 2168 240 2191 et
270 2161 346 2193 facit
376 2165 437 2194 vim
470 2170 614 2194 naturae.
667 2165 803 2204 Proprie
833 2164 1006 2207 frugalitas
1036 2172 1087 2196 est

115 2212 211 2243 apum
234 2205 354 2240 virtus,
387 2212 417 2235 et
448 2212 497 2237 est.
520 2207 551 2237 in
576 2208 719 2238 carmine
744 2209 884 2248 quodam
910 2209 1084 2240 simonidis

117 2244 250 2277 collatio
282 2247 449 2278 mulierum
481 2259 554 2279 cum
585 2256 700 2280 natura
731 2252 933 2291 quorundam
965 2253 1084 2282 anima-

115 2285 203 2318 lium.
261 2288 316 2319 illa
347 2290 590 2322 materfamilias
621 2293 739 2323 dicitur
769 2294 905 2333 optima,
939 2305 1016 2333 qnae
1039 2298 1083 2323 est

116 2340 207 2367 upum
235 2332 356 2360 similis:
387 2334 416 2363 id
449 2341 515 2370 est,
546 2341 637 2365 casta
669 2342 699 2365 et
728 2334 881 2377 s1·ugalis;
905 2339 979 2377 quia
1002 2348 1081 2378 apes·

116 2379 192 2402 sunt
225 2380 354 2412 castae,
389 2386 453 2406 non
489 2377 624 2418 gignunt
655 2388 695 2408 ex
726 2380 919 2415 concubitu,
953 2381 1010 2410 sed
1042 2391 1081 2410 ex

116 2423 191 2444 rore
214 2415 369 2456 colligunt
394 2417 525 2455 foetum,
546 2430 639 2460 quem
663 2427 780 2461 postca
803 2420 988 2453 excludunt.
1022 2422 1082 2453 Est

114 2455 253 2527 HUIChm
286 2460 393 2500 imago
427 2460 613 2500 Ecclesiae,
647 2473 730 2504 quae
765 2465 909 2505 gignitur
937 2475 977 2495 ex
1006 2475 1081 2496 rore

138 2501 292 2531 oen-tuae.

723 717 781 747 llle
816 726 866 748 est
895 718 1004 754 dives,
1039 719 1093 758 qui
1119 734 1121 753 ς

1163 300 1329 340 Licetne
1360 300 1512 340 habere
1547 299 1774 342 Christiano
1807 303 1983 353 divitiam,
2016 318 2106 343 eum

1338 377 1402 416 hie
1433 377 1546 417 dives
1578 378 1927 432 reprehendatur?

1234 474 1443 516 Respondeo.
1500 475 1560 506 Est
1593 475 1734 513 licitum3
1768 478 1845 519 quia
1879 479 2009 511 divitiae
2045 489 2118 511 sunt

1147 519 1361 549 necessariae
1394 518 1434 548 ad
1459 520 1745 550 conservationem
1777 522 1944 561 corporis,
1980 523 2055 553 item
2079 524 2121 554 ad

1148 561 1377 592 necessitatem
1406 562 1671 600 oeconomicam,
1702 568 1733 593 et
1763 564 1806 593 ad
1835 566 2120 596 conservationem

1147 602 1339 642 Ecclesiae,
1363 613 1425 634 seu
1449 604 1634 642 ministerii,
1665 611 1696 635 et
1718 611 1754 636 ut
1776 614 2016 638 conserventur
2038 607 2119 639 Res-

1146 645 1311 686 publicae.

1232 706 1401 746 Scriptura
1424 707 1586 747 approbat
1610 707 1738 737 divitias
1762 708 1793 738 in
1819 708 1868 738 his
1894 709 2007 740 dietis:
2038 710 2119 739 Fon-

1146 752 1191 777 tes
1220 750 1265 777 ίιιὶ
1292 749 1467 777 deriventur
1492 750 1599 786 fora-5,
1630 750 1686 778 secl
1717 754 1749 779 tn
1772 751 1913 780 ‹loniimts
1936 762 2038 781 eoru-n
2059 764 2118 781 ma-

1144 794 1224 819 neto.
1271 791 1368 819 Dives
1391 795 1420 820 et
1438 802 1561 830 pauper
1582 802 1642 820 una
1670 792 1829 830 lmbitant3
1859 794 2012 824 Dominus
2036 796 2118 832 faci!

1144 837 1309 872 utriunque.
1363 833 1399 864 Si
1428 843 1542 864 omnes
1572 840 1686 865 essent
1715 846 1819 877 aeque
1847 847 2030 877 pauperes,
2055 848 2118 868 non

1144 882 1284 916 possent
1308 877 1498 907 conservari
1524 876 1753 918 Respublicae.
1804 879 1947 910 Pecunia
1972 887 2022 910 est
2046 891 2118 911 ncr-

1144 928 1205 949 vus
1228 929 1335 950 rerum
1360 920 1586 960 gerendarum.
1632 919 1728 955 Quod
1753 923 1780 952 si
1804 932 1909 964 aeque
1927 923 2046 954 divites
2066 933 2118 954 es-

1145 967 1218 992 sent
1241 971 1375 999 omncS,
1399 972 1494 992 nemo
1518 963 1692 994 inserviret
1715 963 1820 996 alteri.

1230 1021 1334 1052 Dives
1365 1021 1427 1052 iste
1453 1032 1519 1052 non
1543 1023 1793 1063 reprehenditur
1814 1031 1951 1065 propter
1975 1026 2116 1063 divitias,

1144 1064 1204 1094 sed
1227 1069 1362 1104 propter
1385 1065 1534 1095 abusum.
1588 1065 1697 1097 Verus
1728 1077 1810 1098 usus
1840 1068 2024 1099 divitiarum
2047 1067 2117 1109 pla-

1146 1111 1197 1136 cet
1224 1106 1315 1142 Deo3
1351 1107 1411 1137 sed
1440 1106 1493 1137 hic
1522 1108 1789 1148 reprehenditur3
1818 1111 1905 1150 quod
1936 1110 2117 1150 profuderit

1145 1149 1270 1187 divitis,
1294 1155 1323 1179 et
1347 1159 1412 1180 non
1442 1149 1616 1181 contulerit
1644 1152 1685 1182 ad
1715 1154 1925 1183 necessarios
1954 1163 2055 1192 usus,
2085 1161 2118 1184 et

1144 1190 1328 1232 neglexerit
1350 1191 1528 1222 Lazarum:
1557 1194 1642 1224 sieut
1665 1194 1727 1224 iam
1750 1202 1890 1236 peccant
1912 1195 2019 1233 multi,
2051 1198 2115 1237 qui,

1145 1244 1218 1265 cum
1251 1240 1406 1274 possent,
1438 1244 1505 1264 non
1538 1233 1646 1266 ferunt
1680 1247 1774 1277 opem
1803 1238 1941 1268 miseris
1995 1238 2115 1271 Postea

1144 1275 1245 1307 multa
1268 1275 1333 1306 alia
1356 1277 1431 1307 vitia
1453 1277 1737 1317 reprehenduntur
1760 1280 1790 1310 in
1810 1281 1872 1311 isto
1892 1281 2001 1312 divite.
2041 1281 2114 1312 Non

1144 1319 1266 1349 audivit
1290 1317 1406 1349 Mosen
1431 1324 1463 1349 et
1485 1319 1688 1361 Prophetas,
1720 1329 1751 1353 et
1773 1322 1833 1354 fuit
1856 1324 1927 1354 sine
1949 1325 2115 1364 poeniten-

1143 1361 1205 1399 tia,
1229 1367 1261 1392 et
1284 1362 1355 1392 sine
1379 1361 1452 1393 fide.

1229 1420 1334 1452 Huius
1357 1422 1404 1453 rei
1427 1422 1556 1463 signum
1580 1422 1657 1461 fuit,
1680 1425 1767 1465 quod
1790 1425 1908 1456 dicitur
1931 1426 2114 1464 victitasse,

1144 1473 1203 1494 seu
1231 1463 1383 1503 epulatus
1413 1474 1489 1495 esse
1516 1467 1659 1506 quotidie
1687 1466 1867 1507 splendide.
1923 1468 1957 1498 ln
1983 1468 2114 1500 Graeco

1143 1512 1194 1537 est
1223 1506 1469 1547 εὐφραινόμενος,
1498 1507 1530 1538 id
1559 1514 1628 1546 est,
1656 1509 1737 1540 nihil
1766 1509 1872 1547 aliud,
1903 1521 1999 1552 quam
2022 1510 2114 1542 laeti-

1142 1550 1218 1580 tiam
1242 1555 1274 1579 et
1297 1549 1486 1590 voluptates
1510 1557 1657 1582 sectatus
1681 1558 1748 1589 est3
1777 1563 1842 1583 non
1871 1552 1930 1584 fuit
1957 1556 1989 1584 in
2014 1564 2053 1585 eo
2076 1555 2114 1585 ti-

1142 1602 1214 1622 mor
1237 1591 1317 1629 Dei,
1342 1593 1420 1623 vixit
1442 1593 1513 1623 sine
1538 1592 1717 1625 doloribus.
1764 1595 1825 1630 Qui
1849 1606 1928 1627 vero
1952 1595 2026 1627 talis
2050 1604 2113 1634 est,

1143 1635 1236 1665 etiam
1261 1636 1333 1666 sine
1362 1634 1425 1665 fide
1455 1642 1521 1672 θεῖς
1555 1637 1631 1677 quia
1654 1637 1737 1668 fides
1761 1639 1981 1670 exsuscitatur
2004 1646 2035 1670 ct
2059 1650 2112 1670 ac-

1142 1678 1291 1708 cenditur
1324 1678 1357 1708 in
1388 1679 1595 1718 poenitentia.
1656 1681 1717 1715 Qui
1747 1691 1811 1711 non
1843 1683 1940 1712 sentit
1964 1683 2112 1713 morbum

1141 1729 1251 1756 suum,
1287 1731 1353 1750 nou
1383 1722 1511 1761 quaerit
1540 1722 1580 1752 de
1610 1722 1802 1754 Mediatore.
1857 1724 1927 1754 Nisi
1951 1726 1993 1755 sit
2017 1723 2113 1755 dolor

1141 1760 1277 1802 aliqum,
1310 1773 1351 1793 ne
1375 1764 1506 1803 quidem
1528 1764 1665 1806 intelligi
1694 1772 1820 1805 potest,
1854 1767 1931 1807 quid
1955 1767 1996 1797 sit
2016 1767 2109 1805 tideS,

1141 1806 1273 1845 erigens
1298 1806 1400 1835 eorda
1423 1806 1453 1835 iu
1478 1807 1564 1837 seria
1588 1809 1818 1838 conversione.

1226 1863 1366 1904 Propter
1388 1863 1471 1894 haec
1494 1865 1590 1906 igitur
1614 1873 1749 1906 peccata
1773 1868 1866 1898 dives
1891 1869 1951 1899 iste
1979 1869 2110 1900 damna-

1140 1911 1192 1936 tus
1226 1912 1294 1942 est,
1334 1917 1399 1936 non
1437 1913 1544 1938 autem
1581 1908 1771 1949 simpliciter
1806 1918 1941 1951 propter
1970 1912 2109 1942 divitias.

1140 1958 1223 1988 quae
1243 1954 1318 1978 sunt
1341 1949 1425 1979 dona
1443 1949 1518 1987 Dei,
1542 1957 1573 1980 et
1596 1953 1712 1991 quibus
1737 1962 1797 1984 nos
1822 1952 1887 1984 vult
1909 1953 2000 1984 Deus
2020 1961 2109 1986 recte

1139 1991 1195 2021 uti.
1248 1992 1338 2021 Sicut
1372 1991 1592 2032 pulcherrima
1622 1993 1677 2025 illa
1708 1994 1928 2026 simulitudine
1961 1997 2108 2036 exprimi-

1139 2039 1205 2065 tur,
1230 2043 1325 2073 quani
1351 2043 1391 2064 ex
1417 2035 1504 2065 dicto
1528 2035 1715 2068 Salomonis
1739 2044 1836 2068 autea
1859 2039 1971 2069 citavi:
1995 2040 2109 2068 Fontes

1139 2077 1185 2104 tui
1207 2076 1382 2105 ‹lem-entur
1397 2078 1497 2114 foras.
1542 2078 1781 2110 Paterfamilias
1805 2082 1901 2111 debet
1923 2082 1955 2112 in
1974 2081 2106 2112 hortulo

1139 2128 1199 2148 suo
1230 2117 1353 2149 habere
1383 2118 1523 2158 fontem,
1559 2132 1598 2151 ex
1632 2132 1697 2163 quo
1730 2122 1824 2154 rivuli
1860 2131 2053 2164 promanent
2075 2125 2106 2155 in

1137 2159 1282 2201 plateaS,
1316 2162 1400 2193 unde
1428 2163 1481 2193 alii
1511 2174 1642 2205 quoque
1670 2164 1820 2196 hauriant
1851 2176 1979 2207 aquam.
2035 2166 2107 2197 Hoc

1137 2209 1184 2233 est
1211 2211 1420 2244 praeceptum
1445 2206 1484 2236 de
1509 2205 1754 2248 Eleemosynis,
1784 2218 1843 2238 seu
1872 2210 1910 2239 de
1935 2211 2105 2240 communi-

1137 2247 1266 2277 catione
1286 2253 1472 2278 nostrarum
1496 2247 1701 2280 facultatum:
1725 2251 1789 2281 Sed
1814 2251 1957 2282 additur:
1990 2251 2105 2280 TnDo-

1135 2290 1232 2318 mimas
1259 2293 1388 2319 maneto.
1446 2290 1479 2321 ld
1507 2293 1666 2333 praecipit
1695 2292 1792 2323 simul
1823 2295 1863 2324 (le
1893 2295 2103 2333 parsimonia.

1136 2330 1372 2362 Paterfamilias
1402 2333 1499 2364 debet
1529 2346 1728 2366 conservare
1758 2335 1909 2373 fundum,
1939 2346 2003 2366 non
2032 2347 2105 2377 pro-

1135 2372 1282 2404 fundere.
1328 2375 1430 2406 Simul
1450 2378 1544 2407 etiam
1569 2378 1716 2408 sancitur
1738 2377 1790 2409 hic
1815 2379 1979 2409 distinctio
2004 2379 2103 2409 domi-

1134 2417 1260 2447 niorum
1285 2423 1317 2448 et
1338 2417 1536 2450 facultatum.
1585 2420 1677 2450 Deus
1701 2431 1765 2451 non
1790 2419 1972 2451 delectatur
1995 2420 2103 2461 profu—

1133 2459 1291 2494 sionibus,
1315 2466 1346 2490 et
1369 2462 1422 2501 qui
1448 2460 1601 2493 inutiliter
1619 2461 1831 2503 profundunt,
1849 2461 1970 2494 faciunt
1990 2470 2104 2494 contra

1133 2502 1320 2533 mandatum
1345 2502 1418 2533 Dei.
