2343 2970
83 186 149 219 609
769 178 983 210 POSTlLLA
1011 175 1409 209 MELANTHOMANA.
2030 173 2094 205 610

213 279 346 311 Necesse
369 281 414 307 est
436 277 480 307 ibi
499 287 564 308 esse
586 275 771 308 Ecclesiam,
794 274 847 304 ubi
867 277 911 303 est
927 274 1060 303 mz‘nz'sle-
1112 271 1178 302 hoc
1200 275 1441 312 argumentum,
1466 269 1554 312 quod
1578 270 1610 300 in
1634 269 1792 310 speciem,
1817 268 1949 309 quando
1972 265 2093 309 aliquis

260 324 356 352 rium.-
1113 324 1180 346 non
1204 314 1363 355 cogitavit
1393 319 1494 351 ante,
1528 313 1658 344 videtur
1691 310 1802 353 aliquo
1833 312 1931 342 modo
1959 312 2095 342 turbare

214 365 418 395 Ministerz’um
441 366 514 392 tnnc
538 365 655 391 tantum
673 362 739 399 fuit
763 359 849 400 apud
868 358 1062 390 Pharisaeos
1112 358 1289 389 hominem.
1335 355 1476 398 Semper
1499 354 1571 394 suit,
1603 361 1666 392 est,
1697 361 1730 386 et
1754 355 1813 385 erit
1837 353 2009 385 Ecclesia:
2034 354 2095 384 sed

261 412 290 437 et
312 406 536 438 Sadducaeos:
1113 406 1348 442 persecutores
1372 405 1405 430 et
1427 399 1544 430 hostes
1559 397 1743 439 Evangelii,
1767 403 1799 429 et
1820 397 2015 437 praesertim
2040 396 2095 438 qui

215 450 302 491 Eryo
325 450 373 479 illi
397 450 524 487 fuerunt
553 458 625 478 vera
648 446 808 478 Ecclesia,-
841 446 972 484 ideoque
1001 455 1061 474 uon
1085 437 1090 505 ι
1112 442 1222 484 palam
1248 449 1324 474 sunt
1347 442 1484 480 hostes,
1520 447 1551 473 et
1571 441 1775 483 blasphemi,
1811 450 1878 471 non
1912 444 1989 471 sunt
2016 449 2095 480 pars

257 495 321 532 fuit
345 492 569 524 discedendum
593 491 630 520 ab
654 490 727 522 illis.
1085 509 1090 554 1
1113 486 1304 524 Ecclesiae,
1339 486 1467 516 etiamsi
1502 486 1713 516 dominantur
1740 485 1772 515 in
1804 482 1975 522 Ecclesia,
2011 483 2097 514 sicut

1113 539 1216 570 saepe
1239 528 1285 560 fit.

85 571 148 603 vel
171 570 349 602 formemus
373 575 599 611 argumentum
624 567 688 598 hoc
710 567 824 598 modo:

1310 616 1410 657 Was
1458 616 1584 656 heisst
1629 615 1900 657 Pharisaeus?

1200 699 1395 742 Expositor,
1415 703 1468 731 ein
1486 701 1653 738 ausleyer:
1683 698 1900 729 Sadducacus
1931 696 2097 739 significat

1114 743 1321 774 institiarum.
1381 742 1556 773 Habebam
1597 742 1779 773 Sadducaei
1822 741 2097 781 superbissimum

1114 784 1254 824 titulum,
1279 795 1352 816 cum
1377 791 1491 821 essent
1514 785 1648 826 pessimi
1673 783 1832 815 homines.
1874 783 1993 815 Essaei
2018 793 2096 824 ope-

1115 829 1203 860 rarii.
1250 828 1389 860 Debetis
1415 828 1630 860 considerare
1664 833 1795 861 sectas,
1830 827 1906 868 quia
1938 827 2097 868 quodam-

1114 873 1212 903 modo
1237 877 1313 903 sunt
1337 869 1460 903 similes
1484 872 1607 902 nostris
1631 871 1845 911 temporibus.

214 638 273 669 Est·
306 637 495 677 impossiba'le
525 646 588 667 esse
618 635 810 672 Ecclesiam,
839 635 902 663 uisi
934 633 987 663 ula·
1016 637 1061 663 est

260 693 287 711 m
291 683 462 712 [ms-terium
470 693 481 713 .-

219 725 346 754 Tantum
377 724 463 763 apud
485 723 675 752 Pharl'sacos
705 725 735 750 et
762 720 968 750 Sadducaeos
997 720 1062 757 fnit

262 768 472 801 7111'7zz'slere‘1cm,
506 767 587 795 sicut
616 768 686 794 ante
709 763 783 793 liaeo
807 767 948 802 tempora
976 762 1063 802 apud

261 811 430 850 Pontifices
453 813 482 839 et
504 808 703 848 Epist-opos:

215 853 304 893 Erfflo
333 857 450 883 tuntum
482 851 532 881 illi
561 853 688 889 ficerunt
721 849 883 884 Ecclesia,
918 852 948 878 ec
977 858 1062 878 nemo

262 897 351 926 alius.

171 939 266 971 Multi
290 940 384 970 etiam
407 948 495 969 nune
522 942 657 969 utuntur
690 936 754 967 hoc
778 941 987 977 argumento:

213 983 251 1011 Iu
271 981 390 1021 populo
413 980 516 1010 Israel
537 984 609 1009 Iunc
633 983 750 1009 trullum
773 978 818 1007 ibi
831 980 895 1016 snit
907 977 1063 1012 Ecclesia,

263 1025 313 1054 ubi
336 1028 402 1053 emt
421 1024 640 1055 ruinis-terium,-

1192 959 1308 1010 Quae
1347 967 1434 1001 erat
1475 960 1657 1000 doctrina
1689 957 2023 1002 Pharisaeorum}

1202 1042 1371 1074 Pharisaei
1395 1043 1581 1074 retinebant
1599 1042 1815 1083 Scripturam,
1840 1052 1906 1072 non
1918 1041 2098 1082 negabant,

1115 1096 1183 1117 non
1207 1087 1406 1117 abiiciebant
1437 1085 1638 1128 prophetas,
1673 1086 1856 1116 retinebant
1884 1083 2027 1125 Moysen
2065 1089 2098 1114 et

1115 1130 1314 1171 prophetas,
1345 1130 1405 1159 sed
1428 1128 1507 1159 nihil
1531 1127 1757 1170 intelligebant
1782 1129 1815 1158 in
1838 1126 1922 1165 illis,
1952 1128 2013 1158 nisi
2040 1127 2098 1157 do-

1116 1174 1253 1203 ctrinam
1283 1171 1386 1213 legis3
1426 1173 1491 1203 imo
1520 1171 1630 1213 legem
1658 1173 1763 1213 ipsam
1788 1177 1910 1201 tantum
1935 1169 2098 1210 intellige-

1117 1217 1207 1253 bant,
1229 1222 1394 1256 tamquam
1418 1214 1644 1255 disciplinam.
1679 1215 1709 1246 id
1734 1220 1797 1251 est,
1835 1213 2024 1254 cogitabant
2052 1211 2099 1244 le-

1117 1269 1191 1301 gem
1216 1263 1343 1289 tantum
1367 1268 1485 1300 regere
1497 1264 1652 1288 externos
1674 1268 1798 1294 mores,
1821 1263 1850 1287 et
1876 1255 1965 1287 illam
1990 1261 2098 1287 exter-

1116 1311 1192 1332 nam
1211 1300 1418 1342 disciplinam
1443 1311 1521 1332 esse
1544 1301 1698 1332 iustitiam
1723 1310 1836 1331 coram
1860 1299 1946 1337 Deo,
1977 1299 2098 1330 mereri

1116 1345 1346 1375 remissionem
1394 1349 1607 1385 peecatorum
1625 1367 1635 1383 ,
1686 1349 1718 1374 et
1766 1343 1866 1374 vitam
1919 1348 2099 1373 aeternam.

216 1396 286 1425 Duo
310 1398 341 1424 et
363 1397 427 1424 tria
449 1397 526 1424 sunt
543 1394 639 1432 pal-la
663 1396 695 1422 et
715 1394 871 1431 imparia:
1117 1387 1240 1418 Postea
1263 1387 1430 1419 addebant
1453 1388 1516 1428 ipsi
1540 1385 1659 1418 multas
1692 1387 1904 1424 traditiones,
1935 1384 2100 1416 mirabilia

218 1438 361 1476 Quinque
382 1441 458 1467 sunt
479 1437 542 1466 duo
565 1440 598 1466 ec*
617 1439 699 1466 11ἰά.·
1118 1431 1284 1461 exercitia.
1336 1431 1380 1461 Es
1403 1433 1507 1462 stellet
1533 1433 1593 1461 rie!
1621 1432 1743 1461 [larvam
1777 1430 1809 1460 in
1833 1427 2031 1470 Epiphanio:
2068 1433 2100 1459 et

216 1481 301 1519 Erqo
324 1483 460 1519 quinque
483 1481 557 1510 sunt
575 1481 675 1518 paria
698 1482 731 1508 et
751 1479 902 1516 imparia.
1088 1454 1094 1512 Ι
1118 1475 1194 1515 quia
1217 1474 1349 1504 tandem
1374 1479 1550 1504 creverunt
1574 1474 1645 1504 sine
1669 1473 1766 1504 :nodo
1796 1473 1991 1503 traditiones
2016 1471 2100 1503 Pha-

173 1520 276 1553 Plane
299 1521 366 1553 tale
388 1528 439 1553 est
461 1520 541 1552 illud
570 1530 711 1562 quoque,
741 1521 829 1561 quod
861 1519 1003 1560 agitatur
1026 1518 1067 1549 de
1118 1517 1270 1554 risaicae,
1307 1517 1484 1548 veniebant
1513 1515 1586 1555 alii,
1622 1517 1676 1557 qui
1707 1515 1865 1547 volebant
1901 1515 2100 1546 abbreviare

219 1068 345 1097 Tunlum
368 1067 411 1096 ud
433 1067 513 1096 illud
536 1066 676 1104 templum
695 1066 758 1103 snit
782 1065 1000 1096 7111'111'.s·te7·iu⁷11:

213 1111 301 1150 Ergyo
324 1110 402 1139 malli
425 1110 482 1139 alii
507 1110 634 1148 fuerunt
662 1107 817 1138 Ecclesia.

172 1178 384 1219 Respondeo.
431 1177 639 1218 Quamquam
670 1176 924 1207 dominabantur
954 1174 1064 1206 Phari-

87 1222 157 1253 saei
181 1228 211 1253 et
237 1222 443 1259 Sadducaei,
475 1226 582 1251 tamen
618 1225 712 1250 erant.
735 1218 904 1250 Ecclesia:
940 1217 1065 1249 Zacha-

86 1266 166 1302 rias,
190 1264 335 1302 Simeon,
359 1263 489 1304 loseph,
518 1262 636 1300 Maria,
665 1262 773 1300 Anna,
802 1268 833 1292 ct
856 1259 946 1292 multi
970 1260 1064 1292 tales.

87 1308 146 1339 Est
165 1314 272 1338 auten-1
297 1308 328 1337 in
362 1312 557 1348 argumento
591 1304 723 1336 fallacia
757 1305 1006 1345 compositionis
1034 1310 1066 1335 et

87 1351 268 1382 divisionis,
314 1350 373 1380 Est
396 1355 624 1391 argumentum
648 1346 754 1379 simile
777 1348 867 1379 huic:

86 1565 267 1596 ministerio
291 1571 322 1595 et
338 1564 503 1595 Ecclesia.
538 1564 720 1604 Utrobique
745 1569 794 1593 cst
819 1561 953 1593 fallacia
977 1572 1066 1593 com-
1118 1560 1316 1591 doctrinam:
1351 1561 1412 1591 (las
1435 1570 1546 1591 turen
1575 1559 1773 1591 Sadducaei.
1832 1557 1880 1590 llli
1915 1559 2101 1589 reiecerunt

89 1607 261 1648 positionis
275 1613 306 1638 et
318 1607 505 1638 divisionis:
533 1606 667 1638 Tantum
692 1608 732 1636 ib>
753 1610 802 1637 est
816 1615 895 1636 rem
907 1604 1067 1642 Ecclesia,
1117 1602 1311 1645 prophetaS,
1336 1609 1460 1634 tantum
1484 1604 1671 1634 retinebant
1694 1601 1826 1640 Mosen,
1856 1603 2005 1633 dixerunt
2030 1601 2099 1632 ani-

89 1651 144 1681 ubz‘
175 1654 224 1681 est
263 1651 483 1681 7111'm‘ste17'um.
539 1649 709 1679 Concedo.
768 1648 914 1679 Possunt
953 1654 1067 1679 tenere
1118 1657 1189 1677 mas
1209 1656 1276 1678 non
1300 1656 1378 1678 esse
1396 1645 1609 1684 immortales,
1632 1657 1697 1677 non
1723 1655 1800 1677 esse
1820 1645 2099 1677 resurrectionem

89 1693 315 1730 ministerium,
346 1699 375 1723 et
401 1693 558 1722 dominari
581 1692 670 1732 impii
694 1693 724 1722 in
749 1701 787 1722 eo
813 1696 917 1728 coetu,
946 1692 976 1721 in
1001 1701 1065 1732 quo
1119 1699 1309 1730 corporum,
1333 1699 1398 1719 non
1422 1688 1494 1720 sore
1516 1689 1680 1723 iudicium,
1704 1688 1835 1720 fuerunt
1859 1697 1997 1728 prorsus
2022 1687 2099 1728 Epi-

91 1741 166 1766 sunt
183 1736 290 1775 sparsi
310 1734 409 1776 aliqui
430 1736 486 1775 piig
511 1736 595 1765 sicut
609 1736 670 1764 sub
684 1734 859 1774 Episcopis
872 1745 911 1764 vu
943 1735 1067 1764 ‘adhuc
1120 1733 1243 1762 curaei.
1301 1732 1539 1763 Discesserunt
1578 1732 1619 1762 ab
1661 1732 1810 1772 utrisque
1844 1731 1985 1762 Essaei:
2022 1731 2100 1771 quia

92 1776 181 1809 multi
202 1779 307 1809 sancti
322 1784 352 1808 et
371 1777 476 1809 electi.
508 1777 632 1807 Minor:
659 1779 792 1808 Tantum
809 1778 896 1816 apud
911 1780 990 1808 istos
1002 1775 1071 1815 fuit
1119 1775 1276 1805 videbant
1299 1773 1375 1805 illos
1409 1775 1495 1805 inter
1518 1785 1555 1805 se
1590 1775 1822 1806 ambitionibus
1851 1775 1883 1805 in
1913 1773 2100 1814 Republica

90 1825 312 1853 ministerium.
368 1820 541 1858 Transeat,
565 1820 639 1861 quia
663 1820 802 1850 subinde
836 1820 932 1850 etiam
966 1818 1066 1860 aliqui
1119 1823 1264 1853 certare3
1292 1817 1376 1849 sicut
1412 1817 1555 1848 dominia
1584 1827 1687 1858 penes
1721 1816 1797 1848 illas
1823 1817 1906 1849 duas
1935 1815 2100 1848 sactiones

90 1864 175 1895 inter
193 1863 268 1894 illos
292 1864 436 1901 fuerunt,
471 1863 525 1904 qui
549 1869 640 1893 recte
664 1863 844 1893 docebant:
879 1862 963 1893 sieut
988 1867 1067 1893 tem·
1119 1867 1222 1891 erant.
1267 1860 1314 1890 lbi
1343 1859 1443 1902 aliqui
1467 1866 1682 1892 secesserunt
1704 1861 1736 1891 in
1760 1859 1974 1898 solitudines,
2008 1859 2099 1890 insti·

90 1916 172 1947 pore
202 1905 458 1938 Pharisaeorum
494 1912 585 1937 recte
619 1906 784 1936 docebant
820 1904 1001 1936 Zacharias
1035 1910 1067 1936 et
1118 1909 1250 1934 tuerunt
1284 1903 1616 1935 communicationem
1652 1902 1837 1934 officiorum
1872 1909 1905 1934 et
1934 1901 2098 1934 laborum.

91 1949 233 1982 Simeon.
293 1950 348 1979 Sic
378 1950 439 1980 sub
468 1955 589 1989 papatu
624 1957 756 1988 semper
789 1946 889 1988 aliqui
922 1946 1067 1985 suerunt,
1117 1946 1194 1977 Non
1228 1945 1322 1977 multi
1356 1945 1491 1978 suerunt
1524 1945 1627 1987 tales,
1663 1945 1794 1978 fuerunt
1830 1947 1862 1977 in
1885 1945 1984 1984 loeis,
2013 1955 2100 1987 quae

92 1992 146 2033 qui
169 1997 260 2023 recte
288 1993 490 2028 docuerunt,
524 1998 558 2022 ut
591 1990 771 2029 Tanleius,
807 1989 1002 2027 WesseluS,
1035 1996 1067 2021 et
1118 1995 1213 2020 erant
1236 1989 1343 2020 vicina
1366 1988 1484 2028 hortis,
1508 1990 1563 2021 ubi
1586 1996 1657 2021 erat
1680 1989 1876 2028 balsamum,
1899 1999 2004 2030 prope
2023 1988 2099 2020 Hie-

93 2032 146 2064 alii
176 2033 276 2065 multi.
337 2035 429 2066 Deus
459 2041 573 2066 servat
605 2044 737 2074 semper
771 2032 904 2074 aliquod
940 2043 1065 2071 semen,
1118 2032 1222 2063 richo.
1268 2032 1413 2064 Fuerunt
1441 2033 1617 2064 admodum
1645 2032 1804 2071 officiosi,
1837 2033 2099 2071 medicabantur,

93 2077 191 2107 etiam
215 2077 243 2107 si
268 2078 515 2108 voxdoctrinae
531 2076 614 2108 alias
639 2084 689 2108 est
712 2074 885 2114 illustrior,
908 2082 940 2107 et
961 2076 1066 2117 magis
1119 2075 1241 2106 dabant
1265 2085 1399 2116 operam
1423 2076 1533 2107 studio
1565 2075 1809 2118 philosophiae,
1841 2076 2009 2107 habebant
2037 2084 2099 2106 sua

93 2120 265 2150 exauditur
299 2131 395 2160 quam
424 2119 487 2151 alio
513 2126 679 2162 tempore,
712 2127 821 2150 tamen
853 2130 985 2160 semper
1008 2119 1065 2150 ali·
1119 2118 1277 2150 exercitia
1315 2117 1546 2159 pulcherrima.
1610 2119 1781 2160 Nusquam
1824 2119 1943 2150 videtis
1984 2128 2099 2149 eorum

93 2171 178 2203 quos
211 2169 324 2193 servat
356 2162 460 2194 Deus.
516 2163 609 2195 Sicut
643 2162 811 2204 Propheta
846 2163 961 2203 inquit:
996 2164 1067 2194 Νἱεὶ
1119 2161 1190 2193 fieri
1223 2163 1422 2193 mentionem
1450 2163 1483 2193 in
1513 2161 1710 2204 Evangelio.
1772 2161 2027 2193 Pharisaeorum
2063 2160 2100 2192 fit

91 2205 185 2237 Deus¹
218 2211 383 2237 servasset
413 2206 503 2238 nobis
535 2216 659 2245 semen,
695 2209 778 2246 facti
811 2215 953 2238 essemus
985 2209 1069 2237 sicut
1119 2205 1263 2236 maxime
1285 2206 1427 2243 mentio,
1457 2205 1532 2246 quia
1556 2205 1825 2239 dominabantur,
1856 2210 1889 2237 et
1912 2211 2005 2236 erant
2028 2202 2099 2244 plu-

92 2248 237 2280 Sodoma.
1119 2248 1203 2278 rimi.
1247 2246 1352 2279 Erant
1367 2247 1517 2279 homines
1538 2250 1725 2290 sapientes:
1749 2247 1978 2289 intelligebant
1989 2246 2100 2288 legem

1118 2290 1263 2322 humano
1285 2301 1346 2322 seu
1368 2290 1601 2332 philosophico
1620 2292 1753 2330 iudicio,
1776 2297 1809 2323 et
1832 2300 1934 2329 more,
1958 2296 1990 2321 et
2002 2290 2100 2331 rigidi

1119 2338 1214 2365 erant
1243 2334 1276 2364 in
1318 2335 1538 2366 observandis
1578 2336 1784 2366 ceremoniis
1847 2334 1950 2365 Scitis
1989 2340 2100 2364 autem

1119 2386 1252 2418 semper
1274 2387 1352 2408 esse
1374 2379 1612 2418 persuasiones
1639 2377 1744 2409 falsas
1774 2377 1858 2408 inter
1886 2376 2038 2408 homines
2057 2375 2099 2407 de

1120 2420 1335 2458 ceremoniis,
1369 2422 1445 2462 quia
1468 2420 1574 2462 pluris
1598 2419 1723 2452 faciunt
1746 2420 1965 2458 ceremonias,
1999 2428 2099 2461 quam

1118 2461 1187 2494 ulla
1220 2461 1286 2494 alia
1313 2474 1425 2505 opera.
1483 2463 1668 2496 Sacrificuli
1697 2463 1796 2494 hodIe
1831 2462 1938 2503 pluris
1973 2460 2100 2493 faciunt

1118 2504 1294 2537 lectionem
1317 2515 1399 2539 suae
1416 2506 1560 2545 Missae,
1590 2517 1689 2548 quam
1718 2506 1911 2537 universam
1938 2504 2099 2547 reliquam

1119 2549 1359 2589 obedientiam,
1389 2555 1421 2582 et
1452 2549 1577 2581 habeut
1606 2550 1693 2581 hanc
1716 2549 1979 2590 persuasionem,
2009 2546 2099 2590 quod

92 2587 296 2639 multitudine
331 2588 601 2629 Pharisaeorum,
640 2590 928 2630 Sadducaeorum,
963 2591 1065 2622 Hero·
1118 2590 1204 2623 lecta
1226 2591 1351 2631 Missa,
1385 2593 1494 2625 omnia
1516 2598 1654 2633 peccata
1686 2592 1902 2623 remittantur.
1948 2591 1996 2622 Ita
2019 2596 2099 2624 tunc

93 2632 277 2670 thanorum,
302 2638 333 2662 et
356 2633 543 2675 quicunque
566 2633 651 2665 tales
665 2633 807 2668 fuerunt.
850 2634 1068 2666 Considerate
1120 2644 1252 2677 quoque
1274 2635 1445 2668 Pharisaei
1458 2636 1708 2679 exaggerabant
1734 2635 1924 2677 dignitatem
1937 2633 2097 2673 cultuum,

247 2700 392 2720 mersura.
410 2701 490 2720 orn„
505 2701 568 2721 vox..
583 2694 649 2722 xxv'.
1860 2694 1895 2721 ⁸9

179 2289 378 2321 Conclusio:
410 2292 496 2330 Eryo
530 2293 575 2323 ibi
607 2297 655 2323 est
688 2293 840 2324 Ecclesia.
907 2290 1065 2322 Concedo

94 2342 172 2363 esse
193 2334 237 2363 ibi
265 2332 463 2364 Ecclesiam.
509 2333 594 2374 Eryo
626 2337 673 2366 zm
698 2340 774 2366 sunt
808 2336 968 2372 Ecclesia,
1001 2333 1066 2364 hoc

93 2385 160 2406 non
183 2376 341 2416 sequitur.
386 2375 466 2407 Plus
486 2383 536 2408 est
558 2377 589 2407 in
613 2377 846 2415 conclusione,
880 2387 976 2419 quam
1006 2375 1066 2407 fuit

94 2418 126 2449 in
149 2418 352 2458 praemissis-
407 2421 455 2451 Ibi
487 2424 537 2451 est
556 2421 717 2458 Ecclesia,
752 2419 880 2452 scilicet
919 2429 985 2450 non
1019 2418 1066 2451 fa-

94 2461 212 2492 ciendo
234 2459 399 2492 fallaciam
421 2472 482 2502 per
506 2463 773 2503 compositionem
805 2470 837 2495 et
859 2463 1066 2501 divisionem,

93 2503 155 2535 sed
189 2503 392 2545 seiungendo
422 2504 627 2544 Simeonem,
668 2505 824 2545 Mariam,
858 2505 1066 2544 Zachariam,

93 2545 284 2583 Eltmbeffl,
315 2547 456 2585 Annam,
485 2546 689 2588 Alphaeum,
719 2549 918 2591 Cleopham,
945 2550 987 2580 ab
1010 2547 1067 2579 illa
