<?xml version="1.0" encoding="UTF-8"?>
<!DOCTYPE html PUBLIC "-//W3C//DTD XHTML 1.0 Transitional//EN"
    "http://www.w3.org/TR/xhtml1/DTD/xhtml1-transitional.dtd">
<html xmlns="http://www.w3.org/1999/xhtml" xml:lang="en" lang="en">
 <head>
  <title>
</title>
<meta http-equiv="Content-Type" content="text/html;charset=utf-8" />
  <meta name='ocr-system' content='tesseract 3.04.00' />
  <meta name='ocr-capabilities' content='ocr_page ocr_carea ocr_par ocr_line ocrx_word'/>
</head>
<body>
  <div class='ocr_page' id='page_1' title='image "./operaquaesupersu25melauoft/operaquaesupersu25melauoft_0475.png"; bbox 0 0 2343 2970; ppageno 0'>
   <div class='ocr_carea' id='block_1_1' title="bbox 118 174 183 209">
    <p class='ocr_par' dir='ltr' id='par_1_1' title="bbox 118 174 183 209">
     <span class='ocr_line' id='line_1_1' title="bbox 118 174 183 209; baseline 0 -1"><span class='ocrx_word' id='word_1_1' title='bbox 118 174 183 209; x_wconf 70' lang='lat'>933</span> 
     </span>
    </p>
   </div>
   <div class='ocr_carea' id='block_1_2' title="bbox 117 274 1098 446">
    <p class='ocr_par' dir='ltr' id='par_1_2' title="bbox 117 274 1098 446">
     <span class='ocr_line' id='line_1_2' title="bbox 118 274 1098 322; baseline -0.007 -10"><span class='ocrx_word' id='word_1_2' title='bbox 118 280 162 312; x_wconf 88' lang='lat' dir='ltr'>ad</span> <span class='ocrx_word' id='word_1_3' title='bbox 195 289 273 319; x_wconf 89' lang='lat' dir='ltr'>eos,</span> <span class='ocrx_word' id='word_1_4' title='bbox 307 280 384 322; x_wconf 85' lang='lat' dir='ltr'>quia</span> <span class='ocrx_word' id='word_1_5' title='bbox 417 288 485 310; x_wconf 92' lang='lat' dir='ltr'>non</span> <span class='ocrx_word' id='word_1_6' title='bbox 518 282 591 309; x_wconf 84' lang='lat' dir='ltr'>erat</span> <span class='ocrx_word' id='word_1_7' title='bbox 623 276 825 313; x_wconf 85' lang='lat' dir='ltr'>mandatum,</span> <span class='ocrx_word' id='word_1_8' title='bbox 882 274 977 306; x_wconf 88' lang='lat' dir='ltr'>Hanc</span> <span class='ocrx_word' id='word_1_9' title='bbox 1012 274 1098 306; x_wconf 88' lang='lat' dir='ltr'>enim</span> 
     </span>
     <span class='ocr_line' id='line_1_3' title="bbox 117 318 1098 365; baseline -0.008 -9"><span class='ocrx_word' id='word_1_10' title='bbox 117 324 223 365; x_wconf 83' lang='lat' dir='ltr'>ipsam</span> <span class='ocrx_word' id='word_1_11' title='bbox 257 325 299 355; x_wconf 79' lang='lat' dir='ltr'>ob</span> <span class='ocrx_word' id='word_1_12' title='bbox 324 332 478 354; x_wconf 79' lang='lat' dir='ltr'>caussam</span> <span class='ocrx_word' id='word_1_13' title='bbox 500 321 554 352; x_wconf 87' lang='lat' dir='ltr'>isti</span> <span class='ocrx_word' id='word_1_14' title='bbox 574 320 656 352; x_wconf 83' lang='lat' dir='ltr'>ritus</span> <span class='ocrx_word' id='word_1_15' title='bbox 679 325 771 352; x_wconf 83' lang='lat' dir='ltr'>erant</span> <span class='ocrx_word' id='word_1_16' title='bbox 794 318 950 355; x_wconf 82' lang='lat' dir='ltr'>instituti,</span> <span class='ocrx_word' id='word_1_17' title='bbox 974 323 1009 349; x_wconf 89' lang='lat' dir='ltr'>ut</span> <span class='ocrx_word' id='word_1_18' title='bbox 1032 318 1098 349; x_wconf 87' lang='lat' dir='ltr'>dis-</span> 
     </span>
     <span class='ocr_line' id='line_1_4' title="bbox 120 361 1096 408; baseline -0.008 -9"><span class='ocrx_word' id='word_1_19' title='bbox 120 367 302 399; x_wconf 86' lang='lat' dir='ltr'>cerneritur</span> <span class='ocrx_word' id='word_1_20' title='bbox 331 365 511 408; x_wconf 75' lang='lat' dir='ltr'>posteritas</span> <span class='ocrx_word' id='word_1_21' title='bbox 539 363 697 396; x_wconf 84' lang='lat' dir='ltr'>Abrahae</span> <span class='ocrx_word' id='word_1_22' title='bbox 726 373 746 393; x_wconf 87' lang='lat' dir='ltr'>a</span> <span class='ocrx_word' id='word_1_23' title='bbox 768 361 908 403; x_wconf 86' lang='lat' dir='ltr'>reliquis</span> <span class='ocrx_word' id='word_1_24' title='bbox 928 361 1080 403; x_wconf 78' lang='lat' dir='ltr'>gentibus</span> <span class='ocrx_word' id='word_1_25' title='bbox 1088 372 1096 401; x_wconf 82' lang='lat'><em>3</em></span> 
     </span>
     <span class='ocr_line' id='line_1_5' title="bbox 117 404 1031 446; baseline -0.008 -4"><span class='ocrx_word' id='word_1_26' title='bbox 117 409 222 442; x_wconf 87' lang='lat' dir='ltr'>voluit</span> <span class='ocrx_word' id='word_1_27' title='bbox 244 410 330 441; x_wconf 90' lang='lat' dir='ltr'>enim</span> <span class='ocrx_word' id='word_1_28' title='bbox 351 408 446 440; x_wconf 76' lang='lat' dir='ltr'>Deus</span> <span class='ocrx_word' id='word_1_29' title='bbox 470 413 582 439; x_wconf 87' lang='lat' dir='ltr'>notam</span> <span class='ocrx_word' id='word_1_30' title='bbox 605 416 684 439; x_wconf 91' lang='lat' dir='ltr'>esse</span> <span class='ocrx_word' id='word_1_31' title='bbox 705 406 841 446; x_wconf 84' lang='lat' dir='ltr'><strong>stirpem</strong></span> <span class='ocrx_word' id='word_1_32' title='bbox 864 404 1031 436; x_wconf 81' lang='lat' dir='ltr'>Abrahae.</span> 
     </span>
    </p>
   </div>
   <div class='ocr_carea' id='block_1_3' title="bbox 119 519 1097 685">
    <p class='ocr_par' dir='ltr' id='par_1_3' title="bbox 119 519 1097 685">
     <span class='ocr_line' id='line_1_6' title="bbox 160 519 1056 575; baseline -0.007 -10"><span class='ocrx_word' id='word_1_33' title='bbox 160 523 284 575; x_wconf 85' lang='lat' dir='ltr'>Quod</span> <span class='ocrx_word' id='word_1_34' title='bbox 314 538 468 565; x_wconf 86' lang='lat' dir='ltr'>novum</span> <span class='ocrx_word' id='word_1_35' title='bbox 499 522 743 563; x_wconf 88' lang='lat' dir='ltr'>beneficium</span> <span class='ocrx_word' id='word_1_36' title='bbox 774 519 860 571; x_wconf 71' lang='lat' dir='ltr'>suit,</span> <span class='ocrx_word' id='word_1_37' title='bbox 893 519 1056 573; x_wconf 82' lang='lat' dir='ltr'>quando</span> 
     </span>
     <span class='ocr_line' id='line_1_7' title="bbox 119 580 1097 626; baseline -0.008 1"><span class='ocrx_word' id='word_1_38' title='bbox 119 585 216 626; x_wconf 77' lang='lat' dir='ltr'>data</span> <span class='ocrx_word' id='word_1_39' title='bbox 248 590 310 626; x_wconf 81' lang='lat' dir='ltr'>est:</span> <span class='ocrx_word' id='word_1_40' title='bbox 342 581 612 626; x_wconf 61' lang='lat' dir='ltr'>circumcisio‘ss</span> <span class='ocrx_word' id='word_1_41' title='bbox 674 582 799 622; x_wconf 75' lang='lat' dir='ltr'>Estne</span> <span class='ocrx_word' id='word_1_42' title='bbox 832 594 962 621; x_wconf 84' lang='lat' dir='ltr'>novus</span> <span class='ocrx_word' id='word_1_43' title='bbox 1000 580 1097 620; x_wconf 83' lang='lat' dir='ltr'>arti-</span> 
     </span>
     <span class='ocr_line' id='line_1_8' title="bbox 372 640 839 685; baseline -0.004 0"><span class='ocrx_word' id='word_1_44' title='bbox 372 645 484 685; x_wconf 83' lang='lat' dir='ltr'>culus</span> <span class='ocrx_word' id='word_1_45' title='bbox 515 642 612 683; x_wconf 84' lang='lat' dir='ltr'>fidei</span> <span class='ocrx_word' id='word_1_46' title='bbox 641 640 839 683; x_wconf 65' lang='lat' dir='ltr'>traditus?</span> 
     </span>
    </p>
   </div>
   <div class='ocr_carea' id='block_1_4' title="bbox 114 739 1098 1345">
    <p class='ocr_par' dir='ltr' id='par_1_4' title="bbox 114 739 1098 1345">
     <span class='ocr_line' id='line_1_9' title="bbox 203 739 1098 786; baseline -0.007 -9"><span class='ocrx_word' id='word_1_47' title='bbox 203 744 417 786; x_wconf 86' lang='lat' dir='ltr'>Respondeo.</span> <span class='ocrx_word' id='word_1_48' title='bbox 447 742 508 775; x_wconf 86' lang='lat' dir='ltr'>Est</span> <span class='ocrx_word' id='word_1_49' title='bbox 530 752 652 774; x_wconf 85' lang='lat' dir='ltr'>novum</span> <span class='ocrx_word' id='word_1_50' title='bbox 676 747 708 773; x_wconf 82' lang='lat' dir='ltr'>et</span> <span class='ocrx_word' id='word_1_51' title='bbox 725 751 882 783; x_wconf 78' lang='lat' dir='ltr'>magnum</span> <span class='ocrx_word' id='word_1_52' title='bbox 901 739 1098 772; x_wconf 81' lang='lat' dir='ltr'>beneficium</span> 
     </span>
     <span class='ocr_line' id='line_1_10' title="bbox 117 785 1098 829; baseline -0.007 -8"><span class='ocrx_word' id='word_1_53' title='bbox 117 788 284 826; x_wconf 90' lang='lat' dir='ltr'>additum,</span> <span class='ocrx_word' id='word_1_54' title='bbox 316 787 404 829; x_wconf 83' lang='lat' dir='ltr'>quod</span> <span class='ocrx_word' id='word_1_55' title='bbox 432 786 475 818; x_wconf 85' lang='lat' dir='ltr'>ad</span> <span class='ocrx_word' id='word_1_56' title='bbox 504 785 785 818; x_wconf 78' lang='lat' dir='ltr'>circumstantiam</span> <span class='ocrx_word' id='word_1_57' title='bbox 816 785 949 821; x_wconf 83' lang='lat' dir='ltr'>attinet,</span> <span class='ocrx_word' id='word_1_58' title='bbox 984 789 1017 814; x_wconf 89' lang='lat' dir='ltr'>et</span> <span class='ocrx_word' id='word_1_59' title='bbox 1046 789 1098 814; x_wconf 91' lang='lat' dir='ltr'>est</span> 
     </span>
     <span class='ocr_line' id='line_1_11' title="bbox 117 826 1097 868; baseline -0.007 -4"><span class='ocrx_word' id='word_1_60' title='bbox 117 841 226 864; x_wconf 88' lang='lat' dir='ltr'>novus</span> <span class='ocrx_word' id='word_1_61' title='bbox 260 829 420 863; x_wconf 70' lang='lat' dir='ltr'>articulus</span> <span class='ocrx_word' id='word_1_62' title='bbox 450 828 527 860; x_wconf 82' lang='lat' dir='ltr'>fidei</span> <span class='ocrx_word' id='word_1_63' title='bbox 560 828 719 867; x_wconf 81' lang='lat' dir='ltr'>traditus,</span> <span class='ocrx_word' id='word_1_64' title='bbox 754 828 787 859; x_wconf 89' lang='lat' dir='ltr'>id</span> <span class='ocrx_word' id='word_1_65' title='bbox 817 833 886 865; x_wconf 85' lang='lat' dir='ltr'>est,</span> <span class='ocrx_word' id='word_1_66' title='bbox 920 826 1097 868; x_wconf 81' lang='lat' dir='ltr'>promissio</span> 
     </span>
     <span class='ocr_line' id='line_1_12' title="bbox 116 869 1097 909; baseline -0.007 -2"><span class='ocrx_word' id='word_1_67' title='bbox 116 875 248 907; x_wconf 81' lang='lat' dir='ltr'>venturi</span> <span class='ocrx_word' id='word_1_68' title='bbox 270 873 460 905; x_wconf 81' lang='lat' dir='ltr'>liberatoris</span> <span class='ocrx_word' id='word_1_69' title='bbox 483 877 581 904; x_wconf 88' lang='lat' dir='ltr'>antea</span> <span class='ocrx_word' id='word_1_70' title='bbox 603 871 722 903; x_wconf 84' lang='lat' dir='ltr'>tradati</span> <span class='ocrx_word' id='word_1_71' title='bbox 746 875 834 909; x_wconf 83' lang='lat' dir='ltr'>erat,</span> <span class='ocrx_word' id='word_1_72' title='bbox 858 876 890 902; x_wconf 87' lang='lat' dir='ltr'>et</span> <span class='ocrx_word' id='word_1_73' title='bbox 911 869 1020 901; x_wconf 83' lang='lat' dir='ltr'>adbuc</span> <span class='ocrx_word' id='word_1_74' title='bbox 1043 880 1097 901; x_wconf 91' lang='lat' dir='ltr'>va-</span> 
     </span>
     <span class='ocr_line' id='line_1_13' title="bbox 117 914 1097 960; baseline -0.005 -11"><span class='ocrx_word' id='word_1_75' title='bbox 117 919 260 960; x_wconf 86' lang='lat' dir='ltr'>gabatur</span> <span class='ocrx_word' id='word_1_76' title='bbox 298 917 331 948; x_wconf 82' lang='lat' dir='ltr'>in</span> <span class='ocrx_word' id='word_1_77' title='bbox 364 925 488 957; x_wconf 76' lang='lat' dir='ltr'>genere</span> <span class='ocrx_word' id='word_1_78' title='bbox 520 915 663 946; x_wconf 80' lang='lat' dir='ltr'>humano</span> <span class='ocrx_word' id='word_1_79' title='bbox 698 917 809 946; x_wconf 52' lang='lat' dir='ltr'>semen</span> <span class='ocrx_word' id='word_1_80' title='bbox 848 914 993 944; x_wconf 74' lang='lat' dir='ltr'>uzztlt&#39;ert&#39;s</span> <span class='ocrx_word' id='word_1_81' title='bbox 1033 919 1097 944; x_wconf 87' lang='lat' dir='ltr'>etc.</span> 
     </span>
     <span class='ocr_line' id='line_1_14' title="bbox 116 956 1097 1001; baseline -0.005 -9"><span class='ocrx_word' id='word_1_82' title='bbox 116 959 312 1001; x_wconf 88' lang='lat' dir='ltr'>[Genes.3.]</span> <span class='ocrx_word' id='word_1_83' title='bbox 359 959 427 991; x_wconf 81' lang='lat' dir='ltr'>Sed</span> <span class='ocrx_word' id='word_1_84' title='bbox 456 957 603 990; x_wconf 81' lang='lat' dir='ltr'>nondum</span> <span class='ocrx_word' id='word_1_85' title='bbox 627 963 698 989; x_wconf 86' lang='lat' dir='ltr'>erat</span> <span class='ocrx_word' id='word_1_86' title='bbox 720 958 878 989; x_wconf 87' lang='lat' dir='ltr'>additum:</span> <span class='ocrx_word' id='word_1_87' title='bbox 909 956 1006 992; x_wconf 89' lang='lat' dir='ltr'>Quod</span> <span class='ocrx_word' id='word_1_88' title='bbox 1035 957 1097 987; x_wconf 83' lang='lat' dir='ltr'>erit</span> 
     </span>
     <span class='ocr_line' id='line_1_15' title="bbox 115 1000 1097 1044; baseline -0.004 -10"><span class='ocrx_word' id='word_1_89' title='bbox 115 1002 197 1035; x_wconf 89' lang='lat' dir='ltr'>illud</span> <span class='ocrx_word' id='word_1_90' title='bbox 219 1004 356 1035; x_wconf 75' lang='lat' dir='ltr'>semen?</span> <span class='ocrx_word' id='word_1_91' title='bbox 399 1002 435 1033; x_wconf 89' lang='lat' dir='ltr'>ln</span> <span class='ocrx_word' id='word_1_92' title='bbox 467 1012 531 1043; x_wconf 86' lang='lat' dir='ltr'>qua</span> <span class='ocrx_word' id='word_1_93' title='bbox 558 1001 683 1044; x_wconf 69' lang='lat' dir='ltr'>gente?</span> <span class='ocrx_word' id='word_1_94' title='bbox 727 1001 795 1032; x_wconf 77' lang='lat' dir='ltr'>lam</span> <span class='ocrx_word' id='word_1_95' title='bbox 825 1000 955 1031; x_wconf 83' lang='lat' dir='ltr'>additur</span> <span class='ocrx_word' id='word_1_96' title='bbox 988 1010 1097 1031; x_wconf 86' lang='lat' dir='ltr'>novus</span> 
     </span>
     <span class='ocr_line' id='line_1_16' title="bbox 114 1040 1096 1087; baseline -0.005 -9"><span class='ocrx_word' id='word_1_97' title='bbox 114 1045 274 1080; x_wconf 74' lang='lat' dir='ltr'>articulus</span> <span class='ocrx_word' id='word_1_98' title='bbox 298 1045 385 1084; x_wconf 79' lang='lat' dir='ltr'>fidei,</span> <span class='ocrx_word' id='word_1_99' title='bbox 408 1045 497 1087; x_wconf 90' lang='lat' dir='ltr'>quod</span> <span class='ocrx_word' id='word_1_100' title='bbox 519 1040 560 1076; x_wconf 89' lang='lat' dir='ltr'>ad</span> <span class='ocrx_word' id='word_1_101' title='bbox 580 1044 861 1076; x_wconf 76' lang='lat' dir='ltr'>circumstantiam</span> <span class='ocrx_word' id='word_1_102' title='bbox 883 1043 1010 1082; x_wconf 77' lang='lat' dir='ltr'>attinet,</span> <span class='ocrx_word' id='word_1_103' title='bbox 1033 1043 1096 1073; x_wconf 88' lang='lat' dir='ltr'>sci·-</span> 
     </span>
     <span class='ocr_line' id='line_1_17' title="bbox 115 1085 1098 1129; baseline -0.005 -8"><span class='ocrx_word' id='word_1_104' title='bbox 115 1088 195 1121; x_wconf 90' lang='lat' dir='ltr'>licet</span> <span class='ocrx_word' id='word_1_105' title='bbox 217 1095 375 1121; x_wconf 80' lang='lat' dir='ltr'>nascetur</span> <span class='ocrx_word' id='word_1_106' title='bbox 405 1099 446 1119; x_wconf 80' lang='lat' dir='ltr'>ex</span> <span class='ocrx_word' id='word_1_107' title='bbox 468 1087 665 1129; x_wconf 80' lang='lat' dir='ltr'>posteritate</span> <span class='ocrx_word' id='word_1_108' title='bbox 694 1087 864 1118; x_wconf 83' lang='lat' dir='ltr'>Abrahae.</span> <span class='ocrx_word' id='word_1_109' title='bbox 914 1086 1039 1117; x_wconf 84' lang='lat' dir='ltr'>Postea</span> <span class='ocrx_word' id='word_1_110' title='bbox 1061 1085 1098 1117; x_wconf 87' lang='lat' dir='ltr'>fit</span> 
     </span>
     <span class='ocr_line' id='line_1_18' title="bbox 116 1129 1096 1171; baseline -0.005 -6"><span class='ocrx_word' id='word_1_111' title='bbox 116 1131 181 1165; x_wconf 86' lang='lat' dir='ltr'>alia</span> <span class='ocrx_word' id='word_1_112' title='bbox 214 1132 395 1164; x_wconf 73' lang='lat' dir='ltr'>restricti02</span> <span class='ocrx_word' id='word_1_113' title='bbox 430 1131 481 1162; x_wconf 85' lang='lat' dir='ltr'>Ex</span> <span class='ocrx_word' id='word_1_114' title='bbox 512 1130 593 1163; x_wconf 88' lang='lat' dir='ltr'>luda</span> <span class='ocrx_word' id='word_1_115' title='bbox 623 1136 800 1167; x_wconf 80' lang='lat' dir='ltr'>nascetur3</span> <span class='ocrx_word' id='word_1_116' title='bbox 832 1135 951 1171; x_wconf 83' lang='lat' dir='ltr'>postea</span> <span class='ocrx_word' id='word_1_117' title='bbox 984 1129 1096 1160; x_wconf 85' lang='lat' dir='ltr'>adhuc</span> 
     </span>
     <span class='ocr_line' id='line_1_19' title="bbox 115 1172 1097 1213; baseline -0.004 -6"><span class='ocrx_word' id='word_1_118' title='bbox 115 1175 232 1213; x_wconf 88' lang='lat' dir='ltr'>maior,</span> <span class='ocrx_word' id='word_1_119' title='bbox 256 1174 386 1207; x_wconf 85' lang='lat' dir='ltr'>seilicet</span> <span class='ocrx_word' id='word_1_120' title='bbox 409 1185 450 1206; x_wconf 81' lang='lat' dir='ltr'>ex</span> <span class='ocrx_word' id='word_1_121' title='bbox 472 1173 594 1205; x_wconf 77' lang='lat' dir='ltr'>David.</span> <span class='ocrx_word' id='word_1_122' title='bbox 628 1173 702 1205; x_wconf 92' lang='lat' dir='ltr'>Non</span> <span class='ocrx_word' id='word_1_123' title='bbox 726 1172 833 1205; x_wconf 84' lang='lat' dir='ltr'>solum</span> <span class='ocrx_word' id='word_1_124' title='bbox 857 1173 935 1204; x_wconf 89' lang='lat' dir='ltr'>data</span> <span class='ocrx_word' id='word_1_125' title='bbox 954 1178 1005 1204; x_wconf 90' lang='lat' dir='ltr'>est</span> <span class='ocrx_word' id='word_1_126' title='bbox 1023 1183 1097 1213; x_wconf 91' lang='lat' dir='ltr'>pro-</span> 
     </span>
     <span class='ocr_line' id='line_1_20' title="bbox 114 1216 1096 1258; baseline -0.004 -8"><span class='ocrx_word' id='word_1_127' title='bbox 114 1219 233 1250; x_wconf 84' lang='lat' dir='ltr'>missio</span> <span class='ocrx_word' id='word_1_128' title='bbox 262 1219 305 1250; x_wconf 86' lang='lat' dir='ltr'>ad</span> <span class='ocrx_word' id='word_1_129' title='bbox 335 1224 459 1249; x_wconf 77' lang='lat' dir='ltr'>certam</span> <span class='ocrx_word' id='word_1_130' title='bbox 482 1218 637 1258; x_wconf 77' lang='lat' dir='ltr'>stirpem,</span> <span class='ocrx_word' id='word_1_131' title='bbox 670 1217 731 1248; x_wconf 88' lang='lat' dir='ltr'>sed</span> <span class='ocrx_word' id='word_1_132' title='bbox 765 1217 862 1248; x_wconf 79' lang='lat' dir='ltr'>etiam</span> <span class='ocrx_word' id='word_1_133' title='bbox 896 1216 939 1247; x_wconf 89' lang='lat' dir='ltr'>ad</span> <span class='ocrx_word' id='word_1_134' title='bbox 969 1222 1096 1247; x_wconf 78' lang='lat' dir='ltr'>certum</span> 
     </span>
     <span class='ocr_line' id='line_1_21' title="bbox 114 1259 1097 1303; baseline -0.002 -11"><span class='ocrx_word' id='word_1_135' title='bbox 114 1260 243 1300; x_wconf 83' lang='lat' dir='ltr'>locum,</span> <span class='ocrx_word' id='word_1_136' title='bbox 276 1261 353 1303; x_wconf 82' lang='lat' dir='ltr'>quia</span> <span class='ocrx_word' id='word_1_137' title='bbox 376 1260 470 1293; x_wconf 69' lang='lat' dir='ltr'>Deus</span> <span class='ocrx_word' id='word_1_138' title='bbox 499 1260 605 1292; x_wconf 85' lang='lat' dir='ltr'>voluit</span> <span class='ocrx_word' id='word_1_139' title='bbox 633 1259 823 1291; x_wconf 83' lang='lat' dir='ltr'>Ecclesiam</span> <span class='ocrx_word' id='word_1_140' title='bbox 852 1269 929 1291; x_wconf 89' lang='lat' dir='ltr'>esse</span> <span class='ocrx_word' id='word_1_141' title='bbox 963 1264 1097 1298; x_wconf 86' lang='lat' dir='ltr'>certam,</span> 
     </span>
     <span class='ocr_line' id='line_1_22' title="bbox 114 1303 814 1345; baseline -0.004 -8"><span class='ocrx_word' id='word_1_142' title='bbox 114 1305 171 1337; x_wconf 89' lang='lat' dir='ltr'>ubi</span> <span class='ocrx_word' id='word_1_143' title='bbox 193 1304 251 1337; x_wconf 86' lang='lat' dir='ltr'>ille</span> <span class='ocrx_word' id='word_1_144' title='bbox 273 1304 415 1337; x_wconf 79' lang='lat' dir='ltr'>Messias</span> <span class='ocrx_word' id='word_1_145' title='bbox 438 1309 530 1336; x_wconf 87' lang='lat' dir='ltr'>esset</span> <span class='ocrx_word' id='word_1_146' title='bbox 549 1303 814 1345; x_wconf 82' lang='lat' dir='ltr'>conspiciendus.</span> 
     </span>
    </p>
   </div>
   <div class='ocr_carea' id='block_1_5' title="bbox 116 1409 1096 1511">
    <p class='ocr_par' dir='ltr' id='par_1_5' title="bbox 116 1409 1096 1511">
     <span class='ocr_line' id='line_1_23' title="bbox 116 1409 1096 1461; baseline -0.003 -9"><span class='ocrx_word' id='word_1_147' title='bbox 116 1410 252 1461; x_wconf 81' lang='lat' dir='ltr'>Quoto</span> <span class='ocrx_word' id='word_1_148' title='bbox 284 1425 391 1451; x_wconf 80' lang='lat' dir='ltr'>anno</span> <span class='ocrx_word' id='word_1_149' title='bbox 422 1409 565 1450; x_wconf 84' lang='lat' dir='ltr'>mundi</span> <span class='ocrx_word' id='word_1_150' title='bbox 595 1409 777 1450; x_wconf 78' lang='lat' dir='ltr'>instituta</span> <span class='ocrx_word' id='word_1_151' title='bbox 809 1415 896 1449; x_wconf 81' lang='lat' dir='ltr'>erat</span> <span class='ocrx_word' id='word_1_152' title='bbox 927 1409 1096 1449; x_wconf 76' lang='lat' dir='ltr'>circum-</span> 
     </span>
     <span class='ocr_line' id='line_1_24' title="bbox 546 1469 667 1511; baseline 0.017 -2"><span class='ocrx_word' id='word_1_153' title='bbox 546 1469 667 1511; x_wconf 67' lang='lat' dir='ltr'>cisio?</span> 
     </span>
    </p>
   </div>
   <div class='ocr_carea' id='block_1_6' title="bbox 111 1567 1095 1946">
    <p class='ocr_par' dir='ltr' id='par_1_6' title="bbox 111 1567 1095 1946">
     <span class='ocr_line' id='line_1_25' title="bbox 200 1567 1095 1610; baseline -0.001 -9"><span class='ocrx_word' id='word_1_154' title='bbox 200 1568 414 1610; x_wconf 80' lang='lat' dir='ltr'>Respondeo.</span> <span class='ocrx_word' id='word_1_155' title='bbox 460 1568 527 1599; x_wconf 88' lang='lat' dir='ltr'>lam</span> <span class='ocrx_word' id='word_1_156' title='bbox 539 1568 781 1610; x_wconf 83' lang='lat' dir='ltr'>praeterierant</span> <span class='ocrx_word' id='word_1_157' title='bbox 803 1569 880 1600; x_wconf 87' lang='lat' dir='ltr'>anni</span> <span class='ocrx_word' id='word_1_158' title='bbox 903 1569 967 1600; x_wconf 90' lang='lat' dir='ltr'>duo</span> <span class='ocrx_word' id='word_1_159' title='bbox 982 1567 1095 1608; x_wconf 88' lang='lat' dir='ltr'>millia,</span> 
     </span>
     <span class='ocr_line' id='line_1_26' title="bbox 112 1610 1095 1652; baseline -0.001 -8"><span class='ocrx_word' id='word_1_160' title='bbox 112 1613 146 1644; x_wconf 92' lang='lat' dir='ltr'>id</span> <span class='ocrx_word' id='word_1_161' title='bbox 169 1617 232 1651; x_wconf 86' lang='lat' dir='ltr'>est,</span> <span class='ocrx_word' id='word_1_162' title='bbox 255 1621 344 1643; x_wconf 85' lang='lat' dir='ltr'>anno</span> <span class='ocrx_word' id='word_1_163' title='bbox 356 1611 453 1642; x_wconf 75' lang='lat'>2047.</span> <span class='ocrx_word' id='word_1_164' title='bbox 498 1610 540 1642; x_wconf 90' lang='lat' dir='ltr'>Et</span> <span class='ocrx_word' id='word_1_165' title='bbox 558 1612 686 1643; x_wconf 88' lang='lat' dir='ltr'>interea</span> <span class='ocrx_word' id='word_1_166' title='bbox 702 1617 814 1652; x_wconf 82' lang='lat' dir='ltr'>patres</span> <span class='ocrx_word' id='word_1_167' title='bbox 832 1613 990 1643; x_wconf 85' lang='lat' dir='ltr'>tenebant</span> <span class='ocrx_word' id='word_1_168' title='bbox 1008 1611 1095 1643; x_wconf 87' lang='lat' dir='ltr'>hanc</span> 
     </span>
     <span class='ocr_line' id='line_1_27' title="bbox 112 1652 1095 1698; baseline -0.002 -11"><span class='ocrx_word' id='word_1_169' title='bbox 112 1655 368 1698; x_wconf 83' lang='lat' dir='ltr'>promissionem</span> <span class='ocrx_word' id='word_1_170' title='bbox 400 1652 606 1696; x_wconf 76' lang='lat' dir='ltr'>generalem:</span> <span class='ocrx_word' id='word_1_171' title='bbox 636 1654 748 1685; x_wconf 63' lang='lat' dir='ltr'>‚S&#39;emen</span> <span class='ocrx_word' id='word_1_172' title='bbox 775 1656 923 1686; x_wconf 71' lang='lat' dir='ltr'>mulieres</span> <span class='ocrx_word' id='word_1_173' title='bbox 953 1659 1095 1686; x_wconf 78' lang='lat' dir='ltr'>conteret</span> 
     </span>
     <span class='ocr_line' id='line_1_28' title="bbox 113 1698 1094 1739; baseline 0 -9"><span class='ocrx_word' id='word_1_174' title='bbox 113 1705 178 1730; x_wconf 89' lang='lat' dir='ltr'>etc.</span> <span class='ocrx_word' id='word_1_175' title='bbox 222 1698 265 1729; x_wconf 88' lang='lat' dir='ltr'>Et</span> <span class='ocrx_word' id='word_1_176' title='bbox 288 1698 348 1729; x_wconf 70' lang='lat' dir='ltr'>tuit</span> <span class='ocrx_word' id='word_1_177' title='bbox 370 1707 491 1739; x_wconf 78' lang='lat' dir='ltr'>magna</span> <span class='ocrx_word' id='word_1_178' title='bbox 513 1698 716 1738; x_wconf 76' lang='lat' dir='ltr'>praestantia</span> <span class='ocrx_word' id='word_1_179' title='bbox 739 1698 868 1729; x_wconf 64' lang='lat' dir='ltr'>virtutis</span> <span class='ocrx_word' id='word_1_180' title='bbox 892 1698 924 1728; x_wconf 83' lang='lat' dir='ltr'>in</span> <span class='ocrx_word' id='word_1_181' title='bbox 943 1698 1094 1738; x_wconf 81' lang='lat' dir='ltr'>patribus</span> 
     </span>
     <span class='ocr_line' id='line_1_29' title="bbox 113 1739 1094 1778; baseline -0.001 -5"><span class='ocrx_word' id='word_1_182' title='bbox 113 1742 173 1774; x_wconf 89' lang='lat' dir='ltr'>illo</span> <span class='ocrx_word' id='word_1_183' title='bbox 207 1739 362 1778; x_wconf 73' lang='lat' dir='ltr'>saeculo,</span> <span class='ocrx_word' id='word_1_184' title='bbox 397 1741 475 1772; x_wconf 85' lang='lat' dir='ltr'>Sem</span> <span class='ocrx_word' id='word_1_185' title='bbox 508 1739 618 1771; x_wconf 84' lang='lat' dir='ltr'>adhuc</span> <span class='ocrx_word' id='word_1_186' title='bbox 651 1741 741 1771; x_wconf 68' lang='lat' dir='ltr'>vixit.</span> <span class='ocrx_word' id='word_1_187' title='bbox 794 1740 862 1772; x_wconf 82' lang='lat' dir='ltr'>lam</span> <span class='ocrx_word' id='word_1_188' title='bbox 897 1748 1094 1772; x_wconf 86' lang='lat' dir='ltr'>senescente</span> 
     </span>
     <span class='ocr_line' id='line_1_30' title="bbox 112 1782 1093 1825; baseline -0.001 -9"><span class='ocrx_word' id='word_1_189' title='bbox 112 1785 236 1817; x_wconf 84' lang='lat' dir='ltr'>mundo</span> <span class='ocrx_word' id='word_1_190' title='bbox 260 1785 304 1815; x_wconf 89' lang='lat' dir='ltr'>ibi</span> <span class='ocrx_word' id='word_1_191' title='bbox 321 1783 415 1815; x_wconf 89' lang='lat' dir='ltr'>Deus</span> <span class='ocrx_word' id='word_1_192' title='bbox 434 1783 591 1814; x_wconf 81' lang='lat' dir='ltr'>excitavit</span> <span class='ocrx_word' id='word_1_193' title='bbox 608 1783 791 1821; x_wconf 85' lang='lat' dir='ltr'>Abraham,</span> <span class='ocrx_word' id='word_1_194' title='bbox 814 1782 903 1815; x_wconf 83' lang='lat' dir='ltr'>illam</span> <span class='ocrx_word' id='word_1_195' title='bbox 916 1794 1093 1825; x_wconf 80' lang='lat' dir='ltr'>personam</span> 
     </span>
     <span class='ocr_line' id='line_1_31' title="bbox 113 1824 1094 1870; baseline -0.001 -11"><span class='ocrx_word' id='word_1_196' title='bbox 113 1826 228 1870; x_wconf 83' lang='lat' dir='ltr'>elegit,</span> <span class='ocrx_word' id='word_1_197' title='bbox 252 1827 345 1859; x_wconf 89' lang='lat' dir='ltr'>cuius</span> <span class='ocrx_word' id='word_1_198' title='bbox 369 1826 555 1868; x_wconf 82' lang='lat' dir='ltr'>posteritati</span> <span class='ocrx_word' id='word_1_199' title='bbox 584 1824 686 1858; x_wconf 80' lang='lat' dir='ltr'>vellet</span> <span class='ocrx_word' id='word_1_200' title='bbox 713 1827 893 1858; x_wconf 84' lang='lat' dir='ltr'>attribuere</span> <span class='ocrx_word' id='word_1_201' title='bbox 926 1826 1094 1866; x_wconf 73' lang='lat' dir='ltr'>Messium,</span> 
     </span>
     <span class='ocr_line' id='line_1_32' title="bbox 112 1867 1094 1912; baseline -0.001 -10"><span class='ocrx_word' id='word_1_202' title='bbox 112 1876 149 1902; x_wconf 91' lang='lat' dir='ltr'>ut</span> <span class='ocrx_word' id='word_1_203' title='bbox 171 1871 314 1903; x_wconf 83' lang='lat' dir='ltr'>sciretur</span> <span class='ocrx_word' id='word_1_204' title='bbox 337 1875 430 1901; x_wconf 86' lang='lat' dir='ltr'>certa</span> <span class='ocrx_word' id='word_1_205' title='bbox 452 1867 593 1908; x_wconf 85' lang='lat' dir='ltr'>familia,</span> <span class='ocrx_word' id='word_1_206' title='bbox 622 1869 655 1901; x_wconf 88' lang='lat' dir='ltr'>in</span> <span class='ocrx_word' id='word_1_207' title='bbox 686 1880 751 1912; x_wconf 87' lang='lat' dir='ltr'>qua</span> <span class='ocrx_word' id='word_1_208' title='bbox 777 1875 972 1902; x_wconf 83' lang='lat' dir='ltr'>nasceretur</span> <span class='ocrx_word' id='word_1_209' title='bbox 1001 1869 1094 1901; x_wconf 82' lang='lat' dir='ltr'>Chri-</span> 
     </span>
     <span class='ocr_line' id='line_1_33' title="bbox 111 1918 197 1946; baseline -0.023 0"><span class='ocrx_word' id='word_1_210' title='bbox 111 1918 197 1946; x_wconf 89' lang='lat' dir='ltr'>stus.</span> 
     </span>
    </p>
   </div>
   <div class='ocr_carea' id='block_1_7' title="bbox 114 1993 1093 2096">
    <p class='ocr_par' dir='ltr' id='par_1_7' title="bbox 114 1993 1093 2096">
     <span class='ocr_line' id='line_1_34' title="bbox 114 1993 1093 2049; baseline 0.001 -15"><span class='ocrx_word' id='word_1_211' title='bbox 114 1993 250 2043; x_wconf 80' lang='lat' dir='ltr'>Quare</span> <span class='ocrx_word' id='word_1_212' title='bbox 282 1994 323 2033; x_wconf 90' lang='lat' dir='ltr'>in</span> <span class='ocrx_word' id='word_1_213' title='bbox 354 1993 419 2033; x_wconf 83' lang='lat' dir='ltr'>illa</span> <span class='ocrx_word' id='word_1_214' title='bbox 458 1998 574 2048; x_wconf 78' lang='lat' dir='ltr'>parte</span> <span class='ocrx_word' id='word_1_215' title='bbox 606 1994 781 2049; x_wconf 77' lang='lat' dir='ltr'>corporis</span> <span class='ocrx_word' id='word_1_216' title='bbox 820 1999 881 2034; x_wconf 77' lang='lat' dir='ltr'>est,</span> <span class='ocrx_word' id='word_1_217' title='bbox 912 1994 1093 2035; x_wconf 79' lang='lat' dir='ltr'>instituta</span> 
     </span>
     <span class='ocr_line' id='line_1_35' title="bbox 467 2053 767 2096; baseline 0.01 -3"><span class='ocrx_word' id='word_1_218' title='bbox 467 2053 739 2096; x_wconf 63' lang='lat' dir='ltr'>circumcisio?</span> <span class='ocrx_word' id='word_1_219' title='bbox 763 2077 767 2081; x_wconf 30' lang='grc' dir='ltr'><strong>Δ</strong></span> 
     </span>
    </p>
   </div>
   <div class='ocr_carea' id='block_1_8' title="bbox 112 2126 1092 2683">
    <p class='ocr_par' dir='ltr' id='par_1_8' title="bbox 112 2126 1092 2683">
     <span class='ocr_line' id='line_1_36' title="bbox 198 2126 1092 2168; baseline 0.002 -10"><span class='ocrx_word' id='word_1_220' title='bbox 198 2126 413 2168; x_wconf 84' lang='lat' dir='ltr'>Respondeo.</span> <span class='ocrx_word' id='word_1_221' title='bbox 460 2127 490 2158; x_wconf 83' lang='lat'>1.</span> <span class='ocrx_word' id='word_1_222' title='bbox 514 2126 598 2163; x_wconf 85' lang='lat' dir='ltr'>Quia</span> <span class='ocrx_word' id='word_1_223' title='bbox 624 2133 868 2160; x_wconf 83' lang='lat' dir='ltr'>sacramentum</span> <span class='ocrx_word' id='word_1_224' title='bbox 892 2128 991 2159; x_wconf 90' lang='lat' dir='ltr'>debet</span> <span class='ocrx_word' id='word_1_225' title='bbox 1014 2137 1092 2160; x_wconf 86' lang='lat' dir='ltr'>esse</span> 
     </span>
     <span class='ocr_line' id='line_1_37' title="bbox 114 2168 1090 2211; baseline 0.001 -9"><span class='ocrx_word' id='word_1_226' title='bbox 114 2168 389 2202; x_wconf 84' lang='lat' dir='ltr'>commonefactio</span> <span class='ocrx_word' id='word_1_227' title='bbox 414 2170 456 2201; x_wconf 86' lang='lat' dir='ltr'>de</span> <span class='ocrx_word' id='word_1_228' title='bbox 477 2171 708 2211; x_wconf 85' lang='lat' dir='ltr'>promissione.</span> <span class='ocrx_word' id='word_1_229' title='bbox 752 2171 833 2203; x_wconf 85' lang='lat' dir='ltr'>Erat</span> <span class='ocrx_word' id='word_1_230' title='bbox 856 2176 964 2202; x_wconf 87' lang='lat' dir='ltr'>autem</span> <span class='ocrx_word' id='word_1_231' title='bbox 987 2170 1029 2202; x_wconf 89' lang='lat' dir='ltr'>de</span> <span class='ocrx_word' id='word_1_232' title='bbox 1041 2180 1090 2203; x_wconf 88' lang='lat' dir='ltr'>se-</span> 
     </span>
     <span class='ocr_line' id='line_1_38' title="bbox 112 2212 1091 2256; baseline 0 -10"><span class='ocrx_word' id='word_1_233' title='bbox 112 2214 199 2246; x_wconf 85' lang='lat' dir='ltr'>mine</span> <span class='ocrx_word' id='word_1_234' title='bbox 222 2214 417 2255; x_wconf 82' lang='lat' dir='ltr'>promissio:</span> <span class='ocrx_word' id='word_1_235' title='bbox 452 2213 527 2245; x_wconf 88' lang='lat' dir='ltr'>ideo</span> <span class='ocrx_word' id='word_1_236' title='bbox 560 2214 594 2244; x_wconf 91' lang='lat' dir='ltr'>in</span> <span class='ocrx_word' id='word_1_237' title='bbox 621 2212 679 2246; x_wconf 89' lang='lat' dir='ltr'>illa</span> <span class='ocrx_word' id='word_1_238' title='bbox 708 2220 803 2256; x_wconf 86' lang='lat' dir='ltr'>parte</span> <span class='ocrx_word' id='word_1_239' title='bbox 831 2219 882 2246; x_wconf 92' lang='lat' dir='ltr'>est</span> <span class='ocrx_word' id='word_1_240' title='bbox 910 2214 1091 2246; x_wconf 88' lang='lat' dir='ltr'>institutum</span> 
     </span>
     <span class='ocr_line' id='line_1_39' title="bbox 112 2255 1091 2298; baseline 0 -10"><span class='ocrx_word' id='word_1_241' title='bbox 112 2257 257 2298; x_wconf 80' lang='lat' dir='ltr'>signum,</span> <span class='ocrx_word' id='word_1_242' title='bbox 291 2262 323 2288; x_wconf 89' lang='lat' dir='ltr'>et</span> <span class='ocrx_word' id='word_1_243' title='bbox 347 2261 399 2288; x_wconf 85' lang='lat' dir='ltr'>est</span> <span class='ocrx_word' id='word_1_244' title='bbox 421 2255 579 2287; x_wconf 88' lang='lat' dir='ltr'>mirabilis</span> <span class='ocrx_word' id='word_1_245' title='bbox 606 2267 674 2289; x_wconf 90' lang='lat' dir='ltr'>res.</span> <span class='ocrx_word' id='word_1_246' title='bbox 719 2257 829 2289; x_wconf 76' lang='lat' dir='ltr'>Credo</span> <span class='ocrx_word' id='word_1_247' title='bbox 853 2262 965 2298; x_wconf 84' lang='lat' dir='ltr'>patres</span> <span class='ocrx_word' id='word_1_248' title='bbox 988 2256 1091 2289; x_wconf 89' lang='lat' dir='ltr'>multa</span> 
     </span>
     <span class='ocr_line' id='line_1_40' title="bbox 113 2298 1090 2341; baseline 0 -10"><span class='ocrx_word' id='word_1_249' title='bbox 113 2300 293 2341; x_wconf 82' lang='lat' dir='ltr'>cogitasse.</span> <span class='ocrx_word' id='word_1_250' title='bbox 338 2299 370 2330; x_wconf 72' lang='lat'>2.</span> <span class='ocrx_word' id='word_1_251' title='bbox 394 2298 491 2334; x_wconf 86' lang='lat' dir='ltr'>Quod</span> <span class='ocrx_word' id='word_1_252' title='bbox 513 2298 598 2330; x_wconf 88' lang='lat' dir='ltr'>haec</span> <span class='ocrx_word' id='word_1_253' title='bbox 619 2306 735 2332; x_wconf 88' lang='lat' dir='ltr'>nostra</span> <span class='ocrx_word' id='word_1_254' title='bbox 758 2307 877 2332; x_wconf 80' lang='lat' dir='ltr'>natura</span> <span class='ocrx_word' id='word_1_255' title='bbox 900 2300 942 2331; x_wconf 81' lang='lat' dir='ltr'>sit</span> <span class='ocrx_word' id='word_1_256' title='bbox 965 2301 1090 2341; x_wconf 87' lang='lat' dir='ltr'>praeci-</span> 
     </span>
     <span class='ocr_line' id='line_1_41' title="bbox 113 2342 1090 2384; baseline 0 -10"><span class='ocrx_word' id='word_1_257' title='bbox 113 2343 233 2381; x_wconf 82' lang='lat' dir='ltr'>denda,</span> <span class='ocrx_word' id='word_1_258' title='bbox 257 2343 345 2384; x_wconf 91' lang='lat' dir='ltr'>quod</span> <span class='ocrx_word' id='word_1_259' title='bbox 369 2347 522 2384; x_wconf 86' lang='lat' dir='ltr'>oporteat</span> <span class='ocrx_word' id='word_1_260' title='bbox 544 2342 672 2376; x_wconf 87' lang='lat' dir='ltr'>aboleri</span> <span class='ocrx_word' id='word_1_261' title='bbox 694 2344 781 2375; x_wconf 90' lang='lat' dir='ltr'>hanc</span> <span class='ocrx_word' id='word_1_262' title='bbox 797 2343 1090 2377; x_wconf 77' lang='lat' dir='ltr'>naturamuniver-</span> 
     </span>
     <span class='ocr_line' id='line_1_42' title="bbox 113 2385 1089 2427; baseline 0.001 -11"><span class='ocrx_word' id='word_1_263' title='bbox 113 2395 187 2417; x_wconf 82' lang='lat' dir='ltr'>sam</span> <span class='ocrx_word' id='word_1_264' title='bbox 209 2386 242 2416; x_wconf 85' lang='lat' dir='ltr'>in</span> <span class='ocrx_word' id='word_1_265' title='bbox 265 2392 418 2427; x_wconf 85' lang='lat' dir='ltr'>peccato,</span> <span class='ocrx_word' id='word_1_266' title='bbox 452 2391 485 2416; x_wconf 89' lang='lat' dir='ltr'>et</span> <span class='ocrx_word' id='word_1_267' title='bbox 514 2395 582 2416; x_wconf 86' lang='lat' dir='ltr'>non</span> <span class='ocrx_word' id='word_1_268' title='bbox 605 2385 714 2418; x_wconf 85' lang='lat' dir='ltr'>solum</span> <span class='ocrx_word' id='word_1_269' title='bbox 736 2387 875 2425; x_wconf 83' lang='lat' dir='ltr'>aboleri,</span> <span class='ocrx_word' id='word_1_270' title='bbox 910 2387 970 2417; x_wconf 86' lang='lat' dir='ltr'>sed</span> <span class='ocrx_word' id='word_1_271' title='bbox 993 2386 1089 2418; x_wconf 83' lang='lat' dir='ltr'>etiam</span> 
     </span>
     <span class='ocr_line' id='line_1_43' title="bbox 113 2427 1090 2469; baseline -0.001 -9"><span class='ocrx_word' id='word_1_272' title='bbox 113 2429 241 2460; x_wconf 86' lang='lat' dir='ltr'>restitui</span> <span class='ocrx_word' id='word_1_273' title='bbox 265 2438 326 2469; x_wconf 89' lang='lat' dir='ltr'>per</span> <span class='ocrx_word' id='word_1_274' title='bbox 348 2427 431 2460; x_wconf 87' lang='lat' dir='ltr'>illud</span> <span class='ocrx_word' id='word_1_275' title='bbox 453 2438 567 2460; x_wconf 86' lang='lat' dir='ltr'>semen</span> <span class='ocrx_word' id='word_1_276' title='bbox 589 2429 810 2462; x_wconf 86' lang='lat' dir='ltr'>benedictum.</span> <span class='ocrx_word' id='word_1_277' title='bbox 833 2429 985 2460; x_wconf 72' lang='lat' dir='ltr'>Dur-nach</span> <span class='ocrx_word' id='word_1_278' title='bbox 1000 2430 1090 2459; x_wconf 74' lang='lat' dir='ltr'>seiml</span> 
     </span>
     <span class='ocr_line' id='line_1_44' title="bbox 113 2470 1089 2505; baseline 0.005 -5"><span class='ocrx_word' id='word_1_279' title='bbox 113 2471 176 2501; x_wconf 77' lang='lat' dir='ltr'>viel</span> <span class='ocrx_word' id='word_1_280' title='bbox 196 2471 374 2501; x_wconf 69' lang='lat' dir='ltr'>heimliclzer</span> <span class='ocrx_word' id='word_1_281' title='bbox 397 2481 551 2503; x_wconf 87' lang='lat' dir='ltr'>caussae.</span> <span class='ocrx_word' id='word_1_282' title='bbox 597 2470 739 2505; x_wconf 83' lang='lat' dir='ltr'>Peccata</span> <span class='ocrx_word' id='word_1_283' title='bbox 762 2474 896 2505; x_wconf 88' lang='lat' dir='ltr'>seminis</span> <span class='ocrx_word' id='word_1_284' title='bbox 914 2478 992 2504; x_wconf 89' lang='lat' dir='ltr'>sunt</span> <span class='ocrx_word' id='word_1_285' title='bbox 1013 2472 1089 2505; x_wconf 90' lang='lat' dir='ltr'>hor-</span> 
     </span>
     <span class='ocr_line' id='line_1_45' title="bbox 113 2513 1090 2558; baseline 0.001 -12"><span class='ocrx_word' id='word_1_286' title='bbox 113 2513 222 2546; x_wconf 85' lang='lat' dir='ltr'>ribilia</span> <span class='ocrx_word' id='word_1_287' title='bbox 243 2515 276 2545; x_wconf 91' lang='lat' dir='ltr'>in</span> <span class='ocrx_word' id='word_1_288' title='bbox 299 2524 422 2556; x_wconf 84' lang='lat' dir='ltr'>genere</span> <span class='ocrx_word' id='word_1_289' title='bbox 438 2515 599 2552; x_wconf 63' lang='lat' dir='ltr'>humanm</span> <span class='ocrx_word' id='word_1_290' title='bbox 621 2522 739 2557; x_wconf 87' lang='lat' dir='ltr'>postea</span> <span class='ocrx_word' id='word_1_291' title='bbox 750 2522 935 2558; x_wconf 85' lang='lat' dir='ltr'>sequuntur</span> <span class='ocrx_word' id='word_1_292' title='bbox 946 2525 1090 2558; x_wconf 85' lang='lat' dir='ltr'>magnae</span> 
     </span>
     <span class='ocr_line' id='line_1_46' title="bbox 117 2558 1090 2601; baseline 0.001 -12"><span class='ocrx_word' id='word_1_293' title='bbox 117 2563 150 2589; x_wconf 88' lang='lat' dir='ltr'>et</span> <span class='ocrx_word' id='word_1_294' title='bbox 173 2558 286 2589; x_wconf 86' lang='lat' dir='ltr'>tristes</span> <span class='ocrx_word' id='word_1_295' title='bbox 309 2567 449 2598; x_wconf 79' lang='lat' dir='ltr'>poenae.</span> <span class='ocrx_word' id='word_1_296' title='bbox 492 2558 657 2590; x_wconf 85' lang='lat' dir='ltr'>Maximae</span> <span class='ocrx_word' id='word_1_297' title='bbox 680 2559 903 2598; x_wconf 79' lang='lat' dir='ltr'>calamitates,</span> <span class='ocrx_word' id='word_1_298' title='bbox 926 2569 1011 2601; x_wconf 87' lang='lat' dir='ltr'>quae</span> <span class='ocrx_word' id='word_1_299' title='bbox 1033 2569 1090 2591; x_wconf 89' lang='lat' dir='ltr'>va-</span> 
     </span>
     <span class='ocr_line' id='line_1_47' title="bbox 114 2600 1089 2646; baseline 0.003 -15"><span class='ocrx_word' id='word_1_300' title='bbox 114 2605 234 2643; x_wconf 80' lang='lat' dir='ltr'>gantur</span> <span class='ocrx_word' id='word_1_301' title='bbox 255 2610 315 2642; x_wconf 86' lang='lat' dir='ltr'>per</span> <span class='ocrx_word' id='word_1_302' title='bbox 337 2610 443 2643; x_wconf 83' lang='lat' dir='ltr'>genus</span> <span class='ocrx_word' id='word_1_303' title='bbox 470 2600 664 2643; x_wconf 85' lang='lat' dir='ltr'>humanum,</span> <span class='ocrx_word' id='word_1_304' title='bbox 697 2608 775 2635; x_wconf 87' lang='lat' dir='ltr'>sunt</span> <span class='ocrx_word' id='word_1_305' title='bbox 801 2612 931 2646; x_wconf 87' lang='lat' dir='ltr'>poenae</span> <span class='ocrx_word' id='word_1_306' title='bbox 952 2601 1089 2634; x_wconf 88' lang='lat' dir='ltr'>idolola-</span> 
     </span>
     <span class='ocr_line' id='line_1_48' title="bbox 114 2642 794 2683; baseline 0.004 -7"><span class='ocrx_word' id='word_1_307' title='bbox 114 2643 262 2683; x_wconf 83' lang='lat' dir='ltr'>triarum,</span> <span class='ocrx_word' id='word_1_308' title='bbox 284 2643 536 2677; x_wconf 84' lang='lat' dir='ltr'>homicidiorum</span> <span class='ocrx_word' id='word_1_309' title='bbox 559 2650 592 2677; x_wconf 85' lang='lat' dir='ltr'>et</span> <span class='ocrx_word' id='word_1_310' title='bbox 614 2642 794 2680; x_wconf 84' lang='lat' dir='ltr'>libidinum.</span> 
     </span>
    </p>
   </div>
   <div class='ocr_carea' id='block_1_9' title="bbox 794 169 1448 214">
    <p class='ocr_par' dir='ltr' id='par_1_9' title="bbox 794 169 1448 214">
     <span class='ocr_line' id='line_1_49' title="bbox 794 169 1448 214; baseline -0.006 -8"><span class='ocrx_word' id='word_1_311' title='bbox 794 172 1014 214; x_wconf 67' lang='lat' dir='ltr'><strong>POSTJLLA</strong></span> <span class='ocrx_word' id='word_1_312' title='bbox 1047 169 1448 206; x_wconf 67' lang='lat' dir='ltr'>MELANTHONIANA.</span> 
     </span>
    </p>
   </div>
   <div class='ocr_carea' id='block_1_10' title="bbox 2068 176 2134 210">
    <p class='ocr_par' dir='ltr' id='par_1_10' title="bbox 2068 176 2134 210">
     <span class='ocr_line' id='line_1_50' title="bbox 2068 176 2134 210; baseline 0.015 -1"><span class='ocrx_word' id='word_1_313' title='bbox 2068 176 2134 210; x_wconf 75' lang='lat'>934</span> 
     </span>
    </p>
   </div>
   <div class='ocr_carea' id='block_1_11' title="bbox 1150 270 2133 489">
    <p class='ocr_par' dir='ltr' id='par_1_11' title="bbox 1150 270 2133 489">
     <span class='ocr_line' id='line_1_51' title="bbox 1237 270 2133 314; baseline 0 -10"><span class='ocrx_word' id='word_1_314' title='bbox 1237 273 1330 305; x_wconf 86' lang='lat' dir='ltr'>Deus</span> <span class='ocrx_word' id='word_1_315' title='bbox 1354 271 1459 304; x_wconf 85' lang='lat' dir='ltr'>voluit</span> <span class='ocrx_word' id='word_1_316' title='bbox 1481 270 1652 304; x_wconf 87' lang='lat' dir='ltr'>Abraham</span> <span class='ocrx_word' id='word_1_317' title='bbox 1687 271 1900 304; x_wconf 74' lang='lat' dir='ltr'>circumferre</span> <span class='ocrx_word' id='word_1_318' title='bbox 1928 272 1961 303; x_wconf 92' lang='lat' dir='ltr'>in</span> <span class='ocrx_word' id='word_1_319' title='bbox 1990 281 2133 314; x_wconf 78' lang='lat' dir='ltr'>corpore</span> 
     </span>
     <span class='ocr_line' id='line_1_52' title="bbox 1151 315 2130 360; baseline -0.002 -11"><span class='ocrx_word' id='word_1_320' title='bbox 1151 317 1281 360; x_wconf 85' lang='lat' dir='ltr'>signum</span> <span class='ocrx_word' id='word_1_321' title='bbox 1302 315 1396 354; x_wconf 88' lang='lat' dir='ltr'>illud,</span> <span class='ocrx_word' id='word_1_322' title='bbox 1431 326 1496 357; x_wconf 89' lang='lat' dir='ltr'>quo</span> <span class='ocrx_word' id='word_1_323' title='bbox 1521 315 1791 347; x_wconf 78' lang='lat' dir='ltr'>commoneiieret</span> <span class='ocrx_word' id='word_1_324' title='bbox 1821 316 1863 347; x_wconf 86' lang='lat' dir='ltr'>de</span> <span class='ocrx_word' id='word_1_325' title='bbox 1896 316 2130 357; x_wconf 82' lang='lat' dir='ltr'>promissione,</span> 
     </span>
     <span class='ocr_line' id='line_1_53' title="bbox 1150 357 2131 401; baseline -0.002 -8"><span class='ocrx_word' id='word_1_326' title='bbox 1150 367 1183 393; x_wconf 91' lang='lat' dir='ltr'>et</span> <span class='ocrx_word' id='word_1_327' title='bbox 1201 359 1299 392; x_wconf 86' lang='lat' dir='ltr'>simul</span> <span class='ocrx_word' id='word_1_328' title='bbox 1323 359 1527 401; x_wconf 76' lang='lat' dir='ltr'>significaret</span> <span class='ocrx_word' id='word_1_329' title='bbox 1548 357 1635 391; x_wconf 88' lang='lat' dir='ltr'>hanc</span> <span class='ocrx_word' id='word_1_330' title='bbox 1657 361 1812 391; x_wconf 83' lang='lat' dir='ltr'>miseram</span> <span class='ocrx_word' id='word_1_331' title='bbox 1835 364 1986 391; x_wconf 84' lang='lat' dir='ltr'>naturam</span> <span class='ocrx_word' id='word_1_332' title='bbox 2003 358 2131 400; x_wconf 88' lang='lat' dir='ltr'>lapsam</span> 
     </span>
     <span class='ocr_line' id='line_1_54' title="bbox 1150 401 2130 445; baseline -0.002 -10"><span class='ocrx_word' id='word_1_333' title='bbox 1150 414 1228 436; x_wconf 87' lang='lat' dir='ltr'>esse</span> <span class='ocrx_word' id='word_1_334' title='bbox 1247 410 1280 435; x_wconf 90' lang='lat' dir='ltr'>et</span> <span class='ocrx_word' id='word_1_335' title='bbox 1303 403 1489 434; x_wconf 86' lang='lat' dir='ltr'>immersam</span> <span class='ocrx_word' id='word_1_336' title='bbox 1511 412 1587 435; x_wconf 87' lang='lat' dir='ltr'>esse</span> <span class='ocrx_word' id='word_1_337' title='bbox 1609 403 1771 445; x_wconf 73' lang='lat' dir='ltr'>peccatis,</span> <span class='ocrx_word' id='word_1_338' title='bbox 1800 408 1834 434; x_wconf 91' lang='lat' dir='ltr'>et</span> <span class='ocrx_word' id='word_1_339' title='bbox 1857 401 1956 434; x_wconf 85' lang='lat' dir='ltr'>simul</span> <span class='ocrx_word' id='word_1_340' title='bbox 1984 401 2130 433; x_wconf 84' lang='lat' dir='ltr'>sanctifi-</span> 
     </span>
     <span class='ocr_line' id='line_1_55' title="bbox 1151 448 1450 489; baseline 0 -11"><span class='ocrx_word' id='word_1_341' title='bbox 1151 448 1219 479; x_wconf 86' lang='lat' dir='ltr'>eari</span> <span class='ocrx_word' id='word_1_342' title='bbox 1242 457 1303 489; x_wconf 86' lang='lat' dir='ltr'>per</span> <span class='ocrx_word' id='word_1_343' title='bbox 1325 456 1450 478; x_wconf 86' lang='lat' dir='ltr'>semen.</span> 
     </span>
    </p>
   </div>
   <div class='ocr_carea' id='block_1_12' title="bbox 1216 541 2070 597">
    <p class='ocr_par' dir='ltr' id='par_1_12' title="bbox 1216 541 2070 597">
     <span class='ocr_line' id='line_1_56' title="bbox 1216 541 2070 597; baseline -0.005 -11"><span class='ocrx_word' id='word_1_344' title='bbox 1216 544 1371 587; x_wconf 80' lang='lat' dir='ltr'>Suntne</span> <span class='ocrx_word' id='word_1_345' title='bbox 1402 544 1586 585; x_wconf 84' lang='lat' dir='ltr'>homines</span> <span class='ocrx_word' id='word_1_346' title='bbox 1617 544 1710 584; x_wconf 80' lang='lat' dir='ltr'>iusti</span> <span class='ocrx_word' id='word_1_347' title='bbox 1742 541 2070 597; x_wconf 69' lang='lat' dir='ltr'>circumsisione‘?z</span> 
     </span>
    </p>
   </div>
   <div class='ocr_carea' id='block_1_13' title="bbox 1140 617 2145 2691">
    <p class='ocr_par' dir='ltr' id='par_1_13' title="bbox 1150 617 2131 964">
     <span class='ocr_line' id='line_1_57' title="bbox 1235 617 2131 660; baseline -0.003 -9"><span class='ocrx_word' id='word_1_348' title='bbox 1235 619 1449 660; x_wconf 87' lang='lat' dir='ltr'>Respondeo.</span> <span class='ocrx_word' id='word_1_349' title='bbox 1485 619 1571 650; x_wconf 90' lang='lat' dir='ltr'>Non.</span> <span class='ocrx_word' id='word_1_350' title='bbox 1595 617 1764 650; x_wconf 87' lang='lat' dir='ltr'>Abrabam</span> <span class='ocrx_word' id='word_1_351' title='bbox 1788 623 1861 649; x_wconf 84' lang='lat' dir='ltr'>erat</span> <span class='ocrx_word' id='word_1_352' title='bbox 1884 624 1983 649; x_wconf 86' lang='lat' dir='ltr'>antea</span> <span class='ocrx_word' id='word_1_353' title='bbox 2005 617 2131 655; x_wconf 83' lang='lat' dir='ltr'>iustus3</span> 
     </span>
     <span class='ocr_line' id='line_1_58' title="bbox 1151 661 2130 704; baseline -0.004 -9"><span class='ocrx_word' id='word_1_354' title='bbox 1151 663 1210 697; x_wconf 83' lang='lat' dir='ltr'>sed</span> <span class='ocrx_word' id='word_1_355' title='bbox 1235 662 1366 704; x_wconf 83' lang='lat' dir='ltr'>quando</span> <span class='ocrx_word' id='word_1_356' title='bbox 1391 662 1560 703; x_wconf 73' lang='lat' dir='ltr'>cogitabat</span> <span class='ocrx_word' id='word_1_357' title='bbox 1583 662 1624 693; x_wconf 89' lang='lat' dir='ltr'>dc</span> <span class='ocrx_word' id='word_1_358' title='bbox 1648 661 1908 701; x_wconf 76' lang='lat' dir='ltr'>circumcisione,</span> <span class='ocrx_word' id='word_1_359' title='bbox 1931 662 2130 692; x_wconf 80' lang='lat' dir='ltr'>admoneba-</span> 
     </span>
     <span class='ocr_line' id='line_1_59' title="bbox 1151 704 2129 747; baseline -0.002 -10"><span class='ocrx_word' id='word_1_360' title='bbox 1151 713 1203 738; x_wconf 90' lang='lat' dir='ltr'>tur</span> <span class='ocrx_word' id='word_1_361' title='bbox 1226 707 1267 737; x_wconf 84' lang='lat' dir='ltr'>de</span> <span class='ocrx_word' id='word_1_362' title='bbox 1285 707 1516 747; x_wconf 70' lang='lat' dir='ltr'>promissione,</span> <span class='ocrx_word' id='word_1_363' title='bbox 1541 705 1629 747; x_wconf 88' lang='lat' dir='ltr'>quod</span> <span class='ocrx_word' id='word_1_364' title='bbox 1652 704 1901 746; x_wconf 83' lang='lat' dir='ltr'>perDominum</span> <span class='ocrx_word' id='word_1_365' title='bbox 1926 705 2029 735; x_wconf 82' lang='lat' dir='ltr'>simus</span> <span class='ocrx_word' id='word_1_366' title='bbox 2052 704 2129 736; x_wconf 86' lang='lat' dir='ltr'>iusti</span> 
     </span>
     <span class='ocr_line' id='line_1_60' title="bbox 1151 747 2128 790; baseline -0.003 -9"><span class='ocrx_word' id='word_1_367' title='bbox 1151 756 1215 781; x_wconf 89' lang='lat' dir='ltr'>etc.</span> <span class='ocrx_word' id='word_1_368' title='bbox 1260 749 1354 780; x_wconf 89' lang='lat' dir='ltr'>Deus</span> <span class='ocrx_word' id='word_1_369' title='bbox 1377 750 1419 780; x_wconf 84' lang='lat' dir='ltr'>ab</span> <span class='ocrx_word' id='word_1_370' title='bbox 1443 749 1533 780; x_wconf 65' lang='lat' dir='ltr'>initio</span> <span class='ocrx_word' id='word_1_371' title='bbox 1545 754 1622 790; x_wconf 82' lang='lat' dir='ltr'>post</span> <span class='ocrx_word' id='word_1_372' title='bbox 1639 747 1771 790; x_wconf 80' lang='lat' dir='ltr'>lapsum</span> <span class='ocrx_word' id='word_1_373' title='bbox 1791 748 1917 789; x_wconf 86' lang='lat' dir='ltr'>recepit</span> <span class='ocrx_word' id='word_1_374' title='bbox 1935 748 2060 789; x_wconf 86' lang='lat' dir='ltr'>primos</span> <span class='ocrx_word' id='word_1_375' title='bbox 2073 758 2128 788; x_wconf 87' lang='lat' dir='ltr'>pa-</span> 
     </span>
     <span class='ocr_line' id='line_1_61' title="bbox 1150 789 2131 833; baseline -0.002 -9"><span class='ocrx_word' id='word_1_376' title='bbox 1150 798 1263 824; x_wconf 90' lang='lat' dir='ltr'>rentes</span> <span class='ocrx_word' id='word_1_377' title='bbox 1286 793 1372 824; x_wconf 86' lang='lat' dir='ltr'>edita</span> <span class='ocrx_word' id='word_1_378' title='bbox 1394 793 1625 833; x_wconf 72' lang='lat' dir='ltr'>promissione,</span> <span class='ocrx_word' id='word_1_379' title='bbox 1649 792 1725 833; x_wconf 87' lang='lat' dir='ltr'>quia</span> <span class='ocrx_word' id='word_1_380' title='bbox 1744 789 1897 823; x_wconf 76' lang='lat' dir='ltr'>Ecclesia</span> <span class='ocrx_word' id='word_1_381' title='bbox 1921 791 2131 822; x_wconf 82' lang='lat' dir='ltr'>constituitur</span> 
     </span>
     <span class='ocr_line' id='line_1_62' title="bbox 1150 832 2130 878; baseline -0.004 -10"><span class='ocrx_word' id='word_1_382' title='bbox 1150 846 1236 868; x_wconf 89' lang='lat' dir='ltr'>voce</span> <span class='ocrx_word' id='word_1_383' title='bbox 1264 835 1452 878; x_wconf 80' lang='lat' dir='ltr'>Evangelii,</span> <span class='ocrx_word' id='word_1_384' title='bbox 1490 845 1558 867; x_wconf 84' lang='lat' dir='ltr'>non</span> <span class='ocrx_word' id='word_1_385' title='bbox 1592 845 1677 866; x_wconf 88' lang='lat' dir='ltr'>voce</span> <span class='ocrx_word' id='word_1_386' title='bbox 1712 834 1808 876; x_wconf 78' lang='lat' dir='ltr'>legis,</span> <span class='ocrx_word' id='word_1_387' title='bbox 1844 835 1921 876; x_wconf 88' lang='lat' dir='ltr'>quia</span> <span class='ocrx_word' id='word_1_388' title='bbox 1954 832 2007 864; x_wconf 78' lang='lat' dir='ltr'>lex</span> <span class='ocrx_word' id='word_1_389' title='bbox 2032 834 2130 865; x_wconf 82' lang='lat' dir='ltr'>etiam</span> 
     </span>
     <span class='ocr_line' id='line_1_63' title="bbox 1151 876 2130 922; baseline -0.003 -11"><span class='ocrx_word' id='word_1_390' title='bbox 1151 880 1303 922; x_wconf 78' lang='lat' dir='ltr'>gentibus</span> <span class='ocrx_word' id='word_1_391' title='bbox 1326 885 1416 917; x_wconf 86' lang='lat' dir='ltr'>nota,</span> <span class='ocrx_word' id='word_1_392' title='bbox 1451 879 1512 910; x_wconf 86' lang='lat' dir='ltr'>sed</span> <span class='ocrx_word' id='word_1_393' title='bbox 1536 884 1662 915; x_wconf 82' lang='lat' dir='ltr'>tamen,</span> <span class='ocrx_word' id='word_1_394' title='bbox 1697 879 1751 909; x_wconf 90' lang='lat' dir='ltr'>ubi</span> <span class='ocrx_word' id='word_1_395' title='bbox 1775 888 1842 909; x_wconf 91' lang='lat' dir='ltr'>non</span> <span class='ocrx_word' id='word_1_396' title='bbox 1866 883 1918 909; x_wconf 87' lang='lat' dir='ltr'>est</span> <span class='ocrx_word' id='word_1_397' title='bbox 1940 876 2130 908; x_wconf 84' lang='lat' dir='ltr'>intellectus</span> 
     </span>
     <span class='ocr_line' id='line_1_64' title="bbox 1150 919 1950 964; baseline -0.004 -10"><span class='ocrx_word' id='word_1_398' title='bbox 1150 923 1391 964; x_wconf 81' lang='lat' dir='ltr'>promissionis,</span> <span class='ocrx_word' id='word_1_399' title='bbox 1414 923 1458 953; x_wconf 87' lang='lat' dir='ltr'>ibi</span> <span class='ocrx_word' id='word_1_400' title='bbox 1481 932 1549 953; x_wconf 87' lang='lat' dir='ltr'>non</span> <span class='ocrx_word' id='word_1_401' title='bbox 1567 927 1620 952; x_wconf 77' lang='lat' dir='ltr'>est</span> <span class='ocrx_word' id='word_1_402' title='bbox 1641 920 1831 952; x_wconf 83' lang='lat' dir='ltr'>intellectus</span> <span class='ocrx_word' id='word_1_403' title='bbox 1854 919 1950 962; x_wconf 80' lang='lat' dir='ltr'>legis.</span> 
     </span>
    </p>

    <p class='ocr_par' dir='ltr' id='par_1_14' title="bbox 1149 962 2129 1181">
     <span class='ocr_line' id='line_1_65' title="bbox 1237 962 2129 1008; baseline -0.002 -12"><span class='ocrx_word' id='word_1_404' title='bbox 1237 965 1402 1008; x_wconf 67' lang='lat' dir='ltr'>Cogitate,</span> <span class='ocrx_word' id='word_1_405' title='bbox 1437 964 1553 1007; x_wconf 76' lang='lat' dir='ltr'>quales</span> <span class='ocrx_word' id='word_1_406' title='bbox 1585 965 1754 996; x_wconf 83' lang='lat' dir='ltr'>auditores</span> <span class='ocrx_word' id='word_1_407' title='bbox 1778 963 1928 996; x_wconf 82' lang='lat' dir='ltr'>habuerit</span> <span class='ocrx_word' id='word_1_408' title='bbox 1951 962 2043 1002; x_wconf 87' lang='lat' dir='ltr'>Sem,</span> <span class='ocrx_word' id='word_1_409' title='bbox 2073 962 2129 1005; x_wconf 86' lang='lat' dir='ltr'>qui</span> 
     </span>
     <span class='ocr_line' id='line_1_66' title="bbox 1149 1005 2128 1046; baseline -0.003 -6"><span class='ocrx_word' id='word_1_410' title='bbox 1149 1008 1307 1040; x_wconf 82' lang='lat' dir='ltr'>habitavit</span> <span class='ocrx_word' id='word_1_411' title='bbox 1330 1009 1364 1040; x_wconf 90' lang='lat' dir='ltr'>in</span> <span class='ocrx_word' id='word_1_412' title='bbox 1387 1009 1519 1040; x_wconf 81' lang='lat' dir='ltr'>civitate</span> <span class='ocrx_word' id='word_1_413' title='bbox 1544 1007 1709 1046; x_wconf 82' lang='lat' dir='ltr'>Sodoma,</span> <span class='ocrx_word' id='word_1_414' title='bbox 1739 1007 1799 1039; x_wconf 84' lang='lat' dir='ltr'>sed</span> <span class='ocrx_word' id='word_1_415' title='bbox 1829 1013 1939 1039; x_wconf 86' lang='lat' dir='ltr'>tamen</span> <span class='ocrx_word' id='word_1_416' title='bbox 1962 1005 2019 1037; x_wconf 87' lang='lat' dir='ltr'>illa</span> <span class='ocrx_word' id='word_1_417' title='bbox 2042 1011 2128 1038; x_wconf 83' lang='lat' dir='ltr'>tetra</span> 
     </span>
     <span class='ocr_line' id='line_1_67' title="bbox 1149 1048 2129 1093; baseline -0.003 -10"><span class='ocrx_word' id='word_1_418' title='bbox 1149 1050 1321 1084; x_wconf 75' lang='lat' dir='ltr'>multitudo</span> <span class='ocrx_word' id='word_1_419' title='bbox 1346 1052 1541 1093; x_wconf 80' lang='lat' dir='ltr'>contempsit</span> <span class='ocrx_word' id='word_1_420' title='bbox 1564 1061 1682 1082; x_wconf 84' lang='lat' dir='ltr'>vocem</span> <span class='ocrx_word' id='word_1_421' title='bbox 1695 1051 1785 1090; x_wconf 79' lang='lat' dir='ltr'>Sem,</span> <span class='ocrx_word' id='word_1_422' title='bbox 1811 1056 1843 1081; x_wconf 86' lang='lat' dir='ltr'>et</span> <span class='ocrx_word' id='word_1_423' title='bbox 1866 1050 1989 1082; x_wconf 82' lang='lat' dir='ltr'>dedidit</span> <span class='ocrx_word' id='word_1_424' title='bbox 2002 1059 2039 1082; x_wconf 81' lang='lat' dir='ltr'>se</span> <span class='ocrx_word' id='word_1_425' title='bbox 2052 1048 2129 1080; x_wconf 83' lang='lat' dir='ltr'>hor·</span> 
     </span>
     <span class='ocr_line' id='line_1_68' title="bbox 1150 1092 2129 1137; baseline -0.001 -11"><span class='ocrx_word' id='word_1_426' title='bbox 1150 1096 1272 1126; x_wconf 81' lang='lat' dir='ltr'>rendae</span> <span class='ocrx_word' id='word_1_427' title='bbox 1295 1095 1497 1137; x_wconf 80' lang='lat' dir='ltr'>turpitudini.</span> <span class='ocrx_word' id='word_1_428' title='bbox 1542 1094 1590 1125; x_wconf 84' lang='lat' dir='ltr'>lbi</span> <span class='ocrx_word' id='word_1_429' title='bbox 1613 1092 1767 1126; x_wconf 75' lang='lat' dir='ltr'>Ecclesia</span> <span class='ocrx_word' id='word_1_430' title='bbox 1789 1092 1849 1126; x_wconf 85' lang='lat' dir='ltr'>fuit</span> <span class='ocrx_word' id='word_1_431' title='bbox 1870 1094 2007 1125; x_wconf 85' lang='lat' dir='ltr'>redacta</span> <span class='ocrx_word' id='word_1_432' title='bbox 2018 1093 2053 1125; x_wconf 91' lang='lat' dir='ltr'>in</span> <span class='ocrx_word' id='word_1_433' title='bbox 2070 1103 2129 1125; x_wconf 84' lang='lat' dir='ltr'>an-</span> 
     </span>
     <span class='ocr_line' id='line_1_69' title="bbox 1150 1139 1731 1181; baseline 0 -12"><span class='ocrx_word' id='word_1_434' title='bbox 1150 1139 1292 1181; x_wconf 74' lang='lat' dir='ltr'>gustiam</span> <span class='ocrx_word' id='word_1_435' title='bbox 1316 1144 1348 1169; x_wconf 86' lang='lat' dir='ltr'>et</span> <span class='ocrx_word' id='word_1_436' title='bbox 1373 1139 1527 1179; x_wconf 79' lang='lat' dir='ltr'>exiguum</span> <span class='ocrx_word' id='word_1_437' title='bbox 1550 1148 1731 1169; x_wconf 84' lang='lat' dir='ltr'>numerum.</span> 
     </span>
    </p>

    <p class='ocr_par' dir='ltr' id='par_1_15' title="bbox 1143 1179 2145 2345">
     <span class='ocr_line' id='line_1_70' title="bbox 1235 1179 2129 1222; baseline 0 -12"><span class='ocrx_word' id='word_1_438' title='bbox 1235 1181 1307 1221; x_wconf 66' lang='lat' dir='ltr'>EJJo</span> <span class='ocrx_word' id='word_1_439' title='bbox 1330 1192 1382 1211; x_wconf 80' lang='lat' dir='ltr'>ero</span> <span class='ocrx_word' id='word_1_440' title='bbox 1406 1182 1494 1213; x_wconf 77' lang='lat' dir='ltr'>Deus</span> <span class='ocrx_word' id='word_1_441' title='bbox 1516 1191 1630 1215; x_wconf 76' lang='lat' dir='ltr'>eornm,</span> <span class='ocrx_word' id='word_1_442' title='bbox 1654 1181 1686 1212; x_wconf 88' lang='lat' dir='ltr'>id</span> <span class='ocrx_word' id='word_1_443' title='bbox 1710 1186 1772 1218; x_wconf 81' lang='lat' dir='ltr'>est,</span> <span class='ocrx_word' id='word_1_444' title='bbox 1797 1190 1860 1222; x_wconf 86' lang='lat' dir='ltr'>ego</span> <span class='ocrx_word' id='word_1_445' title='bbox 1884 1190 1951 1211; x_wconf 85' lang='lat' dir='ltr'>non</span> <span class='ocrx_word' id='word_1_446' title='bbox 1970 1189 2029 1211; x_wconf 91' lang='lat' dir='ltr'>ero</span> <span class='ocrx_word' id='word_1_447' title='bbox 2042 1179 2129 1211; x_wconf 82' lang='lat' dir='ltr'>sicut</span> 
     </span>
     <span class='ocr_line' id='line_1_71' title="bbox 1148 1222 2128 1267; baseline -0.002 -11"><span class='ocrx_word' id='word_1_448' title='bbox 1148 1225 1259 1263; x_wconf 85' lang='lat' dir='ltr'>iudex,</span> <span class='ocrx_word' id='word_1_449' title='bbox 1278 1225 1338 1256; x_wconf 88' lang='lat' dir='ltr'>sed</span> <span class='ocrx_word' id='word_1_450' title='bbox 1362 1235 1537 1267; x_wconf 81' lang='lat' dir='ltr'>excerpam</span> <span class='ocrx_word' id='word_1_451' title='bbox 1561 1225 1658 1256; x_wconf 83' lang='lat' dir='ltr'>etiam</span> <span class='ocrx_word' id='word_1_452' title='bbox 1677 1233 1717 1255; x_wconf 78' lang='lat' dir='ltr'>ex</span> <span class='ocrx_word' id='word_1_453' title='bbox 1730 1222 1796 1254; x_wconf 88' lang='lat' dir='ltr'>illis</span> <span class='ocrx_word' id='word_1_454' title='bbox 1814 1223 1948 1262; x_wconf 81' lang='lat' dir='ltr'>multos,</span> <span class='ocrx_word' id='word_1_455' title='bbox 1963 1223 2018 1264; x_wconf 86' lang='lat' dir='ltr'>qui</span> <span class='ocrx_word' id='word_1_456' title='bbox 2031 1227 2128 1254; x_wconf 88' lang='lat' dir='ltr'>erunt</span> 
     </span>
     <span class='ocr_line' id='line_1_72' title="bbox 1149 1264 2127 1308; baseline -0.004 -8"><span class='ocrx_word' id='word_1_457' title='bbox 1149 1274 1284 1300; x_wconf 79' lang='lat' dir='ltr'>aeterna</span> <span class='ocrx_word' id='word_1_458' title='bbox 1306 1269 1454 1300; x_wconf 83' lang='lat' dir='ltr'>membra</span> <span class='ocrx_word' id='word_1_459' title='bbox 1476 1267 1657 1299; x_wconf 79' lang='lat' dir='ltr'>Ecclesiae.</span> <span class='ocrx_word' id='word_1_460' title='bbox 1702 1266 1864 1308; x_wconf 82' lang='lat' dir='ltr'>Loquitur</span> <span class='ocrx_word' id='word_1_461' title='bbox 1888 1267 1929 1297; x_wconf 90' lang='lat' dir='ltr'>de</span> <span class='ocrx_word' id='word_1_462' title='bbox 1953 1264 2127 1307; x_wconf 81' lang='lat' dir='ltr'>principali</span> 
     </span>
     <span class='ocr_line' id='line_1_73' title="bbox 1148 1310 2127 1350; baseline -0.004 -7"><span class='ocrx_word' id='word_1_463' title='bbox 1148 1311 1324 1349; x_wconf 78' lang='lat' dir='ltr'>beneficio,</span> <span class='ocrx_word' id='word_1_464' title='bbox 1349 1311 1390 1342; x_wconf 89' lang='lat' dir='ltr'>de</span> <span class='ocrx_word' id='word_1_465' title='bbox 1412 1311 1650 1347; x_wconf 76' lang='lat' dir='ltr'>misericordia,</span> <span class='ocrx_word' id='word_1_466' title='bbox 1687 1310 1727 1341; x_wconf 90' lang='lat' dir='ltr'>de</span> <span class='ocrx_word' id='word_1_467' title='bbox 1751 1310 1946 1341; x_wconf 69' lang='lat' dir='ltr'>remissione</span> <span class='ocrx_word' id='word_1_468' title='bbox 1970 1314 2127 1350; x_wconf 78' lang='lat' dir='ltr'>peccato-</span> 
     </span>
     <span class='ocr_line' id='line_1_74' title="bbox 1148 1350 2127 1396; baseline -0.002 -11"><span class='ocrx_word' id='word_1_469' title='bbox 1148 1365 1230 1391; x_wconf 81' lang='lat' dir='ltr'>rum,</span> <span class='ocrx_word' id='word_1_470' title='bbox 1265 1355 1353 1396; x_wconf 81' lang='lat' dir='ltr'>quod</span> <span class='ocrx_word' id='word_1_471' title='bbox 1382 1364 1444 1386; x_wconf 88' lang='lat' dir='ltr'>nos</span> <span class='ocrx_word' id='word_1_472' title='bbox 1481 1353 1558 1386; x_wconf 84' lang='lat' dir='ltr'>velit</span> <span class='ocrx_word' id='word_1_473' title='bbox 1581 1356 1730 1395; x_wconf 83' lang='lat' dir='ltr'>recipere</span> <span class='ocrx_word' id='word_1_474' title='bbox 1752 1354 1784 1384; x_wconf 83' lang='lat' dir='ltr'>in</span> <span class='ocrx_word' id='word_1_475' title='bbox 1819 1360 1985 1384; x_wconf 72' lang='lat' dir='ltr'>aeternam</span> <span class='ocrx_word' id='word_1_476' title='bbox 2010 1350 2127 1383; x_wconf 78' lang='lat' dir='ltr'>Eccle-</span> 
     </span>
     <span class='ocr_line' id='line_1_75' title="bbox 1148 1396 2127 1437; baseline -0.005 -7"><span class='ocrx_word' id='word_1_477' title='bbox 1148 1399 1239 1429; x_wconf 83' lang='lat' dir='ltr'>siam.</span> <span class='ocrx_word' id='word_1_478' title='bbox 1285 1397 1341 1427; x_wconf 71' lang='lat' dir='ltr'><em>Illi</em></span> <span class='ocrx_word' id='word_1_479' title='bbox 1368 1408 1413 1427; x_wconf 79' lang='lat' dir='ltr'>me</span> <span class='ocrx_word' id='word_1_480' title='bbox 1447 1401 1625 1437; x_wconf 73' lang='lat' dir='ltr'>‹tfflzo-s-eent.</span> <span class='ocrx_word' id='word_1_481' title='bbox 1670 1396 1789 1428; x_wconf 72' lang='lat' dir='ltr'>Unde?</span> <span class='ocrx_word' id='word_1_482' title='bbox 1823 1396 2022 1427; x_wconf 66' lang='lat' dir='ltr'>Discrimina</span> <span class='ocrx_word' id='word_1_483' title='bbox 2049 1405 2127 1436; x_wconf 77' lang='lat' dir='ltr'>pro·</span> 
     </span>
     <span class='ocr_line' id='line_1_76' title="bbox 1148 1439 2125 1483; baseline -0.003 -11"><span class='ocrx_word' id='word_1_484' title='bbox 1148 1441 1325 1472; x_wconf 65' lang='lat' dir='ltr'>missionis</span> <span class='ocrx_word' id='word_1_485' title='bbox 1370 1441 1419 1472; x_wconf 84' lang='lat' dir='ltr'>lta</span> <span class='ocrx_word' id='word_1_486' title='bbox 1441 1440 1497 1472; x_wconf 86' lang='lat' dir='ltr'>illa</span> <span class='ocrx_word' id='word_1_487' title='bbox 1521 1450 1604 1483; x_wconf 83' lang='lat' dir='ltr'>gens</span> <span class='ocrx_word' id='word_1_488' title='bbox 1627 1440 1835 1481; x_wconf 79' lang='lat' dir='ltr'>agnoscebat</span> <span class='ocrx_word' id='word_1_489' title='bbox 1858 1439 1978 1476; x_wconf 80' lang='lat' dir='ltr'>Deum,</span> <span class='ocrx_word' id='word_1_490' title='bbox 2009 1440 2063 1480; x_wconf 82' lang='lat' dir='ltr'>qui</span> <span class='ocrx_word' id='word_1_491' title='bbox 2088 1448 2125 1469; x_wconf 62' lang='lat' dir='ltr'>se</span> 
     </span>
     <span class='ocr_line' id='line_1_77' title="bbox 1147 1481 2126 1526; baseline -0.003 -11"><span class='ocrx_word' id='word_1_492' title='bbox 1147 1483 1367 1525; x_wconf 71' lang='lat' dir='ltr'>patefaciebat</span> <span class='ocrx_word' id='word_1_493' title='bbox 1383 1484 1470 1515; x_wconf 84' lang='lat' dir='ltr'>edita</span> <span class='ocrx_word' id='word_1_494' title='bbox 1490 1484 1708 1526; x_wconf 84' lang='lat' dir='ltr'>promissione</span> <span class='ocrx_word' id='word_1_495' title='bbox 1732 1483 1773 1513; x_wconf 91' lang='lat' dir='ltr'>de</span> <span class='ocrx_word' id='word_1_496' title='bbox 1797 1481 1873 1513; x_wconf 80' lang='lat' dir='ltr'>lilio.</span> <span class='ocrx_word' id='word_1_497' title='bbox 1899 1481 1995 1513; x_wconf 72' lang='lat' dir='ltr'>Aliae</span> <span class='ocrx_word' id='word_1_498' title='bbox 2008 1488 2126 1523; x_wconf 76' lang='lat' dir='ltr'>gentes</span> 
     </span>
     <span class='ocr_line' id='line_1_78' title="bbox 1152 1525 2126 1568; baseline -0.002 -10"><span class='ocrx_word' id='word_1_499' title='bbox 1152 1527 1365 1568; x_wconf 81' lang='lat' dir='ltr'>disputabant</span> <span class='ocrx_word' id='word_1_500' title='bbox 1387 1528 1428 1559; x_wconf 91' lang='lat' dir='ltr'>de</span> <span class='ocrx_word' id='word_1_501' title='bbox 1451 1527 1543 1561; x_wconf 83' lang='lat' dir='ltr'>Deo,</span> <span class='ocrx_word' id='word_1_502' title='bbox 1578 1526 1633 1558; x_wconf 83' lang='lat' dir='ltr'>al-ii</span> <span class='ocrx_word' id='word_1_503' title='bbox 1666 1525 1777 1561; x_wconf 71' lang='lat' dir='ltr'>aliter,</span> <span class='ocrx_word' id='word_1_504' title='bbox 1812 1526 1899 1557; x_wconf 79' lang='lat' dir='ltr'>sicut</span> <span class='ocrx_word' id='word_1_505' title='bbox 1926 1525 2045 1556; x_wconf 65' lang='lat' dir='ltr'>ridetis</span> <span class='ocrx_word' id='word_1_506' title='bbox 2073 1535 2126 1556; x_wconf 76' lang='lat' dir='ltr'>sa-</span> 
     </span>
     <span class='ocr_line' id='line_1_79' title="bbox 1147 1567 2125 1612; baseline -0.002 -11"><span class='ocrx_word' id='word_1_507' title='bbox 1147 1571 1279 1612; x_wconf 82' lang='lat' dir='ltr'>pientes</span> <span class='ocrx_word' id='word_1_508' title='bbox 1302 1571 1343 1602; x_wconf 91' lang='lat' dir='ltr'>de</span> <span class='ocrx_word' id='word_1_509' title='bbox 1366 1570 1439 1601; x_wconf 90' lang='lat' dir='ltr'>Deo</span> <span class='ocrx_word' id='word_1_510' title='bbox 1462 1569 1691 1612; x_wconf 78' lang='lat' dir='ltr'>philosophari</span> <span class='ocrx_word' id='word_1_511' title='bbox 1716 1569 2015 1610; x_wconf 53' lang='lat' dir='ltr'>sapientissimam</span> <span class='ocrx_word' id='word_1_512' title='bbox 2030 1567 2125 1599; x_wconf 78' lang='lat' dir='ltr'>Plato</span> 
     </span>
     <span class='ocr_line' id='line_1_80' title="bbox 1147 1611 2125 1652; baseline -0.003 -8"><span class='ocrx_word' id='word_1_513' title='bbox 1147 1613 1205 1651; x_wconf 77' lang='lat' dir='ltr'>ait,</span> <span class='ocrx_word' id='word_1_514' title='bbox 1231 1613 1360 1644; x_wconf 66' lang='lat' dir='ltr'>Graiam</span> <span class='ocrx_word' id='word_1_515' title='bbox 1383 1613 1448 1643; x_wconf 71' lang='lat' dir='ltr'>Del</span> <span class='ocrx_word' id='word_1_516' title='bbox 1465 1616 1581 1652; x_wconf 72' lang='lat' dir='ltr'>sarnam</span> <span class='ocrx_word' id='word_1_517' title='bbox 1604 1615 1637 1643; x_wconf 83' lang='lat' dir='ltr'>in</span> <span class='ocrx_word' id='word_1_518' title='bbox 1660 1613 1779 1643; x_wconf 67' lang='lat' dir='ltr'>artibus</span> <span class='ocrx_word' id='word_1_519' title='bbox 1800 1623 1942 1651; x_wconf 67' lang='lat' dir='ltr'>sparsam</span> <span class='ocrx_word' id='word_1_520' title='bbox 1965 1622 2038 1642; x_wconf 68' lang='lat' dir='ltr'>esse.</span> <span class='ocrx_word' id='word_1_521' title='bbox 2062 1611 2125 1642; x_wconf 86' lang='lat' dir='ltr'>No-</span> 
     </span>
     <span class='ocr_line' id='line_1_81' title="bbox 1149 1655 2125 1688; baseline -0.001 -1"><span class='ocrx_word' id='word_1_522' title='bbox 1149 1657 1238 1687; x_wconf 77' lang='lat' dir='ltr'>titiae</span> <span class='ocrx_word' id='word_1_523' title='bbox 1259 1667 1470 1688; x_wconf 86' lang='lat' dir='ltr'>numerorum</span> <span class='ocrx_word' id='word_1_524' title='bbox 1495 1663 1572 1688; x_wconf 83' lang='lat' dir='ltr'>sunt</span> <span class='ocrx_word' id='word_1_525' title='bbox 1595 1657 1815 1688; x_wconf 67' lang='lat' dir='ltr'>certissimum</span> <span class='ocrx_word' id='word_1_526' title='bbox 1838 1655 2060 1686; x_wconf 78' lang='lat' dir='ltr'>testimonium</span> <span class='ocrx_word' id='word_1_527' title='bbox 2084 1655 2125 1686; x_wconf 86' lang='lat' dir='ltr'>de</span> 
     </span>
     <span class='ocr_line' id='line_1_82' title="bbox 1146 1698 2125 1739; baseline -0.001 -10"><span class='ocrx_word' id='word_1_528' title='bbox 1146 1699 1237 1734; x_wconf 75' lang='lat' dir='ltr'>Deo3</span> <span class='ocrx_word' id='word_1_529' title='bbox 1262 1700 1322 1730; x_wconf 83' lang='lat' dir='ltr'>sed</span> <span class='ocrx_word' id='word_1_530' title='bbox 1339 1699 1406 1730; x_wconf 87' lang='lat' dir='ltr'>hoc</span> <span class='ocrx_word' id='word_1_531' title='bbox 1428 1699 1573 1730; x_wconf 79' lang='lat' dir='ltr'>nondum</span> <span class='ocrx_word' id='word_1_532' title='bbox 1597 1700 1678 1730; x_wconf 63' lang='lat' dir='ltr'>satis</span> <span class='ocrx_word' id='word_1_533' title='bbox 1703 1705 1765 1736; x_wconf 68' lang='lat' dir='ltr'>est,</span> <span class='ocrx_word' id='word_1_534' title='bbox 1789 1703 1841 1729; x_wconf 86' lang='lat' dir='ltr'>est</span> <span class='ocrx_word' id='word_1_535' title='bbox 1864 1704 1987 1729; x_wconf 70' lang='lat' dir='ltr'>tantum</span> <span class='ocrx_word' id='word_1_536' title='bbox 2012 1698 2125 1739; x_wconf 76' lang='lat' dir='ltr'>cogni-</span> 
     </span>
     <span class='ocr_line' id='line_1_83' title="bbox 1146 1740 2124 1783; baseline -0.002 -11"><span class='ocrx_word' id='word_1_537' title='bbox 1146 1742 1192 1772; x_wconf 91' lang='lat' dir='ltr'>tio</span> <span class='ocrx_word' id='word_1_538' title='bbox 1216 1740 1352 1783; x_wconf 79' lang='lat' dir='ltr'>legalis:</span> <span class='ocrx_word' id='word_1_539' title='bbox 1375 1743 1435 1773; x_wconf 85' lang='lat' dir='ltr'>sed</span> <span class='ocrx_word' id='word_1_540' title='bbox 1458 1741 1512 1773; x_wconf 80' lang='lat' dir='ltr'>liic</span> <span class='ocrx_word' id='word_1_541' title='bbox 1535 1748 1617 1773; x_wconf 73' lang='lat' dir='ltr'>stat:</span> <span class='ocrx_word' id='word_1_542' title='bbox 1641 1741 1734 1773; x_wconf 79' lang='lat' dir='ltr'>Deus</span> <span class='ocrx_word' id='word_1_543' title='bbox 1758 1752 1882 1779; x_wconf 80' lang='lat' dir='ltr'>eorum,</span> <span class='ocrx_word' id='word_1_544' title='bbox 1903 1742 1957 1782; x_wconf 86' lang='lat' dir='ltr'>qui</span> <span class='ocrx_word' id='word_1_545' title='bbox 1974 1740 2043 1771; x_wconf 71' lang='lat' dir='ltr'>vult</span> <span class='ocrx_word' id='word_1_546' title='bbox 2060 1751 2124 1771; x_wconf 82' lang='lat' dir='ltr'>nos</span> 
     </span>
     <span class='ocr_line' id='line_1_84' title="bbox 1147 1785 2124 1826; baseline -0.002 -11"><span class='ocrx_word' id='word_1_547' title='bbox 1147 1785 1296 1826; x_wconf 87' lang='lat' dir='ltr'>recipere</span> <span class='ocrx_word' id='word_1_548' title='bbox 1319 1791 1352 1816; x_wconf 90' lang='lat' dir='ltr'>et</span> <span class='ocrx_word' id='word_1_549' title='bbox 1375 1786 1501 1817; x_wconf 84' lang='lat' dir='ltr'>donare</span> <span class='ocrx_word' id='word_1_550' title='bbox 1526 1786 1646 1816; x_wconf 76' lang='lat' dir='ltr'>iustitia</span> <span class='ocrx_word' id='word_1_551' title='bbox 1677 1791 1707 1815; x_wconf 86' lang='lat' dir='ltr'>et</span> <span class='ocrx_word' id='word_1_552' title='bbox 1735 1785 1803 1815; x_wconf 68' lang='lat' dir='ltr'>vita</span> <span class='ocrx_word' id='word_1_553' title='bbox 1830 1790 1966 1815; x_wconf 60' lang='lat' dir='ltr'>aeterna</span> <span class='ocrx_word' id='word_1_554' title='bbox 1990 1789 2124 1825; x_wconf 70' lang='lat' dir='ltr'>propter</span> 
     </span>
     <span class='ocr_line' id='line_1_85' title="bbox 1148 1825 2145 1860; baseline 0 -2"><span class='ocrx_word' id='word_1_555' title='bbox 1148 1826 1259 1859; x_wconf 81' lang='lat' dir='ltr'>filium.</span> <span class='ocrx_word' id='word_1_556' title='bbox 1332 1827 1422 1859; x_wconf 83' lang='lat' dir='ltr'>Nihil</span> <span class='ocrx_word' id='word_1_557' title='bbox 1467 1829 1599 1860; x_wconf 88' lang='lat' dir='ltr'>dubium</span> <span class='ocrx_word' id='word_1_558' title='bbox 1647 1834 1699 1859; x_wconf 91' lang='lat' dir='ltr'>est</span> <span class='ocrx_word' id='word_1_559' title='bbox 1744 1828 1827 1858; x_wconf 84' lang='lat' dir='ltr'>istos</span> <span class='ocrx_word' id='word_1_560' title='bbox 1870 1825 2049 1858; x_wconf 74' lang='lat' dir='ltr'>iniantulos</span> <span class='ocrx_word' id='word_1_561' title='bbox 2090 1828 2145 1858; x_wconf 61' lang='lat' dir='ltr'>iu&gt;</span> 
     </span>
     <span class='ocr_line' id='line_1_86' title="bbox 1146 1869 2125 1912; baseline -0.001 -11"><span class='ocrx_word' id='word_1_562' title='bbox 1146 1870 1271 1912; x_wconf 85' lang='lat' dir='ltr'>populo</span> <span class='ocrx_word' id='word_1_563' title='bbox 1304 1869 1410 1902; x_wconf 76' lang='lat' dir='ltr'>faisse</span> <span class='ocrx_word' id='word_1_564' title='bbox 1443 1873 1589 1903; x_wconf 85' lang='lat' dir='ltr'>membra</span> <span class='ocrx_word' id='word_1_565' title='bbox 1622 1869 1811 1906; x_wconf 81' lang='lat' dir='ltr'>Ecclesiae,</span> <span class='ocrx_word' id='word_1_566' title='bbox 1851 1870 1926 1912; x_wconf 90' lang='lat' dir='ltr'>quia</span> <span class='ocrx_word' id='word_1_567' title='bbox 1954 1869 2047 1900; x_wconf 87' lang='lat' dir='ltr'>Deus</span> <span class='ocrx_word' id='word_1_568' title='bbox 2082 1870 2125 1901; x_wconf 93' lang='lat' dir='ltr'>di-</span> 
     </span>
     <span class='ocr_line' id='line_1_87' title="bbox 1148 1912 2124 1955; baseline -0.001 -10"><span class='ocrx_word' id='word_1_569' title='bbox 1148 1914 1211 1945; x_wconf 87' lang='lat' dir='ltr'>cit:</span> <span class='ocrx_word' id='word_1_570' title='bbox 1233 1914 1299 1944; x_wconf 88' lang='lat' dir='ltr'>Ero</span> <span class='ocrx_word' id='word_1_571' title='bbox 1322 1914 1411 1944; x_wconf 70' lang='lat' dir='ltr'>Deus</span> <span class='ocrx_word' id='word_1_572' title='bbox 1439 1925 1552 1945; x_wconf 80' lang='lat' dir='ltr'>eornm.</span> <span class='ocrx_word' id='word_1_573' title='bbox 1599 1914 1720 1945; x_wconf 70' lang='lat' dir='ltr'>Postea</span> <span class='ocrx_word' id='word_1_574' title='bbox 1741 1912 1854 1951; x_wconf 78' lang='lat' dir='ltr'>adulti,</span> <span class='ocrx_word' id='word_1_575' title='bbox 1878 1914 1910 1944; x_wconf 77' lang='lat' dir='ltr'>in</span> <span class='ocrx_word' id='word_1_576' title='bbox 1934 1913 2052 1955; x_wconf 80' lang='lat' dir='ltr'>quibus</span> <span class='ocrx_word' id='word_1_577' title='bbox 2069 1912 2124 1944; x_wconf 81' lang='lat' dir='ltr'>(le-</span> 
     </span>
     <span class='ocr_line' id='line_1_88' title="bbox 1148 1955 2124 1996; baseline -0.001 -8"><span class='ocrx_word' id='word_1_578' title='bbox 1148 1958 1204 1988; x_wconf 84' lang='lat' dir='ltr'>bet</span> <span class='ocrx_word' id='word_1_579' title='bbox 1226 1967 1304 1988; x_wconf 89' lang='lat' dir='ltr'>esse</span> <span class='ocrx_word' id='word_1_580' title='bbox 1327 1956 1429 1996; x_wconf 82' lang='lat' dir='ltr'>fides,</span> <span class='ocrx_word' id='word_1_581' title='bbox 1453 1964 1548 1989; x_wconf 81' lang='lat' dir='ltr'>erant</span> <span class='ocrx_word' id='word_1_582' title='bbox 1575 1959 1724 1989; x_wconf 86' lang='lat' dir='ltr'>membra</span> <span class='ocrx_word' id='word_1_583' title='bbox 1747 1955 1932 1988; x_wconf 76' lang='lat' dir='ltr'>Ecclesiae.</span> <span class='ocrx_word' id='word_1_584' title='bbox 1979 1956 2025 1987; x_wconf 77' lang='lat' dir='ltr'>lta</span> <span class='ocrx_word' id='word_1_585' title='bbox 2044 1955 2124 1988; x_wconf 82' lang='lat' dir='ltr'>facit</span> 
     </span>
     <span class='ocr_line' id='line_1_89' title="bbox 1147 1999 2123 2043; baseline 0 -13"><span class='ocrx_word' id='word_1_586' title='bbox 1147 2000 1324 2032; x_wconf 78' lang='lat' dir='ltr'>discrimen</span> <span class='ocrx_word' id='word_1_587' title='bbox 1357 2002 1442 2032; x_wconf 84' lang='lat' dir='ltr'>inter</span> <span class='ocrx_word' id='word_1_588' title='bbox 1470 2001 1697 2043; x_wconf 80' lang='lat' dir='ltr'>posteritatem</span> <span class='ocrx_word' id='word_1_589' title='bbox 1726 1999 1884 2032; x_wconf 73' lang='lat' dir='ltr'>Abrahae</span> <span class='ocrx_word' id='word_1_590' title='bbox 1914 2005 1947 2030; x_wconf 87' lang='lat' dir='ltr'>et</span> <span class='ocrx_word' id='word_1_591' title='bbox 1970 2005 2123 2031; x_wconf 72' lang='lat' dir='ltr'>caeteras</span> 
     </span>
     <span class='ocr_line' id='line_1_90' title="bbox 1147 2043 2124 2085; baseline 0 -11"><span class='ocrx_word' id='word_1_592' title='bbox 1147 2048 1282 2085; x_wconf 74' lang='lat' dir='ltr'>gentes3</span> <span class='ocrx_word' id='word_1_593' title='bbox 1304 2049 1337 2075; x_wconf 88' lang='lat' dir='ltr'>et</span> <span class='ocrx_word' id='word_1_594' title='bbox 1359 2049 1467 2076; x_wconf 84' lang='lat' dir='ltr'>tamen</span> <span class='ocrx_word' id='word_1_595' title='bbox 1491 2050 1544 2075; x_wconf 90' lang='lat' dir='ltr'>est</span> <span class='ocrx_word' id='word_1_596' title='bbox 1565 2054 1630 2075; x_wconf 88' lang='lat' dir='ltr'>una</span> <span class='ocrx_word' id='word_1_597' title='bbox 1655 2049 1686 2075; x_wconf 91' lang='lat' dir='ltr'>et</span> <span class='ocrx_word' id='word_1_598' title='bbox 1709 2043 1824 2075; x_wconf 84' lang='lat' dir='ltr'>eadem</span> <span class='ocrx_word' id='word_1_599' title='bbox 1848 2043 2037 2083; x_wconf 80' lang='lat' dir='ltr'>promissio,</span> <span class='ocrx_word' id='word_1_600' title='bbox 2060 2043 2124 2074; x_wconf 70' lang='lat' dir='ltr'>nisi</span> 
     </span>
     <span class='ocr_line' id='line_1_91' title="bbox 1146 2085 2122 2128; baseline 0 -10"><span class='ocrx_word' id='word_1_601' title='bbox 1146 2086 1235 2128; x_wconf 84' lang='lat' dir='ltr'>quod</span> <span class='ocrx_word' id='word_1_602' title='bbox 1269 2087 1446 2127; x_wconf 84' lang='lat' dir='ltr'>promissio</span> <span class='ocrx_word' id='word_1_603' title='bbox 1470 2086 1627 2119; x_wconf 85' lang='lat' dir='ltr'>Abrahae</span> <span class='ocrx_word' id='word_1_604' title='bbox 1661 2094 1733 2118; x_wconf 81' lang='lat' dir='ltr'>erat</span> <span class='ocrx_word' id='word_1_605' title='bbox 1767 2087 1807 2117; x_wconf 82' lang='lat' dir='ltr'>dc</span> <span class='ocrx_word' id='word_1_606' title='bbox 1840 2085 1952 2117; x_wconf 75' lang='lat' dir='ltr'>futuro</span> <span class='ocrx_word' id='word_1_607' title='bbox 1987 2086 2122 2118; x_wconf 74' lang='lat' dir='ltr'>Messia.</span> 
     </span>
     <span class='ocr_line' id='line_1_92' title="bbox 1144 2129 2122 2171; baseline -0.001 -10"><span class='ocrx_word' id='word_1_608' title='bbox 1144 2129 1288 2161; x_wconf 85' lang='lat' dir='ltr'>Nostrae</span> <span class='ocrx_word' id='word_1_609' title='bbox 1320 2131 1560 2171; x_wconf 78' lang='lat' dir='ltr'>promissiones</span> <span class='ocrx_word' id='word_1_610' title='bbox 1587 2130 1769 2171; x_wconf 86' lang='lat' dir='ltr'>loquuntur</span> <span class='ocrx_word' id='word_1_611' title='bbox 1799 2130 1841 2160; x_wconf 91' lang='lat' dir='ltr'>dc</span> <span class='ocrx_word' id='word_1_612' title='bbox 1871 2129 1935 2160; x_wconf 81' lang='lat' dir='ltr'>iam</span> <span class='ocrx_word' id='word_1_613' title='bbox 1958 2129 2122 2166; x_wconf 67' lang='lat' dir='ltr'>exhibit03</span> 
     </span>
     <span class='ocr_line' id='line_1_93' title="bbox 1144 2171 2123 2214; baseline -0.002 -10"><span class='ocrx_word' id='word_1_614' title='bbox 1144 2178 1261 2214; x_wconf 82' lang='lat' dir='ltr'>postea</span> <span class='ocrx_word' id='word_1_615' title='bbox 1283 2173 1414 2205; x_wconf 84' lang='lat' dir='ltr'>additae</span> <span class='ocrx_word' id='word_1_616' title='bbox 1438 2180 1514 2205; x_wconf 84' lang='lat' dir='ltr'>sunt</span> <span class='ocrx_word' id='word_1_617' title='bbox 1537 2174 1773 2214; x_wconf 82' lang='lat' dir='ltr'>promissiones</span> <span class='ocrx_word' id='word_1_618' title='bbox 1807 2171 2023 2213; x_wconf 84' lang='lat' dir='ltr'>temporales.-</span> <span class='ocrx_word' id='word_1_619' title='bbox 2051 2172 2123 2211; x_wconf 37' lang='lat' dir='ltr'>E-qo</span> 
     </span>
     <span class='ocr_line' id='line_1_94' title="bbox 1144 2215 2122 2248; baseline 0.001 -3"><span class='ocrx_word' id='word_1_620' title='bbox 1144 2216 1227 2246; x_wconf 79' lang='lat' dir='ltr'>dabo</span> <span class='ocrx_word' id='word_1_621' title='bbox 1252 2216 1309 2245; x_wconf 74' lang='lat' dir='ltr'>tibi</span> <span class='ocrx_word' id='word_1_622' title='bbox 1332 2219 1445 2246; x_wconf 73' lang='lat' dir='ltr'>terram</span> <span class='ocrx_word' id='word_1_623' title='bbox 1467 2217 1557 2248; x_wconf 73' lang='lat' dir='ltr'>hane.</span> <span class='ocrx_word' id='word_1_624' title='bbox 1582 2216 1697 2248; x_wconf 85' lang='lat' dir='ltr'>Voluit</span> <span class='ocrx_word' id='word_1_625' title='bbox 1721 2216 1806 2247; x_wconf 87' lang='lat' dir='ltr'>enim</span> <span class='ocrx_word' id='word_1_626' title='bbox 1831 2226 1906 2246; x_wconf 73' lang='lat' dir='ltr'>esse</span> <span class='ocrx_word' id='word_1_627' title='bbox 1930 2221 2055 2246; x_wconf 87' lang='lat' dir='ltr'>certum</span> <span class='ocrx_word' id='word_1_628' title='bbox 2075 2215 2122 2246; x_wconf 88' lang='lat' dir='ltr'>lo-</span> 
     </span>
     <span class='ocr_line' id='line_1_95' title="bbox 1144 2258 2122 2302; baseline -0.001 -12"><span class='ocrx_word' id='word_1_629' title='bbox 1144 2268 1231 2296; x_wconf 83' lang='lat' dir='ltr'>cum,</span> <span class='ocrx_word' id='word_1_630' title='bbox 1255 2264 1380 2291; x_wconf 78' lang='lat' dir='ltr'>certam</span> <span class='ocrx_word' id='word_1_631' title='bbox 1404 2267 1546 2302; x_wconf 69' lang='lat' dir='ltr'>gentem,</span> <span class='ocrx_word' id='word_1_632' title='bbox 1571 2266 1604 2291; x_wconf 85' lang='lat' dir='ltr'>et</span> <span class='ocrx_word' id='word_1_633' title='bbox 1628 2265 1721 2292; x_wconf 86' lang='lat' dir='ltr'>certa</span> <span class='ocrx_word' id='word_1_634' title='bbox 1743 2265 1903 2300; x_wconf 85' lang='lat' dir='ltr'>tempora,</span> <span class='ocrx_word' id='word_1_635' title='bbox 1926 2269 1994 2290; x_wconf 84' lang='lat' dir='ltr'>non</span> <span class='ocrx_word' id='word_1_636' title='bbox 2016 2258 2122 2290; x_wconf 73' lang='lat' dir='ltr'>voluit</span> 
     </span>
     <span class='ocr_line' id='line_1_96' title="bbox 1143 2303 1653 2345; baseline 0.002 -12"><span class='ocrx_word' id='word_1_637' title='bbox 1143 2307 1272 2333; x_wconf 86' lang='lat' dir='ltr'>mentes</span> <span class='ocrx_word' id='word_1_638' title='bbox 1295 2304 1409 2345; x_wconf 78' lang='lat' dir='ltr'>vagari</span> <span class='ocrx_word' id='word_1_639' title='bbox 1428 2303 1462 2335; x_wconf 81' lang='lat' dir='ltr'>in</span> <span class='ocrx_word' id='word_1_640' title='bbox 1484 2303 1653 2334; x_wconf 83' lang='lat' dir='ltr'>infinitum.</span> 
     </span>
    </p>

    <p class='ocr_par' dir='ltr' id='par_1_16' title="bbox 1140 2343 2122 2691">
     <span class='ocr_line' id='line_1_97' title="bbox 1228 2343 2122 2387; baseline 0 -11"><span class='ocrx_word' id='word_1_641' title='bbox 1228 2345 1373 2377; x_wconf 85' lang='lat' dir='ltr'>Nostrae</span> <span class='ocrx_word' id='word_1_642' title='bbox 1395 2347 1632 2387; x_wconf 78' lang='lat' dir='ltr'>promissiones.</span> <span class='ocrx_word' id='word_1_643' title='bbox 1658 2351 1735 2377; x_wconf 86' lang='lat' dir='ltr'>sunt</span> <span class='ocrx_word' id='word_1_644' title='bbox 1759 2343 1943 2387; x_wconf 85' lang='lat' dir='ltr'>generales,</span> <span class='ocrx_word' id='word_1_645' title='bbox 1967 2354 2033 2374; x_wconf 90' lang='lat' dir='ltr'>non</span> <span class='ocrx_word' id='word_1_646' title='bbox 2047 2354 2122 2386; x_wconf 89' lang='lat' dir='ltr'>spe-</span> 
     </span>
     <span class='ocr_line' id='line_1_98' title="bbox 1140 2385 2121 2431; baseline -0.001 -12"><span class='ocrx_word' id='word_1_647' title='bbox 1140 2385 1254 2420; x_wconf 79' lang='lat' dir='ltr'>ciales</span> <span class='ocrx_word' id='word_1_648' title='bbox 1277 2387 1431 2421; x_wconf 87' lang='lat' dir='ltr'>Ecclesia</span> <span class='ocrx_word' id='word_1_649' title='bbox 1453 2390 1514 2422; x_wconf 88' lang='lat' dir='ltr'>erit</span> <span class='ocrx_word' id='word_1_650' title='bbox 1536 2389 1569 2420; x_wconf 92' lang='lat' dir='ltr'>in</span> <span class='ocrx_word' id='word_1_651' title='bbox 1593 2399 1714 2431; x_wconf 80' lang='lat' dir='ltr'>genere</span> <span class='ocrx_word' id='word_1_652' title='bbox 1737 2388 1892 2419; x_wconf 77' lang='lat' dir='ltr'>humano.</span> <span class='ocrx_word' id='word_1_653' title='bbox 1938 2386 2031 2418; x_wconf 84' lang='lat' dir='ltr'>Deus</span> <span class='ocrx_word' id='word_1_654' title='bbox 2052 2398 2121 2419; x_wconf 89' lang='lat' dir='ltr'>ser·</span> 
     </span>
     <span class='ocr_line' id='line_1_99' title="bbox 1142 2429 2119 2472; baseline 0 -10"><span class='ocrx_word' id='word_1_655' title='bbox 1142 2432 1234 2462; x_wconf 77' lang='lat' dir='ltr'>vabit</span> <span class='ocrx_word' id='word_1_656' title='bbox 1257 2440 1328 2463; x_wconf 90' lang='lat' dir='ltr'>eam</span> <span class='ocrx_word' id='word_1_657' title='bbox 1352 2433 1384 2464; x_wconf 89' lang='lat' dir='ltr'>in</span> <span class='ocrx_word' id='word_1_658' title='bbox 1407 2433 1472 2465; x_wconf 87' lang='lat' dir='ltr'>hae</span> <span class='ocrx_word' id='word_1_659' title='bbox 1494 2433 1572 2467; x_wconf 76' lang='lat' dir='ltr'>vita‚</span> <span class='ocrx_word' id='word_1_660' title='bbox 1597 2433 1657 2463; x_wconf 83' lang='lat' dir='ltr'>sed</span> <span class='ocrx_word' id='word_1_661' title='bbox 1681 2441 1747 2462; x_wconf 92' lang='lat' dir='ltr'>non</span> <span class='ocrx_word' id='word_1_662' title='bbox 1771 2431 1860 2469; x_wconf 87' lang='lat' dir='ltr'>dicit,</span> <span class='ocrx_word' id='word_1_663' title='bbox 1883 2430 1915 2461; x_wconf 91' lang='lat' dir='ltr'>in</span> <span class='ocrx_word' id='word_1_664' title='bbox 1940 2441 2006 2472; x_wconf 89' lang='lat' dir='ltr'>quo</span> <span class='ocrx_word' id='word_1_665' title='bbox 2031 2429 2119 2462; x_wconf 89' lang='lat' dir='ltr'>loco.</span> 
     </span>
     <span class='ocr_line' id='line_1_100' title="bbox 1141 2473 2120 2512; baseline -0.001 -7"><span class='ocrx_word' id='word_1_666' title='bbox 1141 2473 1207 2505; x_wconf 87' lang='lat' dir='ltr'>Ubi</span> <span class='ocrx_word' id='word_1_667' title='bbox 1230 2475 1388 2507; x_wconf 89' lang='lat' dir='ltr'>retinetur</span> <span class='ocrx_word' id='word_1_668' title='bbox 1410 2475 1670 2512; x_wconf 74' lang='lat' dir='ltr'>fundamentum,</span> <span class='ocrx_word' id='word_1_669' title='bbox 1693 2474 1737 2504; x_wconf 89' lang='lat' dir='ltr'>ibi</span> <span class='ocrx_word' id='word_1_670' title='bbox 1766 2474 1837 2505; x_wconf 83' lang='lat' dir='ltr'>sine</span> <span class='ocrx_word' id='word_1_671' title='bbox 1862 2473 1961 2504; x_wconf 83' lang='lat' dir='ltr'>dubio</span> <span class='ocrx_word' id='word_1_672' title='bbox 1986 2479 2037 2505; x_wconf 84' lang='lat' dir='ltr'>est</span> <span class='ocrx_word' id='word_1_673' title='bbox 2060 2473 2120 2505; x_wconf 88' lang='lat' dir='ltr'>Ec-</span> 
     </span>
     <span class='ocr_line' id='line_1_101' title="bbox 1143 2515 2122 2555; baseline -0.001 -6"><span class='ocrx_word' id='word_1_674' title='bbox 1143 2515 1258 2555; x_wconf 81' lang='lat' dir='ltr'>clesia,</span> <span class='ocrx_word' id='word_1_675' title='bbox 1283 2519 1412 2550; x_wconf 86' lang='lat' dir='ltr'>etiamsi</span> <span class='ocrx_word' id='word_1_676' title='bbox 1433 2520 1466 2550; x_wconf 89' lang='lat' dir='ltr'>in</span> <span class='ocrx_word' id='word_1_677' title='bbox 1491 2517 1546 2550; x_wconf 88' lang='lat' dir='ltr'>illa</span> <span class='ocrx_word' id='word_1_678' title='bbox 1568 2516 1774 2549; x_wconf 81' lang='lat' dir='ltr'>multitudine</span> <span class='ocrx_word' id='word_1_679' title='bbox 1797 2515 1899 2548; x_wconf 87' lang='lat' dir='ltr'>multa</span> <span class='ocrx_word' id='word_1_680' title='bbox 1922 2517 2070 2548; x_wconf 88' lang='lat' dir='ltr'>enormia</span> <span class='ocrx_word' id='word_1_681' title='bbox 2089 2521 2122 2548; x_wconf 83' lang='lat' dir='ltr'>et</span> 
     </span>
     <span class='ocr_line' id='line_1_102' title="bbox 1141 2558 2121 2603; baseline 0.001 -12"><span class='ocrx_word' id='word_1_682' title='bbox 1141 2570 1283 2603; x_wconf 81' lang='lat' dir='ltr'>magnae</span> <span class='ocrx_word' id='word_1_683' title='bbox 1306 2560 1519 2596; x_wconf 81' lang='lat' dir='ltr'>confusiones</span> <span class='ocrx_word' id='word_1_684' title='bbox 1554 2561 1653 2599; x_wconf 82' lang='lat' dir='ltr'>flunt,</span> <span class='ocrx_word' id='word_1_685' title='bbox 1688 2559 1775 2591; x_wconf 89' lang='lat' dir='ltr'>sicut</span> <span class='ocrx_word' id='word_1_686' title='bbox 1797 2560 1916 2591; x_wconf 65' lang='lat' dir='ltr'>videtis</span> <span class='ocrx_word' id='word_1_687' title='bbox 1939 2561 1972 2591; x_wconf 91' lang='lat' dir='ltr'>in</span> <span class='ocrx_word' id='word_1_688' title='bbox 1996 2558 2121 2592; x_wconf 85' lang='lat' dir='ltr'>familia</span> 
     </span>
     <span class='ocr_line' id='line_1_103' title="bbox 1141 2602 2122 2645; baseline 0.001 -11"><span class='ocrx_word' id='word_1_689' title='bbox 1141 2603 1252 2635; x_wconf 81' lang='lat' dir='ltr'>Iacob.</span> <span class='ocrx_word' id='word_1_690' title='bbox 1297 2604 1434 2637; x_wconf 87' lang='lat' dir='ltr'>Fratres</span> <span class='ocrx_word' id='word_1_691' title='bbox 1456 2605 1604 2636; x_wconf 82' lang='lat' dir='ltr'>vendunt</span> <span class='ocrx_word' id='word_1_692' title='bbox 1626 2603 1758 2644; x_wconf 86' lang='lat' dir='ltr'>loseph,</span> <span class='ocrx_word' id='word_1_693' title='bbox 1781 2608 1815 2634; x_wconf 89' lang='lat' dir='ltr'>et</span> <span class='ocrx_word' id='word_1_694' title='bbox 1836 2604 2003 2645; x_wconf 83' lang='lat' dir='ltr'>ingentem</span> <span class='ocrx_word' id='word_1_695' title='bbox 2027 2602 2122 2635; x_wconf 85' lang='lat' dir='ltr'>doio·</span> 
     </span>
     <span class='ocr_line' id='line_1_104' title="bbox 1140 2645 2121 2691; baseline 0.002 -13"><span class='ocrx_word' id='word_1_696' title='bbox 1140 2656 1209 2680; x_wconf 82' lang='lat' dir='ltr'>rem</span> <span class='ocrx_word' id='word_1_697' title='bbox 1230 2649 1315 2688; x_wconf 79' lang='lat' dir='ltr'>patri</span> <span class='ocrx_word' id='word_1_698' title='bbox 1344 2653 1479 2691; x_wconf 80' lang='lat' dir='ltr'>augent,</span> <span class='ocrx_word' id='word_1_699' title='bbox 1513 2653 1546 2680; x_wconf 90' lang='lat' dir='ltr'>et</span> <span class='ocrx_word' id='word_1_700' title='bbox 1578 2645 1696 2689; x_wconf 87' lang='lat' dir='ltr'>procul</span> <span class='ocrx_word' id='word_1_701' title='bbox 1720 2647 1821 2679; x_wconf 90' lang='lat' dir='ltr'>dubio</span> <span class='ocrx_word' id='word_1_702' title='bbox 1843 2652 1994 2678; x_wconf 87' lang='lat' dir='ltr'>mortuus</span> <span class='ocrx_word' id='word_1_703' title='bbox 2016 2653 2121 2687; x_wconf 83' lang='lat' dir='ltr'>esset,</span> 
     </span>
    </p>
   </div>
   <div class='ocr_carea' id='block_1_14' title="bbox 1862 2705 1915 2732">
    <p class='ocr_par' dir='ltr' id='par_1_17' title="bbox 1862 2705 1915 2732">
     <span class='ocr_line' id='line_1_105' title="bbox 1862 2705 1915 2732; baseline 0 0"><span class='ocrx_word' id='word_1_704' title='bbox 1862 2705 1915 2732; x_wconf 81' lang='lat'>59·</span> 
     </span>
    </p>
   </div>
  </div>
 </body>
</html>
