2374 2985
73 174 134 206 105

157 267 330 309 Leguntur
364 276 445 308 ergo
480 265 568 306 apud
602 267 719 305 poetas
761 270 793 294 et
828 262 1047 304 philosophos
1075 299 1076 310 ἵ

71 321 203 354 quoque
225 315 403 352 praecepta
426 308 466 339 de
489 307 727 345 misericordia,
751 307 792 337 de
816 307 976 344 candore,
1007 307 1048 338 de
1075 323 1076 326 =

70 358 229 392 ἐπιεικεία,
264 358 296 384 et
326 354 366 384 116
395 351 629 388 beneficentia,
664 350 705 381 de
729 350 848 391 quibus
872 350 1048 381 virtutibus
1074 351 1076 389 q*

70 398 155 430 haec
178 388 293 428 c‘oneio
306 395 513 436 potissimum
536 393 689 435 loquitur,
713 403 797 434 quae
821 399 872 423 est
884 393 1047 433 expositio
1074 394 1076 404 ¹

70 446 343 483 praeceptorum:
378 438 448 469 Non
470 438 613 467 occides:
643 442 693 475 et,
722 436 793 466 Non
822 436 913 465 dicas
932 436 1047 473 s'alsnm
1071 406 1076 516 j

72 484 286 514 testimom‘mu.

157 526 284 557 Deinde
307 523 425 555 similia
448 524 535 555 dicta
558 521 658 554 multa
681 528 756 553 sunt
780 522 867 563 apud
886 520 1047 552 Ethnicos
1073 531 1075 552 ι

71 571 111 600 116
146 579 251 609 potua
273 567 440 605 Talionis,
474 568 515 597 de
538 577 602 607 qua
631 567 728 597 etiam
753 566 970 597 concionatur
993 564 1047 596 hic

72 619 193 644 textu&
1073 622 1076 651 χ

252 777 371 817 Unde
405 784 465 816 cst
496 789 644 815 nomen
677 774 863 814 talionis?

134 901 227 932 'salio
251 909 301 932 est
324 912 342 932 a
366 899 452 938 talis,
477 901 608 941 quando
633 898 788 931 videlicet.
811 899 886 930 talis
900 906 949 930 est
964 910 1046 940 poe-

71 955 122 984 na,
145 943 242 986 quale
265 943 324 976 suit
347 943 511 975 delictum.
556 942 608 973 De
630 943 694 975 hac
718 941 839 974 talione
862 953 965 984 saepe
991 954 1047 974 00-

69 994 203 1020 currunt
226 988 289 1018 ista
313 988 415 1018 dicta:
457 986 503 1015 Ab
535 988 633 1017 altero
657 990 813 1026 expertes,
849 986 941 1015 alteri
962 987 1047 1026 quenl

63 1032 188 1069 feceris,
234 1030 276 1061 Et
299 1031 357 1061 εἶ’κε
381 1030 482 1061 πάθοι
506 1029 571 1061 τάδ’
599 1031 696 1071 ἔρεξε,
722 1029 789 1067 δίκη
814 1031 899 1060 ἰθεῖα
918 1029 1046 1069 ydronto:

67 1074 120 1108 Si,
153 1083 232 1113 quae
264 1074 334 1112 quis
363 1074 459 1111 fecit,
490 1074 624 1111 patitur,
651 1074 821 1102 iustissima
851 1083 956 1112 poena
990 1076 1046 1103 est.

66 1117 161 1149 Item:
184 1117 312 1145 Iustitia
335 1120 381 1146 est
400 1116 582 1157 aequalitas.
618 1116 758 1151 Quando
782 1116 882 1157 igitur
905 1115 1047 1147 aflicitur

66 1159 185 1201 aliquis
209 1158 305 1191 simili
328 1169 448 1200 poena,
473 1169 557 1200 quae
577 1159 729 1200 congruit
754 1169 827 1189 cum
846 1158 944 1189 modo
964 1158 1046 1190 deli·
1071 1166 1075 1227 Ι

67 1203 124 1241 011,
147 1208 227 1234 tunc
250 1208 302 1233 est
324 1203 409 1233 iusta
433 1212 550 1243 poena.
574 1201 666 1232 Haec
690 1207 741 1232 est
765 1200 880 1243 regula
903 1202 1046 1233 iustitiae

66 1245 99 1276 in
122 1245 215 1283 Deo,
250 1255 346 1286 quam
370 1250 406 1276 ut
428 1254 668 1287 agnoscamuS,
693 1254 758 1275 non
790 1245 887 1276 modo
913 1245 944 1275 in
969 1255 1046 1275 0011-

67 1288 227 1319 tractibus
262 1294 294 1319 et
328 1287 446 1319 officiis
477 1286 635 1329 publicis,
670 1288 729 1318 sed
753 1289 849 1318 etiam
875 1288 906 1318 111
929 1289 1046 1328 poenis

67 1331 179 1362 sanxit
208 1329 447 1372 aequalitatem.
494 1330 633 1361 Aristot.
658 1331 689 1361 in
719 1330 750 1361 5.
775 1330 966 1362 Ethicorum
989 1331 1044 1361 tri-

65 1374 136 1405 buit
159 1382 291 1405 versum
319 1373 413 1405 illum
436 1372 688 1405 Rhadamantho
720 1374 761 1404 de
784 1372 860 1415 lege
884 1372 1044 1412 Talionis,

65 1425 163 1457 quem
186 1416 313 1448 Poetae
348 1416 477 1459 fingunt
511 1425 588 1448 esse
621 1416 762 1448 iudicem
792 1417 882 1458 apud
905 1415 1043 1448 inferos.
1072 1411 1074 1448 Ι

63 1458 277 1500 Experientia
310 1459 408 1491 etiam
442 1460 553 1492 docuit
574 1458 736 1490 Etlmicos
765 1459 872 1491 Deum
907 1469 1046 1492 servare
1073 1459 1075 1482 ἰ

63 1501 153 1534 hunc
177 1503 342 1541 ordinem,
368 1509 404 1535 ut
423 1513 482 1542 per
503 1513 582 1542 quae
610 1504 679 1543 quis
699 1507 827 1542 peceat,
857 1513 918 1543 per
940 1503 1046 1533 eadem
1072 1488 1075 1537 1

59 1547 220 1585 puniatur.
265 1548 357 1578 Item:
397 1546 460 1575 Vae
494 1548 548 1586 qui
575 1546 712 1585 spolias:
745 1547 819 1586 qnia
851 1545 1045 1586 spoliaberis.

63 1588 135 1619 Nos
158 1598 224 1620 non
248 1589 412 1631 gignimus
436 1589 516 1627 ista,
545 1590 605 1620 sed
628 1595 705 1621 sunt
734 1590 859 1631 scripta
882 1590 914 1620 in
939 1590 1046 1621 cordi·

63 1631 128 1664 bus
146 1633 282 1671 nostris,
305 1638 338 1664 et
360 1633 392 1663 in
415 1630 574 1674 exemplis
587 1632 796 1674 quotidianae
809 1633 1044 1674 experientiae.

324 1779 519 1834 Diligisne
551 1788 596 1821 tu
627 1781 786 1836 legem?

150 1894 315 1926 Differunt
338 1894 476 1938 diligere
499 1896 606 1938 legem
629 1903 664 1929 ut
688 1898 889 1938 doctrinan13
918 1905 951 1930 et
974 1897 1044 1930 dili-

64 1947 145 1981 gere
177 1937 287 1979 legem
320 1937 440 1970 affectu
481 1941 603 1971 cordis.
672 1940 715 1971 Ut
753 1942 936 1973 doctrinam
977 1942 1044 1973 dili-

64 1991 146 2024 gere
167 1981 269 2012 debes
292 1980 420 2022 legem3
465 1983 540 2024 quia
569 1989 620 2014 est
642 1984 866 2016 testimonium
891 1986 931 2017 de
955 1984 1042 2022 Deo,

65 2031 98 2056 et
126 2023 292 2056 vinculum
320 2025 490 2056 societatis
513 2026 688 2058 humanae.
733 2027 781 2058 lta
805 2026 910 2070 diligit
933 2027 1043 2069 legem

65 2067 162 2098 etiam
195 2077 261 2098 non
294 2073 438 2106 tenatus,
473 2069 502 2099 si
536 2075 588 2101 est
621 2080 705 2101 sana
727 2077 837 2102 mente
861 2072 1042 2112 praeditus,

65 2110 141 2152 quia
164 2108 316 2151 intelligit
338 2110 426 2142 hanc
447 2112 547 2143 vitam
570 2113 641 2145 sine
664 2112 752 2156 lege,
776 2113 857 2145 nihil
879 2113 968 2146 aliud
992 2124 1042 2145 es-

65 2163 103 2184 se
125 2153 188 2184 nisi
201 2152 415 2195 Cyclopicam
438 2155 625 2187 barbariem
648 2162 680 2188 et
703 2157 946 2189 immanitatem.
978 2158 1043 2200 Gy-

65 2195 180 2236 clopes
216 2202 249 2227 et
282 2195 532 2239 Laestrygones
566 2209 609 2230 ne
637 2200 768 2241 quidem
792 2206 827 2231 ut
857 2201 1041 2232 doctrinam

64 2245 185 2274 amant,
220 2248 261 2270 ne
283 2239 359 2270 dum
382 2240 501 2272 affectu
527 2243 648 2273 cordis.
695 2243 761 2274 Sed
786 2244 987 2285 Papinianus
1012 2249 1044 2275 et

5 2308 15 2318 2
65 2280 119 2312 alii
144 2282 309 2322 sapientes
334 2281 473 2325 diligunt
495 2285 649 2317 rationali
662 2286 772 2324 modo,
797 2287 829 2318 id
853 2293 916 2325 651,
939 2297 1042 2329 agno-

66 2330 163 2355 scunt
185 2325 398 2366 sapientiam,
433 2332 464 2357 et
486 2325 630 2360 fatentur
651 2339 730 2361 esse
753 2330 978 2361 testimonium
1001 2331 1042 2361 de

66 2366 138 2397 Deo
163 2373 278 2398 contra
290 2367 507 2409 Epicuraeos,
530 2377 563 2402 et
584 2378 706 2404 norunt
729 2372 914 2405 doctrinam
933 2372 1043 2415 legum

66 2410 314 2459 propagandam
348 2421 426 2443 esse
458 2413 542 2444 inter
564 2412 732 2454 homines,
768 2422 800 2447 et
822 2417 978 2458 praemiis
1001 2426 1044 2448 ac

65 2462 181 2493 poenis
205 2454 370 2494 tuendam,
392 2464 434 2487 ne
456 2455 635 2499 dissipetur
657 2458 800 2491 humana
822 2460 981 2492 societas.

755 168 970 201 POSTILLA
997 168 1398 201 MELANTHONIANA.

1074 525 1076 528 .
1101 496 1208 527 minus
1232 494 1297 526 hoc
1323 496 1368 526 111.

2027 168 2086 199 106

1310 266 1505 320 Diligisne
1539 266 1671 320 legem
1704 266 1879 306 affeetu?

1188 366 1223 396 ln
1258 366 1382 397 renatis
1417 371 1494 396 sunt
1528 366 1616 397 initia
1642 366 1736 397 buius
1761 364 1966 403 dilectionis,
2001 367 2086 397 sicut

1103 408 1225 441 Paulus
1260 409 1377 450 inquit:
1424 409 1528 438 Mente
1549 410 1648 437 servio
1672 409 1744 447 leye'.
1791 408 1860 439 Sed
1891 409 1974 439 haec
1997 409 2087 439 initia

1101 458 1178 483 sunt
1213 451 1310 483 valde
1346 452 1477 494 exigua.
1523 451 1650 483 11111011
1673 452 1797 482 renatis
1821 457 1948 489 61116111,
1982 451 2084 482 multo

1416 495 1592 533 Videmus,
1628 500 1787 535 quantum
1821 495 1865 525 sit
1899 495 2086 526 incendium

1073 559 1075 562 .
1101 539 1281 570 animorum
1307 539 1338 569 in
1363 539 1411 569 ira
1434 544 1467 569 et
1490 548 1603 569 amore
1634 536 1758 568 illicito.
1787 536 1851 568 Est
1878 548 1998 578 magna
2023 538 2086 568 dis-

1074 582 1243 622 {putatio,
1279 588 1386 612 utrum
1426 579 1502 622 plus
1545 586 1684 621 peccent
1713 581 1863 611 homines
1888 581 1954 618 ira,
1988 591 2087 622 quam

1100 634 1222 655 amore.
1268 624 1363 655 Haud
1388 624 1485 655 dubie
1508 623 1583 664 plus
1607 630 1763 665 peccatur
1786 623 1844 654 ira.
1876 634 1972 665 quam
1996 633 2087 654 amo-

1100 677 1146 697 re.
1172 667 1223 698 lra
1248 667 1350 698 multa
1373 668 1633 708 comprehendit,
1659 668 1861 707 superbiam,
1887 673 1915 696 01
1941 665 2086 698 aemula-

1099 710 1225 747 tiones,
1256 720 1342 751 quae
1375 716 1450 741 sunt
1486 721 1628 742 caussae
1663 720 1859 750 magnorum
1883 715 2029 741 motuum
2053 710 2086 740 in

1099 753 1253 794 imperiis.
1302 753 1441 784 lacobus
1467 754 1562 784 dicit:
1608 754 1662 782 Ira
1694 755 1752 781 ciri
1786 753 1895 781 malum
1926 757 2084 791 operatur,

1099 796 1132 826 id
1155 803 1217 833 651,
1241 795 1366 828 excelsi
1390 796 1489 827 animi
1512 797 1618 838 magis
1638 802 1778 838 peccant
1802 797 1862 834 ira,
1887 806 1985 837 quam
2010 795 2083 826 aliis

1306 839 1410 870 Amor
1443 840 1539 870 etiam
1574 845 1625 871 est
1659 849 1800 880 magnus
1839 846 1869 869 et
1905 838 2084 870 vehemens

1100 889 1219 914 motus.
1266 881 1318 913 De
1342 893 1406 923 quo
1431 883 1563 913 dicitur:
1591 882 1691 912 Crede
1714 882 1796 915 milti,
1824 882 1919 911 stulto
1943 892 2027 911 nemo
2052 884 2083 910 ιἰι

1101 936 1203 953 umore
1226 927 1321 964 sapit.
1368 926 1500 966 Empyai
1531 932 1606 956 511111
1637 925 1808 957 ordinatae
1837 926 1869 956 111
1892 930 2028 962 natura,
2053 931 2083 956 et

1101 975 1151 999 est
1176 967 1372 999 inhumanus
1391 978 1510 1000 versus
1534 967 1607 1000 ille:

1100 840 1255 870 motibus.

1101 1053 1217 1083 Nescio
1239 1054 1316 1093 quid
1335 1056 1375 1083 sct
1400 1065 1495 1088 amor,
1520 1065 1574 1084 1101·
1597 1066 1675 1089 amo,
1700 1065 1755 1084 nce:
1779 1065 1875 1088 umor,
1902 1056 2081 1083 nevamavi.

1190 1140 1256 1170 Sed
1286 1146 1396 1171 tamen
1426 1141 1469 1171 ad
1492 1141 1660 1172 ordinatas
1685 1141 1782 1172 etiam
1805 1140 1933 1182 στοργάς
1955 1140 2083 1171 accedit

1102 1183 1134 1213 in
1168 1190 1287 1214 natura
1321 1190 1478 1224 corrupta
1502 1182 1627 1224 aliquid
1651 1182 1845 1224 irregulare.
1892 1182 2082 1224 Propertius

1102 1226 1197 1257 dicit:
1224 1226 1311 1264 Quid
1333 1228 1478 1265 quaeris?
1522 1236 1634 1265 quare,
1659 1237 1720 1255 mm
1745 1226 1836 1255 habet
1865 1225 1945 1255 ullus
1968 1238 2084 1257 onitin-5.

1100 1269 1167 1300 Sed
1199 1279 1273 1300 cum
1304 1269 1399 1300 deest
1428 1268 1509 1301 illud
1534 1269 1650 1303 Quare,
1687 1280 1760 1300 011111
1792 1270 1923 1311 ignorat
1951 1268 2085 1311 aliquis,

1100 1322 1158 1343 cur
1180 1317 1279 1349 amet,
1304 1311 1382 1352 quid
1406 1317 1458 1343 est
1480 1313 1542 1343 nisi
1555 1310 1676 1344 stultus
1688 1312 1804 1344 amor?
1821 1312 1863 1344 Et
1881 1318 1958 1344 tunc
1970 1323 2084 1345 verum

1099 1360 1161 1390 est,
1185 1354 1274 1396 quod
1298 1353 1501 1387 Mantuanus
1525 1355 1643 1397 inquit:

1163 1440 1235 1471 Non
1259 1451 1362 1477 amor,
1386 1445 1419 1471 ut
1436 1440 1618 1481 perhibent,
1643 1441 1730 1472 Deus
1752 1445 1809 1476 cst,
1833 1441 1889 1471 secl
1907 1452 2031 1472 amaror
2054 1446 2083 1471 et

1256 1494 1352 1516 error.

1187 1568 1345 1602 Homines
1370 1569 1473 1602 multa
1495 1569 1582 1602 mala
1605 1569 1731 1602 faciunt
1761 1580 1802 1602 ex
1827 1580 1933 1602 coeco
1957 1581 2081 1602 amore.

1099 1613 1166 1645 Sed
1189 1611 1291 1644 multo
1315 1613 1391 1655 plus
1415 1612 1492 1645 mali
1515 1612 1653 1646 facimus
1677 1613 1761 1644 irati.
1806 1613 1881 1645 Ideo
1905 1612 1961 1645 ille
1984 1614 2081 1646 dixit:

1098 1657 1153 1685 Ira
1172 1657 1265 1694 saror
1288 1657 1387 1686 brevis
1405 1661 1462 1687 est.
1507 1657 1599 1689 Haec
1628 1657 1789 1688 sentimus
1812 1657 1845 1688 in
1868 1657 1966 1688 nobis
1989 1657 2081 1698 ipsis.

1098 1698 1190 1772 Erigo
1226 1699 1395 1742 diligimus
1428 1699 1538 1742 legem
1568 1700 1689 1732 affectu
1720 1700 1831 1732 cordis
1855 1700 1910 1731 vix
1933 1698 2080 1741 aliquau-

1098 1748 1133 1773 tu
1150 1753 1214 1774 um.

1098 1847 1211 1897 Quos
1250 1848 1376 1888 habet
1417 1862 1512 1888 usus
1550 1848 1797 1902 praedicatio
1830 1849 1945 1903 legis:
1993 1864 2074 1899 seu,

1185 1947 1256 1973 cur
1286 1947 1450 1974 necesse
1483 1940 1546 1974 est
1576 1934 1746 1989 proponi
1787 1934 1919 1989 legem
1952 1936 1989 1975 in

1486 2019 1691 2060 Ecclesia?

1180 2125 1324 2157 Primum
1347 2127 1485 2167 prodest
1507 2128 1550 2159 ad
1578 2129 1820 2170 paedagogiam
1843 2129 2023 2170 politicam,
2046 2137 2080 2162 ut

1094 2169 1137 2199 sit
1160 2175 1297 2201 externa
1320 2169 1495 2212 disciplina
1518 2171 1603 2202 inter
1631 2172 1793 2203 homines.
1839 2173 2010 2211 Secundo,
2044 2180 2080 2206 ut

1093 2217 1212 2253 arguat
1255 2222 1338 2251 nos,
1382 2219 1415 2245 et
1459 2214 1735 2246 commonefaciat
1781 2215 1822 2246 de
1866 2216 2079 2256 poenitentia.

1095 2255 1219 2286 Omnes
1243 2256 1328 2288 enim
1351 2266 1468 2288 sumus
1482 2256 1660 2291 dissimiles
1680 2257 1759 2300 legi,
1779 2264 1811 2290 et
1823 2257 2028 2291 horribiliter
2039 2269 2081 2291 ac

1094 2296 1316 2340 multipliciter
1349 2301 1572 2332 contaminati.
1618 2300 1697 2332 Ideo
1732 2311 1848 2333 omnes
1882 2312 1998 2334 sumus
2032 2302 2080 2334 rei

1093 2339 1191 2384 legis,
1215 2347 1247 2373 et
1269 2352 1467 2374 accusamur
1489 2354 1509 2374 a
1532 2343 1620 2386 lege.
1665 2343 1796 2383 Tertio,
1831 2352 1878 2383 ut,
1901 2352 2079 2387 postquam

1095 2385 1245 2416 accusati
1268 2395 1288 2416 a
1310 2384 1397 2428 lege,
1417 2385 1628 2429 confugimus
1650 2388 1694 2418 ad
1718 2388 1945 2426 mediatorem,
1968 2394 2002 2419 et
2024 2398 2079 2420 ac-

1096 2428 1244 2468 cepimus
1267 2428 1330 2460 iam
1353 2429 1584 2461 remissionem
1606 2435 1835 2472 peccatorum,
1855 2436 1887 2462 et
1900 2441 2015 2463 sumus
2028 2441 2079 2463 re-

1097 2469 1264 2502 conciliati
1287 2471 1371 2512 fide,
1407 2473 1609 2512 doceamur,
1645 2479 1802 2515 oportere
1825 2483 1903 2505 esse
1925 2474 1958 2505 in
1980 2475 2078 2506 nobis

1095 2513 1318 2546 obedientiam
1341 2516 1373 2546 in
1397 2516 1568 2557 operibus,
1591 2526 1677 2558 quae
1701 2522 1777 2548 sunt
1790 2517 2078 2549 mandataaDec.

1095 2556 1195 2597 Haec}
1207 2567 1328 2589 caussa
1350 2559 1488 2599 respicit
1506 2564 1654 2598 renatos,
1678 2565 1711 2590 et
1733 2560 1897 2601 gubernat
1920 2560 2017 2592 etiam
2030 2561 2078 2592 111-

1094 2599 1248 2674 {gri-orem
1271 2601 1511 2641 obedientiam,
1544 2607 1580 2634 ut
1607 2608 1772 2645 congruat
1807 2613 1883 2636 cum
1905 2602 2078 2637 voluntate

1131 2652 1170 2675 ei.
