2374 2985
238 192 301 224 179

236 287 393 323 iustitiam
429 287 547 318 deiude
583 287 614 319 in
645 286 709 318 hac
741 285 970 318 consolatione
998 286 1095 317 datur
1125 287 1222 317 nobis

237 330 380 370 Spiritus
405 336 561 368 sanctus,
585 336 616 361 et
640 330 675 360 fit
699 330 865 361 inchoatio
889 329 1113 367 obedientiae,
1137 339 1221 370 quae

235 371 343 414 placet
368 372 441 404 Deo
465 379 600 414 propter
620 373 850 410 Mediatorem,
875 373 1001 403 etiamsi
1025 370 1079 403 illa
1104 371 1222 413 procul

236 414 345 446 adhuc
373 417 465 446 abest
491 427 511 447 a
536 415 746 457 perfectione.
795 416 886 446 llaec
910 421 959 446 est
985 426 1050 446 vox
1069 414 1221 456 Evange-

235 457 281 489 lii.
348 458 388 489 Et
417 459 466 489 sic
497 459 697 490 declaranda
725 465 775 490 est
802 460 897 490 etiam
928 458 1093 490 sententia
1124 458 1221 489 huius

237 501 331 532 dicti:
367 504 438 533 lei
470 503 681 533 abundaverit
716 505 839 533 iustitia
872 506 987 532 vestra.
1043 500 1134 532 Dicit
1167 501 1221 532 hic

236 550 366 582 textus,
407 545 494 585 quod
528 550 679 585 oporteat
718 545 749 576 in
784 545 880 575 nobis
916 542 1065 575 inchoari
1099 555 1220 576 novam

237 588 466 618 obedientiam.

237 734 318 776 Sed
358 736 503 789 quibus
541 736 661 775 rebus
701 735 883 775 abundat
919 735 1069 775 iustitia
1102 734 1219 777 Chri-

602 812 847 854 suanorum?

323 901 399 933 Tria
424 909 500 933 sunt
516 902 728 943 principalia:
753 904 966 943 poenitentia,
990 903 1084 941 fides,
1108 910 1140 935 et
1164 914 1221 935 no·

236 947 322 977 vitas
346 945 538 986 spiritualis,
562 956 621 976 seu
645 946 832 977 obedientia
855 947 1013 985 interior,
1044 947 1221 978 coniuncta
1246 972 1250 985 ,

239 1000 312 1021 cum
328 988 482 1019 exteriori
506 989 746 1030 gubernatione
769 999 906 1020 morum.
943 990 1033 1021 Haec
1057 1000 1124 1021 non
1147 996 1223 1021 sunt

238 1033 270 1063 iu
303 1031 500 1067 Pharis-deo,
537 1042 642 1072 neque
672 1032 768 1063 etiam
797 1034 829 1063 in
859 1033 1009 1063 doctrina
1038 1032 1222 1064 Pharisaei.

239 1075 307 1105 Sed
332 1075 362 1104 in
388 1084 465 1105 vere
489 1073 685 1105 Christianis
717 1081 794 1106 sunt
823 1074 897 1112 illa;
928 1077 1004 1117 quia
1035 1082 1224 1117 agnoscunt

239 1119 270 1148 in
291 1118 497 1153 contritione,
522 1118 609 1157 quod
634 1128 713 1149 vere
735 1120 800 1149 sint
823 1120 882 1156 rei,
907 1125 937 1149 et
963 1117 1157 1160 confugiunt
1181 1119 1223 1150 ad

238 1161 451 1191 mediatorem
476 1160 556 1196 lide3
580 1167 610 1190 et
634 1167 711 1192 sunt
734 1160 857 1202 templa
881 1162 1022 1202 Spiritus
1046 1162 1155 1192 sancti
1177 1163 1223 1192 in-
1248 1156 1251 1188 Ι

240 1202 391 1234 clioantis
416 1204 446 1233 111
471 1204 518 1233 cis
542 1204 722 1234 nox-itatem
747 1205 899 1245 Spiritus.

325 1247 448 1276 Postea
472 1247 633 1276 accedunt
657 1245 720 1277 alia
739 1246 851 1285 multa,
877 1248 996 1288 quibus
1012 1248 1108 1278 etiam
1121 1248 1224 1278 abun-
1248 1242 1252 1252 ¹

238 1290 293 1320 dat
307 1290 427 1319 iustitia
441 1287 716 1327 Christianorum,
728 1296 760 1320 ut
777 1290 865 1330 quod
885 1291 1019 1321 vincunt
1036 1289 1223 1327 Diabolum,
1249 1282 1251 1324 Ι

238 1333 325 1373 quad
339 1332 434 1362 adest
459 1333 506 1362 eis
525 1331 631 1368 Deus,
645 1333 699 1363 dat
725 1334 773 1363 eis
790 1331 906 1363 felices
926 1344 1120 1370 successus,
1139 1333 1225 1374 regit

239 1374 379 1406 consilia
393 1380 425 1405 et
437 1375 586 1405 actiones
600 1381 664 1406 etc.
688 1375 779 1406 Haec
792 1376 886 1407 etiam
901 1386 966 1406 non
980 1383 1057 1407 sunt.
1071 1377 1100 1406 iu
1114 1376 1224 1407 Phari·
1250 1394 1253 1414 1

238 1419 338 1455 sacis,
352 1428 392 1447 ac
404 1417 506 1448 multo
520 1419 626 1449 miuus
639 1420 669 1449 in
684 1417 844 1449 litllnicis.
881 1418 964 1450 Sunt
982 1420 1112 1460 quidem
1131 1429 1225 1459 prae·
1250 1415 1254 1430 ⁸

238 1461 350 1492 clarae
363 1461 501 1491 virtutes
514 1461 547 1491 in
561 1461 743 1501 Pomponio
756 1461 881 1500 Attico,
893 1468 926 1492 et
938 1468 1075 1493 externa
1095 1462 1224 1502 species

238 1511 288 1535 est
313 1503 544 1544 pulcherrima,
567 1503 694 1542 melior,
718 1515 816 1545 quam
832 1505 863 1535 in
887 1504 996 1536 multis
1012 1504 1222 1542 Christianis,

238 1553 287 1578 est
303 1546 484 1584 beneficus,
508 1557 623 1585 verax,
646 1548 793 1588 sapiens,
817 1548 1000 1585 modestus,
1015 1558 1112 1579 carus
1122 1548 1224 1579 omni-

240 1590 301 1620 bus
314 1596 450 1631 propter
462 1590 624 1627 virtutem,
638 1591 765 1621 curavit
777 1590 849 1622 fieri
863 1591 1064 1630 calendaria,
1079 1598 1109 1622 et
1122 1591 1223 1622 scribi

238 1632 405 1664 historias.
450 1632 518 1663 Sed
542 1634 663 1665 desunt
684 1634 858 1665 interiores
882 1635 1039 1672 virtutes,
1070 1645 1136 1665 11011
1165 1634 1223 1665 ha-

240 1676 295 1706 bet
327 1675 580 1716 poenitentiam,
610 1686 676 1707 non
707 1678 860 1718 agnoscit
899 1682 1039 1718 peccata
1079 1687 1141 1708 sua
1174 1688 1222 1707 ar-

240 1729 336 1756 cana,
359 1728 423 1749 nec
447 1719 558 1750 metuit
581 1719 734 1751 iudicium
746 1719 822 1758 Dei,
846 1720 965 1751 deinde
981 1720 1123 1752 estsine
1146 1719 1222 1751 fide.

238 1761 314 1792 Non
338 1760 546 1802 amplectitur
568 1763 792 1801 mediatorem,
815 1769 983 1803 postremo
1007 1769 1060 1794 est
1082 1764 1153 1794 sine
1175 1764 1223 1794 iu-

241 1805 428 1842 vocatione,
453 1811 485 1836 et
508 1805 536 1835 si
560 1815 643 1846 quas
667 1804 767 1836 habet
789 1807 947 1844 virtutes,
970 1816 1030 1838 eae
1055 1816 1121 1837 non
1145 1811 1223 1837 sunt

240 1846 395 1879 flammae
419 1848 559 1888 Spiritus
583 1849 700 1879 sancti.

326 1890 418 1921 Haec
441 1890 562 1932 singuli
587 1891 799 1923 considerare
822 1892 956 1930 debent,
979 1898 1016 1923 ut
1038 1898 1223 1934 agnoscant

242 1933 419 1964 discrimen
455 1934 541 1965 inter
573 1944 611 1965 se
644 1941 677 1965 et
711 1933 794 1966 alios
823 1936 877 1976 qui
920 1945 988 1966 non
1029 1942 1107 1966 sunt
1144 1945 1223 1967 vere

240 1976 355 2007 renati.

328 2018 408 2056 Sed,
431 2020 460 2050 si
483 2019 605 2051 iustitia
628 2018 890 2052 Christianorum
912 2021 1134 2053 abundantior
1161 2026 1224 2060 est,

242 2166 351 2217 Quid
390 2167 645 2207 sentiendum
683 2175 744 2208 est
775 2168 826 2208 de
865 2169 1100 2221 quaestione
1140 2170 1222 2211 illa:

347 2244 417 2284 An
448 2252 615 2300 peccata
645 2251 839 2285 maneant
858 2245 900 2285 in
931 2246 1101 2286 sanctis?

326 2334 463 2366 Manent
485 2336 517 2367 in
541 2336 638 2367 nobis
661 2345 788 2377 pravae
809 2335 1053 2375 inclinationes,
1076 2343 1108 2368 et
1130 2336 1223 2369 multi

241 2377 317 2410 mali
351 2378 508 2417 affectus,
548 2380 668 2420 quibus
707 2384 816 2410 tamen
850 2389 1073 2421 repugnamus
1107 2381 1224 2412 timore

241 2421 305 2453 Dei
339 2427 372 2452 et
406 2422 481 2453 fide.
532 2421 645 2453 Timor
677 2422 770 2453 dicit:
826 2421 901 2453 Non
937 2421 1014 2453 volo
1055 2422 1223 2455 offendere

242 2463 362 2495 Deum.
414 2465 544 2496 Deinde
575 2464 657 2496 fides
687 2465 781 2497 dicit:
831 2464 904 2506 Ego
934 2466 1035 2497 credo
1066 2467 1143 2498 mihi
1173 2477 1223 2498 re-

243 2508 347 2538 missa
375 2517 451 2539 esse
480 2514 637 2549 peccata,
667 2514 699 2539 et
726 2508 846 2540 invoco
871 2508 997 2546 Deum,
1027 2514 1060 2539 ut
1087 2519 1139 2540 me
1167 2520 1224 2551 gu-

244 2551 369 2581 bernet.
424 2551 498 2582 Non
533 2557 640 2582 autem
674 2557 808 2582 manent
834 2557 973 2592 peccata
1001 2557 1118 2583 contra
1146 2563 1224 2584 con-

245 2593 416 2624 scientiam
445 2594 476 2625 in
505 2594 649 2631 sancrisg
683 2595 777 2636 quia,
812 2595 866 2636 qui
897 2594 1006 2625 sciens
1041 2600 1073 2625 et
1107 2594 1224 2627 volens

245 2634 325 2667 facit
354 2643 470 2668 contra
492 2643 672 2680 praecepta
695 2637 775 2676 Dei,
802 2637 958 2679 quamdiu
986 2636 1064 2668 talis
1094 2644 1163 2676 est,
1192 2644 1225 2670 et

888 192 1000 224 PHlL.
1025 192 1128 224 MEL.
1152 191 1339 224 SCRIPTA
1364 191 1628 224 EXEGETICA.

2192 193 2255 226 180

1275 286 1480 327 propositum
1504 285 1569 317 tale
1593 287 1753 327 peccandi
1781 285 1880 318 habet
1908 293 1940 318 et
1968 285 2151 319 delectatur
2180 288 2256 329 pec·

1276 334 1368 367 cato,
1397 329 1425 360 is
1455 339 1521 360 non
1552 335 1604 360 est
1633 335 1788 368 sanctus,
1817 340 1883 360 non
1912 329 2013 361 habet
2042 329 2153 361 iidem:
2181 331 2258 372 quia

1275 372 1358 402 fides
1381 382 1447 403 non
1471 378 1580 413 potest
1602 378 1694 403 stare
1717 383 1790 404 cum
1814 371 1901 403 mala
1925 373 2138 404 conscientia.
2178 373 2258 406 ltem

1274 420 1326 446 est
1349 421 1426 446 actu
1449 425 1526 447 reus
1557 421 1713 447 aeternae
1743 416 1981 452 danmationis;
2011 421 2060 454 et,
2089 415 2118 446 si
2147 422 2258 448 manet

1273 456 1362 496 talis,
1386 458 1448 489 ruit
1474 459 1502 489 in
1528 465 1695 489 aeternam
1721 458 1976 490 damnationem.

1274 572 1382 622 Quid
1415 579 1487 623 est,
1520 573 1630 627 quod
1662 572 1792 626 inquit
1825 571 2026 614 Christus:
2056 580 2183 612 Dictum
2210 583 2262 611 esc

1446 659 1606 695 nunquia:
1652 657 1692 687 At
1712 665 1770 695 eqo
1792 656 1864 687 dico
1887 657 1984 693 cobis,
2006 650 2083 691 etc?

1357 731 1470 773 Aliqui
1494 731 1571 763 hinc
1593 731 1717 764 inferre
1730 738 1903 770 conantur,
1926 731 2034 774 legem
2056 743 2123 764 non
2141 733 2257 765 eodem

1272 775 1371 806 modo
1401 773 1572 816 obligasse
1594 776 1758 816 antiquos,
1805 775 1883 806 ltem
1908 775 2075 807 Christum
2105 775 2260 807 attulisse

1273 828 1379 849 novas
1409 817 1513 859 leges.
1561 818 1627 850 Sed
1658 818 1810 850 Christus
1841 819 1894 850 hic
1926 817 2072 860 loquitur
2101 825 2134 849 ut
2162 819 2258 850 inter-

1273 871 1352 901 pres
1387 859 1484 901 legis.
1541 862 1686 902 Opponit
1727 862 1907 893 conciones
1949 872 2046 899 suas,
2085 872 2150 893 non
2191 861 2258 904 legi

1274 903 1385 942 Moisi,
1408 904 1468 934 sed
1491 903 1688 945 corruptelis
1711 904 1983 942 Pharisaeorum,
2013 905 2066 946 qui
2098 905 2259 946 deprava-

1275 953 1391 978 verant
1414 945 1533 988 legem,
1559 946 1772 989 intelligendo
1803 958 1874 979 eam
1898 954 2022 979 tantum
2047 948 2087 978 de
2112 948 2258 978 externis

1274 990 1472 1021 actionibus.
1518 989 1589 1021 Lex
1613 1001 1692 1021 vero
1717 991 1832 1022 eodem
1857 992 1954 1021 modo
1984 991 2092 1032 arguit
2117 996 2259 1031 peccata

1275 1034 1427 1064 omnibus
1452 1034 1667 1074 temporibus,
1692 1032 1820 1065 scilicet
1843 1034 1874 1065 in
1899 1045 1978 1064 vero
2003 1032 2183 1064 intellectu.

1249 1201 1251 1240 ζ
1304 1180 1428 1221 Estne
1462 1181 1574 1220 irasci
1606 1195 1679 1235 per
1710 1195 1769 1230 se,
1803 1188 1845 1221 et
1876 1181 2105 1236 simpliciter
2137 1197 2232 1237 pec·-

1690 1264 1827 1298 catum
1835 1258 1852 1300 ’ἒ

1364 1349 1465 1379 lrasci
1496 1350 1527 1379 111
1558 1358 1682 1391 genere
1711 1354 1761 1379 est
1791 1349 1963 1390 quiddam,
1993 1350 2081 1391 quod
2113 1350 2198 1381 bene
2228 1356 2261 1381 et

1276 1390 1362 1422 male
1385 1391 1455 1423 fieri
1484 1398 1605 1432 potest.
1653 1391 1807 1423 Christus
1836 1392 1990 1423 irascitur
2018 1393 2153 1424 eiiciens
2184 1402 2259 1424 ven-

1277 1435 1393 1466 dentes
1417 1440 1448 1465 et
1472 1440 1617 1465 ementes
1642 1445 1681 1465 ex
1706 1434 1845 1475 templo:
1877 1441 1907 1466 et
1935 1436 1967 1465 in
1991 1434 2106 1466 Marco
2131 1436 2261 1474 dicitur,

1277 1479 1361 1518 quod
1386 1481 1653 1518 (frettmspexerz't
1683 1479 1796 1509 iratus.
1843 1478 1898 1508 Sic
1927 1477 2036 1516 Eliae,
2065 1477 2200 1516 Elisaei,
2228 1484 2262 1510 et

1276 1520 1414 1552 aliorum
1443 1521 1491 1551 ira
1521 1526 1572 1551 est
1598 1521 1696 1552 iusta.
1748 1521 1814 1552 Sed
1847 1520 2000 1552 Christus
2031 1521 2085 1552 hic
2115 1519 2260 1563 loquitur

1277 1564 1317 1594 de
1350 1565 1400 1595 ira
1433 1565 1553 1595 iniusta
1587 1574 1647 1595 seu
1680 1564 1878 1595 inordinata.
1932 1564 2009 1597 ldeo
2044 1564 2151 1595 addit:
2201 1565 2261 1602 Qui

1275 1608 1432 1638 irascitur
1454 1612 1584 1638 (emere.

1362 1649 1457 1681 Haud
1482 1650 1580 1681 dubie
1603 1648 1697 1691 plura
1721 1656 1753 1680 et
1776 1649 1986 1681 horribiliora
2007 1655 2145 1691 peccata
2179 1649 2261 1681 fiunt

1275 1693 1444 1724 iracundia
1468 1703 1563 1734 quam
1592 1693 1771 1724 amoribus.
1817 1692 1923 1725 Multo
1951 1692 2027 1734 plus
2060 1699 2179 1734 peccat
2203 1696 2259 1724 θυ-

1274 1736 1372 1776 μικὸν,
1397 1746 1494 1777 quam
1517 1731 1742 1774 ἐπιθυμητικόν.

1362 1778 1424 1809 Ubi
1449 1785 1557 1810 autem
1581 1779 1613 1810 in
1636 1779 1738 1810 corde
1760 1786 1813 1810 est
1834 1779 1883 1810 ira
1905 1778 2039 1816 iniusta,
2060 1778 2258 1820 ibisequun-

1276 1828 1330 1853 tur
1342 1822 1439 1853 etiam
1463 1827 1579 1863 gestus
1604 1821 1834 1863 significantes
1858 1822 2023 1853 vindictae
2035 1821 2257 1862 cupiditatem.

1276 1863 1355 1895 lllos
1380 1871 1496 1906 gestus
1520 1865 1665 1895 nominat
1689 1863 1855 1903 Christus,
1877 1866 1986 1896 de'cere
1999 1866 2098 1896 Raca.
2135 1864 2259 1895 Postea

1276 1913 1461 1949 sequuntur
1484 1908 1581 1938 etiam
1605 1907 1775 1945 convicia,
1803 1917 1889 1948 quae
1913 1906 2065 1938 Christus
2101 1906 2260 1937 describit

1275 1949 1497 1992 appellatione
1520 1952 1628 1991 Faluz'3
1657 1956 1691 1982 et
1720 1956 1829 1981 tamen
1859 1949 1956 1981 simul
1984 1949 2149 1991 significat
2180 1949 2258 1980 oriri

1276 1993 1356 2025 talia
1389 2003 1430 2025 ex
1460 1994 1618 2035 superbia
1652 1992 1810 2024 efferente
1844 2002 1882 2023 se
1910 2002 2010 2034 supra
2039 1991 2142 2031 alios,
2173 1993 2260 2024 sicut

1276 2037 1372 2068 etiam
1407 2037 1480 2078 ipsa
1513 2037 1562 2067 ira
1599 2036 1746 2067 radicem
1786 2036 1887 2067 habet
1924 2035 2124 2076 superbiam.
2179 2034 2258 2066 ldeo

1275 2081 1360 2111 8111111
1383 2079 1568 2117 irascimur,
1590 2079 1667 2120 quia
1689 2077 1843 2110 volumus
1866 2079 2022 2116 eminere,
2045 2084 2077 2109 et
2092 2077 2259 2110 excellere

1276 2128 1308 2154 et
1331 2122 1490 2153 dominari
1513 2120 1604 2160 aliis,
1627 2127 1659 2152 et
1681 2120 1799 2153 leviter
1821 2120 1939 2152 offensi
1967 2127 2119 2163 putamus
2149 2126 2259 2152 actum

1276 2175 1353 2197 esse
1376 2165 1417 2196 de
1445 2170 1560 2195 nostra
1590 2164 1841 2196 existimatione.
1887 2163 1954 2196 Ista
1980 2163 2067 2195 mala
2093 2173 2258 2206 agnosca-

1276 2218 1348 2239 mus
1370 2208 1403 2239 in
1425 2208 1541 2245 nobis,
1564 2212 1595 2238 et
1619 2205 1849 2249 deploremus,
1872 2213 1905 2238 et
1927 2208 2154 2249 reprimamus.
2199 2209 2258 2239 Su-

1276 2251 1446 2283 biiciamus
1469 2260 1531 2281 nos
1555 2249 1641 2288 Deo,
1664 2257 1695 2281 et
1719 2260 1896 2291 parcamus
1919 2249 2088 2281 fratribus,

1362 2293 1536 2324 Postremo
1553 2293 1684 2324 additur
1696 2293 1727 2324 in
1742 2293 1806 2325 hoc
1821 2299 1930 2325 textu:
1949 2293 2025 2325 Cum
2036 2296 2259 2333 offer-amunta

1275 2342 1362 2369 tunm
1383 2337 1428 2368 ad
1447 2339 1561 2376 altare,
1585 2342 1648 2367 etc.
1694 2335 1755 2367 Hic
1780 2335 1882 2367 multa
1905 2342 1982 2367 sunt
2005 2334 2257 2377 comprehensa.

1276 2379 1343 2411 Sed
1356 2380 1388 2410 in
1399 2379 1512 2421 primis
1525 2379 1664 2410 traditur
1677 2377 1732 2410 1110
1746 2379 1923 2411 discrimen
1937 2389 2072 2420 operum
2085 2377 2258 2410 moralium

1275 2428 1307 2454 et
1321 2420 1596 2453 ceremonialium.
1626 2421 1761 2453 Summa
1779 2422 1864 2453 haec
1882 2428 1950 2454 est:
1973 2420 2116 2454 Moralia
2133 2419 2258 2453 antefe-

1275 2466 1379 2497 renda
1393 2470 1469 2496 sunt
1484 2464 1770 2503 ceremonialibus,
1784 2471 1816 2496 et
1828 2463 2061 2497 ceremonialia
2077 2464 2156 2496 1111111
2169 2470 2258 2502 sunt,

1275 2518 1383 2550 neque
1405 2506 1537 2549 placent
1559 2508 1632 2538 sine
1654 2508 1856 2544 moralibus3
1885 2514 1919 2539 et
1937 2507 2095 2549 amplius:
2117 2505 2258 2538 Moralia

1276 2562 1343 2583 11011
1377 2549 1511 2592 placent
1544 2551 1616 2581 sine
1650 2550 1725 2582 fide.
1771 2551 1912 2586 Quando
1943 2551 2096 2593 cogitatis
2131 2551 2174 2581 de
2195 2549 2256 2580 Ec-

1278 2594 1393 2632 clesia,
1426 2594 1550 2635 pingite
1579 2594 1700 2632 navim,
1730 2600 1763 2626 et
1784 2594 1817 2625 in
1846 2594 1921 2625 navi
1950 2593 2081 2632 librum,
2104 2598 2137 2624 et
2155 2602 2258 2634 supra

1275 2637 1395 2669 librum
1429 2643 1520 2668 stare
1548 2635 1697 2668 calicem.
1743 2636 1846 2669 Navis
1868 2636 2035 2679 significat
2063 2636 2256 2678 promissio-
