2343 2970
207 169 265 199 731

208 266 268 296 bus
293 263 345 295 alii
370 264 520 295 homines
544 264 639 295 nobis
662 271 737 294 sunt
762 263 914 304 obligati,
945 271 976 294 et
999 264 1118 295 dicitur
1141 265 1183 296 de

206 313 345 349 utraque
370 308 575 345 remissione,
600 307 641 337 de
663 308 859 338 remissione
882 307 1004 345 divina,
1027 308 1112 338 etde
1126 317 1183 338 no-

205 357 292 382 stra:
317 350 363 382 Er
381 351 437 382 hat
460 361 497 381 zu
520 350 605 381 molt!
627 350 695 380 eine
714 359 829 391 grosse
851 359 972 381 sunnna
985 349 1183 391 yenommen':

205 405 270 425 non
296 399 346 425 est
369 394 509 434 pecunia
533 394 629 424 unius
648 391 791 423 hominis
806 392 937 434 privati,
961 393 1059 424 etiam
1085 393 1182 424 valde

205 438 325 469 divitis.
371 436 538 467 Fuccarus
564 446 629 466 non
654 442 778 467 tantum
802 436 960 476 pecuniae
972 435 1082 467 habet.
1115 436 1180 467 lmo

204 491 319 512 omnes
355 478 530 510 facultates
566 479 636 509 eius
666 489 733 510 non
761 484 838 510 sunt
861 485 951 510 tanta
976 490 1104 510 summa
1128 490 1182 520 pe-

202 524 329 555 cuniae.
361 523 394 553 ln
419 521 501 553 fisco
527 521 688 553 Romano.
712 522 844 563 quando
867 521 967 552 lulius
991 529 1100 553 movet
1115 520 1181 553 bel—

204 567 270 598 lum
294 564 410 603 civile,
445 564 575 596 t'uerunt
610 565 651 595 (50
675 573 797 596 tonnae
821 565 910 602 auri,
944 576 1009 606 quo
1035 572 1182 606 tempore

203 608 404 649 Respublica
436 607 494 640 fuit
527 608 619 639 dives
649 614 681 639 ct
712 608 847 639 tlorens.
893 606 984 638 lllam
1009 609 1181 649 pecuniam

203 652 304 684 lulius
329 652 520 692 occupavit,
554 651 615 682 suit
639 652 667 682 ei
692 661 814 682 nervus
840 649 926 682 belli.
971 651 1045 682 Das
1065 661 1181 692 yrosse

199 698 264 738 yelt
287 695 361 727 siud
385 697 442 726 wir
469 695 547 726 Gott
569 694 726 735 sclzuldiy,
751 695 815 725 und
838 694 940 725 Izaben
962 694 1048 725 nicht
1071 705 1108 726 zu
1131 695 1179 726 be·

201 740 319 772 zalzlen.

289 782 349 813 Hic
374 782 620 812 consideremus
646 791 707 811 nos
732 780 841 810 miseri
865 780 1034 818 homines,
1057 787 1180 821 quanta

201 837 256 856 res
285 826 336 856 sic
364 831 546 865 peccatum.
593 823 636 855 Es
665 824 706 854 ist
731 823 858 854 :anzahl
879 823 958 854 lzoclz
981 825 1178 865 παρθενίη.

203 869 353 900 Humana
382 874 499 899 natura
528 878 593 898 non
624 874 733 907 potest
765 867 977 898 considerare
1001 867 1079 897 iram
1104 866 1178 898 Dei.
1204 894 1207 902 Ι

203 912 254 943 lra
277 911 341 942 Dei
376 917 426 942 est
462 911 616 952 quiddam
648 911 854 947 innnensum,
887 917 919 940 et
953 909 1036 940 haec
1061 911 1180 941 misera

202 961 320 986 natura
345 965 409 985 non
435 961 543 995 potest
569 964 638 984 eam
663 953 837 984 sustinere.
884 952 961 984 ldeo
986 954 1069 984 inter
1083 964 1179 984 caus·
1204 958 1207 961 ’

202 1009 272 1035 saS,
297 1009 356 1029 cur
380 996 483 1028 Filius
509 996 568 1028 Dei
593 996 732 1028 induerit
756 994 929 1027 humanam
955 1003 1115 1034 naturam,
1128 1002 1180 1027 est
1205 996 1207 1028 l

203 1047 235 1072 et
253 1040 319 1079 illa,
354 1041 441 1082 quod
467 1039 557 1071 nulla
581 1047 698 1071 natura
723 1040 887 1080 potuisset
911 1040 1074 1070 sustinere
1099 1040 1179 1070 iram
1205 1071 1207 1073 ,

202 1084 277 1116 Dei.
323 1084 407 1115 Mau
441 1083 619 1115 rrschriclct
648 1082 787 1122 ‹Iursurx
822 1089 877 1113 aut
906 1082 939 1113 fit
975 1078 1207 1120 iiieredibile,l

203 1134 259 1159 aut
282 1128 382 1158 homo
406 1128 449 1158 ita
473 1128 699 1163 conturbatur,
733 1132 765 1157 ut
790 1126 939 1166 cogitare
963 1124 1040 1156 nihil
1065 1126 1179 1165 possit.

202 1171 260 1202 1121·
283 1172 361 1201 solts
385 1169 445 1210 osl't
470 1171 534 1200 ιιηλ
559 1170 638 1200 wohl
660 1168 845 1206 betleuclsen,
877 1169 966 1210 quod
995 1174 1084 1199 tanta
1110 1179 1180 1210 pro·
1205 1180 1208 1186 Δ

203 1214 392 1245 nuntiantur
421 1224 498 1244 esse
527 1221 581 1244 tua
613 1220 643 1244 et
678 1222 749 1243 mea
773 1222 921 1252 peccata.
968 1211 1114 1243 Econtra
1136 1212 1180 1243 vi-

202 1259 276 1289 dete
301 1257 555 1298 magnitudinem
581 1256 827 1286 misericordiae
852 1255 926 1285 Dei.
972 1253 1053 1286 Illud
1076 1261 1180 1286 totum

202 1301 343 1332 debitum
369 1300 500 1330 remittit
532 1300 636 1330 nobis.
684 1299 799 1329 Omnia
830 1297 911 1329 haec
936 1297 1080 1329 diflicilia
1105 1305 1180 1329 sunt

201 1345 243 1375 ad
268 1343 485 1379 credendum3
509 1349 583 1372 sant
604 1342 711 1373 omnia
735 1352 834 1382 supra
849 1340 1178 1382 captumhnmanum.

200 1386 272 1418 Nos
298 1397 362 1417 non
388 1386 612 1417 existimamus
636 1391 760 1416 tuntum
790 1395 866 1415 esse
900 1395 1002 1415 onus:
1038 1385 1179 1416 vivimus
1204 1419 1205 1426 ἵ

203 1429 328 1461 securi:
366 1430 552 1470 cogitamus
586 1438 648 1459 nos
686 1438 753 1458 non
785 1438 862 1458 esse
893 1429 1026 1459 meritos
1052 1434 1178 1459 tantam

202 1483 382 1514 poenartnn
407 1472 674 1513 magnitudinem,
703 1481 787 1512 quae
813 1478 975 1512 vagantur
999 1482 1056 1511 per
1076 1477 1179 1502 totum

202 1527 308 1558 genus
343 1515 534 1547 humanum.
580 1514 647 1545 Ista
682 1514 845 1545 securitas
881 1520 913 1545 et
937 1515 1092 1555 superbia
1126 1519 1178 1545 est

202 1569 375 1601 magnum,
411 1559 505 1589 triste
539 1563 568 1589 et
600 1557 798 1589 horrendum
822 1564 1003 1598 peccatum.
1049 1556 1179 1589 Deinde

204 1602 457 1644 magnitudinem
478 1601 722 1632 misericordiae
746 1610 812 1631 non
836 1610 1013 1641 possumus
1030 1610 1179 1642 compre-

202 1645 358 1677 hendere.
407 1645 546 1679 Quando
571 1654 684 1675 snmus
715 1645 747 1674 in
771 1642 953 1682 doloribus,
982 1646 1179 1685 cogitamus,

204 1699 271 1720 non
295 1698 398 1729 posse
420 1689 516 1719 nobis
539 1687 657 1718 remitti
681 1692 829 1728 peccata.
861 1685 1019 1718 Ieremias
1043 1686 1179 1718 clamat:

203 1732 456 1763 Misericordiae
489 1731 632 1768 Domini,
656 1731 741 1771 quod
763 1739 826 1760 nou
855 1731 1035 1771 consumpti
1064 1740 1178 1762 sumus

203 1774 382 1806 Construe:
413 1774 508 1809 Quod
533 1785 599 1805 non
624 1774 809 1814 consumpti
832 1784 958 1811 summ,
983 1780 1034 1805 est
1057 1774 1180 1805 miseri-

203 1818 335 1849 cordiae
358 1817 501 1849 Domini.
525 1818 671 1848 Verbum
695 1818 788 1853 Sumj
813 1818 1018 1849 construitur
1041 1816 1094 1849 hie
1108 1828 1181 1849 curn

203 1860 365 1892 Genitivo.

1206 672 1208 690 Ι

1206 720 1208 739 l

1205 1239 1208 1269 l

334 1921 411 1952 Non
433 1923 608 1952 remittenti
627 1922 791 1961 proximo,
822 1921 962 1952 vicissim
991 1930 1054 1952 non
1076 1922 1181 1952 remit-

382 1968 493 1995 tuntur
514 1970 666 2004 peccota:

334 2007 420 2048 Eryo
443 2013 556 2039 vostra
583 2009 731 2039 remissio
764 2012 811 2038 est
845 2017 964 2039 caussa
985 2008 1182 2039 remissionis

379 2051 519 2081 divinae.

617 2118 679 2150 Vel
701 2120 768 2152 sic:

334 2180 462 2210 Caussa
485 2185 544 2216 est,
568 2190 631 2220 qua
653 2181 773 2220 posita,
797 2182 827 2210 [τι
852 2185 927 2211 actu
939 2181 1084 2221 sequitur
1106 2180 1182 2220 effe-

382 2227 470 2254 ctus:
493 2227 534 2259 ct,
557 2233 621 2263 qua
644 2233 707 2253 non
728 2224 847 2263 posita,
864 2233 928 2255 uon
950 2224 1112 2264 sequitur:

334 2267 446 2297 Posita
478 2268 664 2297 remissione
693 2270 826 2304 nostru,
858 2267 1003 2307 sequitur
1036 2267 1184 2298 remissio

380 2310 507 2340 divina.

337 2352 424 2393 Eryo
447 2356 562 2383 nostra
580 2353 728 2383 remissio
751 2356 797 2383 est
822 2353 930 2393 aliquo
950 2353 1042 2384 modo
1065 2363 1185 2384 caussa

377 2396 536 2435 partialis
562 2395 762 2426 remissionis
790 2395 928 2426 divinae.
976 2395 1040 2426 Die
1064 2406 1185 2437 ycmey·

378 2448 438 2469 nen
462 2440 638 2480 Arymneut
660 2439 722 2469 solt
745 2438 798 2468 ihr
820 2439 942 2469 missen.

293 2506 494 2548 Respondeo
519 2507 562 2538 ad
585 2507 765 2538 Minorem:
795 2505 920 2538 Nostra
949 2508 1100 2539 remissio
1130 2517 1185 2539 ne-

209 2551 355 2582 cessaria
379 2557 441 2588 est,
465 2556 500 2582 ut
523 2549 659 2581 effectus
689 2549 882 2581 necessario
916 2559 1082 2591 sequens,
1119 2561 1185 2582 non

208 2599 244 2625 ut
268 2603 400 2625 caussa.

209 2643 414 2679 argumenta,
439 2635 537 2679 quale
561 2642 612 2668 est
634 2634 730 2669 illud:
753 2635 794 2668 St
813 2645 931 2668 munem
953 2636 1046 2677 fidem
1068 2636 1185 2668 habea-

845 170 955 201 PHlL.
981 170 1080 201 itm..
1104 170 1290 202 SCRIPTA
1315 171 1578 203 EXEGETH‘A.
1604 181 1618 192 ‘

1205 1190 1209 1234 l

445 2593 511 2624 lsta
535 2600 585 2624 est
609 2591 707 2624 realis
731 2591 852 2625 solutio
875 2593 917 2624 ad
935 2593 1044 2624 onmia
1067 2592 1186 2625 similia
1211 2628 1213 2632 ,

2153 173 2216 204 7:32

1206 278 1212 308 x,
1236 266 1291 304 tis,
1315 266 1514 296 dilectionem
1542 275 1605 297 nou
1627 266 1792 299 habeatis:
1816 267 1903 308 Eryo
1925 268 2055 299 dilectio
2073 273 2121 300 est
2136 278 2216 309 par·

1209 314 1211 319 ’
1235 309 1324 339 tialis
1347 319 1465 340 caussa
1486 310 1695 341 renu‘ssz'onis.

1208 355 1212 410 l
1235 352 1286 383 cia
1309 353 1491 384 secundum
1516 362 1580 383 non
1606 363 1772 391 caussam,
1802 360 1833 384 ut
1860 363 2022 385 caussam.
2069 353 2214 387 Dilectio

1208 405 1299 449 'non
1335 401 1385 426 est
1419 396 1583 432 meritum,
1618 402 1754 437 propter
1789 397 1874 437 quod
1910 398 2080 428 remittitur
2115 398 2213 430 nobis

1208 464 1212 481 :
1234 444 1420 478 peccatum3
1445 439 1504 469 sed
1528 437 1601 469 sola
1626 439 1851 471 misericordia
1875 440 1985 471 divina
2002 447 2137 481 propter
2149 450 2212 472 me-

1208 492 1211 528 ὲ
1234 481 1329 512 ritum
1353 480 1423 511 Filii
1452 482 1510 512 nei
1536 483 1639 519 nobis
1657 483 1864 514 remittuntur
1887 489 2031 523 peccata.
2080 482 2137 514 llla
2162 493 2211 515 re-

1207 524 1434 572 gsponsiones
1467 532 1543 555 sunt
1580 536 1690 556 verae.
1736 526 1911 556 continent
1942 525 2058 567 plenas
2088 534 2119 558 et
2139 537 2212 567 per-

1207 604 1210 610 ,
1234 567 1367 607 spicuas
1397 565 1580 599 solutiones
1617 575 1647 599 et
1677 574 1910 610 congruentes.
1958 568 2016 600 Est
2045 570 2208 611 quaedam

1207 641 1209 649 Α
1233 609 1265 640 in
1289 610 1336 640 eis
1363 611 1576 642 concinnitas.
1623 610 1752 642 Nostra
1781 612 1908 642 dilectio
1936 615 1983 643 es!
2004 613 2136 652 effectus
2157 622 2209 644 ue-

1233 654 1378 684 cessart‘o
1411 663 1552 694 sequens.
1600 654 1739 689 Quando
1771 661 1803 685 tu
1831 655 1955 695 accipis
1980 656 2208 687 remissionem

1234 702 1455 737 peccatorum,
1480 698 1575 728 debet
1601 698 1632 728 in
1657 704 1687 728 te
1707 708 1785 729 esse
1811 699 1930 729 bonum
1948 699 2209 739 propositunt,in

1233 749 1299 780 quo
1325 740 1411 769 bono
1436 741 1606 781 proposito
1631 741 1727 772 etiam
1751 741 1815 772 hoc
1840 749 1901 779 est,
1938 747 1972 773 ut
1995 742 2140 773 remittas
2164 739 2208 773 al-

1233 782 1308 812 teri:
1339 788 1371 813 et
1394 783 1421 812 si
1445 783 1477 813 in
1497 789 1529 814 te
1552 795 1616 814 non
1647 791 1696 814 est
1732 783 1797 816 hoc
1833 785 1953 815 bonnm
1987 785 2208 827 propositum,

1232 835 1297 856 non
1322 831 1372 856 est
1397 832 1468 856 rata
1491 828 1648 858 remissio.

1320 866 1378 899 llle
1409 879 1526 900 servus
1557 880 1622 900 non
1651 871 1766 901 retinet
1800 871 2024 901 remissionem
2056 879 2208 911 peccato-

1741 310 1815 341 Non
1839 311 1999 353 sequitur.
2036 310 2097 341 Est
2121 310 2214 343 salla-

1234 921 1321 945 rum,
1347 912 1421 952 quia
1447 922 1510 942 non
1534 914 1662 954 accepit
1685 911 1842 950 oblatam,
1867 912 1918 944 vel
1945 914 2019 954 quia
2040 913 2117 945 fecit
2141 913 2210 944 irri-

1232 960 1297 984 tam
1321 964 1380 984 sua
1405 955 1621 996 ingratudine.
1647 955 1692 986 lta
1716 955 1797 986 Saul
1821 966 1885 986 non
1911 956 2022 988 habuit
2047 957 2209 987 remissio-

1233 1007 1305 1028 nem
1329 1005 1553 1037 percatorum,
1582 999 1657 1040 quia
1683 998 1826 1030 oblatam
1852 1000 1986 1040 respuit.
2031 999 2105 1031 Non
2130 997 2209 1030 volo

1232 1039 1448 1071 subtilissime
1483 1041 1647 1082 inquirere
1671 1043 1701 1072 in
1732 1041 1986 1073 similitudinem.
2033 1042 2210 1083 Proposita

1233 1090 1281 1114 est
1299 1084 1522 1114 consideratio
1539 1085 1650 1122 debiti,
1673 1085 1760 1126 quod
1785 1092 1835 1116 est
1859 1086 2063 1119 immensum,
2088 1091 2119 1115 et
2135 1095 2210 1126 pro·

1233 1127 1340 1166 posita
1365 1133 1415 1157 est
1435 1128 1656 1158 consideratio
1671 1128 2121 1166 immensae,misericordiae,
2146 1136 2212 1169 qua

1234 1168 1316 1201 illud
1346 1170 1489 1201 debitum
1523 1171 1619 1201 nobis
1649 1171 1832 1201 remittitur.
1877 1171 1943 1202 Sed
1968 1171 2100 1211 quando
2123 1170 2211 1202 acci-

1232 1213 1341 1253 pimus
1366 1214 1591 1244 remissionen·
1616 1220 1842 1255 peccatorum,
1875 1214 1915 1244 sit
1952 1215 1984 1244 in
2020 1214 2114 1245 nobis
2139 1222 2211 1254 pro-

1233 1256 1375 1296 positum
1396 1257 1527 1287 bonnm.
1572 1256 1611 1288 Et
1637 1258 1719 1288 inter
1742 1256 1851 1288 officia
1875 1257 1950 1288 boni
1974 1258 2135 1297 propositi
2158 1260 2210 1288 est

1205 1333 1207 1340 A
1233 1300 1327 1329 etiam
1348 1298 1440 1330 illud:
1469 1299 1644 1330 'demittere
1668 1299 1773 1338 alteri,
1799 1310 1862 1330 non
1887 1298 1974 1331 velle
1998 1301 2132 1331 turbare
2156 1309 2210 1341 ge·

1232 1352 1293 1373 nus
1317 1341 1492 1373 humanum
1516 1348 1650 1384 propter
1674 1343 1834 1384 privatum
1859 1343 1980 1380 odium,
2005 1349 2039 1374 ut
2062 1341 2160 1374 lulius
2179 1347 2211 1374 et

1232 1385 1408 1425 Pompeius
1432 1386 1549 1416 ardent
1572 1387 1656 1417 inter
1679 1396 1716 1416 se
1741 1387 1823 1416 odiis
1843 1392 1978 1426 propter
1992 1386 2211 1425 ambitionem,

1204 1428 1206 1469 ζ
1232 1434 1363 1459 movent
1388 1427 1519 1466 bollum,
1546 1434 1575 1459 et
1599 1427 1799 1460 horribiliter
1822 1430 1954 1459 turbant
1978 1434 2081 1459 totum
2105 1437 2210 1470 genus

1232 1470 1416 1503 humanum.

1482 1573 1541 1605 EX
1565 1574 1671 1605 ALIA
1697 1573 1968 1606 RHAPSoDlA.

1233 1653 1349 1704 Quae
1382 1663 1444 1695 est
1475 1655 1656 1695 doctrina
1681 1655 1905 1710 principalis
1929 1656 2052 1696 totius
2071 1655 2211 1696 lectio-

1276 1715 1365 1756 nis?
1399 1716 1543 1769 quibus
1576 1716 1774 1756 erroribus
1812 1716 1931 1756 vultis
1963 1730 2167 1771 opponere

1528 1776 1631 1816 hanc
1665 1776 1915 1818 doctrinam?

1320 1858 1516 1900 Principalis
1546 1859 1695 1891 doctrina
1725 1858 1822 1890 huius
1852 1860 2052 1891 narrationis
2082 1864 2132 1890 est
2155 1869 2214 1901 op-

1234 1902 1343 1944 posita
1367 1903 1496 1933 duobus
1521 1903 1614 1934 tetris
1642 1903 1820 1934 erroribus.
1868 1904 1896 1933 l.
1921 1902 2033 1933 Errori
2056 1901 2213 1933 Novatia-

1235 1955 1368 1983 norum,
1402 1952 1518 1987 postea
1547 1946 1652 1977 errori
1682 1945 1945 1976 Antinomorum.
2003 1945 2099 1976 Prior
2133 1954 2212 1985 pars

1235 1994 1287 2019 est
1310 1987 1500 2020 dulcissima
1535 1988 1740 2027 consolatio,
1770 1994 1801 2019 et
1837 1988 1987 2019 doctrina
2016 1989 2058 2019 de
2080 1985 2214 2030 amplis·

1234 2032 1317 2063 sima
1341 2032 1568 2063 misericordia
1591 2032 1711 2063 divina.
1757 2031 1912 2063 Secunda
1941 2041 2018 2071 pars
2050 2037 2103 2063 est
2125 2030 2213 2062 sevi-

1235 2075 1365 2106 rissima
1384 2075 1602 2106 comminatio.
1638 2074 1733 2105 Prior
1756 2084 1833 2114 pars
1854 2080 1904 2105 est
1928 2075 2082 2115 opposita
2105 2073 2212 2106 Nova-

1235 2118 1340 2150 tianis.

1442 2214 1521 2265 Qui
1553 2213 1717 2255 suerunt
1748 2214 1992 2255 Novatiani?

1321 2289 1496 2331 Negabant
1520 2288 1634 2330 lapsos
1659 2289 1867 2331 recipiendos
1887 2298 1974 2320 esse.
2011 2288 2089 2320 Nun
2110 2288 2216 2320 ηιόεΙιὶ

1235 2334 1325 2365 einer
1347 2342 1464 2374 seyen:
1491 2331 1644 2363 Christus
1675 2331 1730 2363 hic
1759 2342 1825 2363 non
1855 2332 1933 2363 dicit
1956 2331 1996 2363 de
2020 2331 2214 2363 ministerio.

1236 2379 1302 2409 lmo
1338 2376 1415 2408 dicit
1450 2376 1490 2407 de
1524 2375 1722 2413 ministerio,
1762 2376 1840 2417 quia
1873 2373 1972 2416 paulo
2007 2381 2084 2405 ante
2117 2374 2214 2406 dixit:

1238 2420 1453 2460 Quaecunque
1474 2419 1648 2457 solveritis,
1673 2425 1735 2449 etc.
1780 2416 1838 2450 Illa
1862 2419 1963 2449 verba
1982 2416 2160 2459 loquuntur
2173 2418 2215 2449 de

1237 2462 1435 2497 ministe1·io;
1460 2468 1576 2502 postea
1600 2472 1662 2494 suo
1685 2460 1761 2493 loco
1785 2467 1816 2491 et
1840 2461 1956 2492 ordine
1979 2459 2138 2502 applicari
2157 2470 2215 2501 po·

1238 2512 1302 2538 test
1325 2505 1408 2537 haec
1437 2505 1554 2536 concio
1585 2505 1627 2536 ad
1657 2505 1818 2546 privatam
1842 2504 2081 2535 remissionem.
2128 2503 2215 2539 Quid

1237 2554 1347 2581 autem
1368 2553 1480 2590 potest
1503 2558 1581 2579 esse
1612 2547 1742 2580 dulcius
1765 2546 1830 2578 hac
1853 2545 2101 2584 consolatione,
2129 2555 2216 2588 quae

1238 2592 1292 2624 hic
1313 2590 1472 2634 ponitur?
1519 2590 1636 2622 Petrus
1667 2592 1868 2632 inter-royac,
1903 2600 1947 2622 an
1968 2590 2087 2630 septies
2109 2589 2217 2620 remit-

1210 2636 1213 2674 }
1238 2637 1325 2668 tam?
1347 2635 1414 2666 imo
1437 2634 1541 2676 inquit
1564 2633 1735 2672 Christus3
1756 2635 1940 2675 septuayies
1962 2633 2093 2674 septies,
2116 2630 2215 2674 quasi
