<?xml version="1.0" encoding="UTF-8"?>
<!DOCTYPE html PUBLIC "-//W3C//DTD XHTML 1.0 Transitional//EN"
    "http://www.w3.org/TR/xhtml1/DTD/xhtml1-transitional.dtd">
<html xmlns="http://www.w3.org/1999/xhtml" xml:lang="en" lang="en">
 <head>
  <title>
</title>
<meta http-equiv="Content-Type" content="text/html;charset=utf-8" />
  <meta name='ocr-system' content='tesseract 3.04.00' />
  <meta name='ocr-capabilities' content='ocr_page ocr_carea ocr_par ocr_line ocrx_word'/>
</head>
<body>
  <div class='ocr_page' id='page_1' title='image "./operaquaesupersu25melauoft_0291.png"; bbox 0 0 2343 2970; ppageno 0'>
   <div class='ocr_carea' id='block_1_1' title="bbox 72 189 135 221">
    <p class='ocr_par' dir='ltr' id='par_1_1' title="bbox 72 189 135 221">
     <span class='ocr_line' id='line_1_1' title="bbox 72 189 135 221; baseline -0.032 0"><span class='ocrx_word' id='word_1_1' title='bbox 72 189 135 221; x_wconf 82' lang='lat'>557</span> 
     </span>
    </p>
   </div>
   <div class='ocr_carea' id='block_1_2' title="bbox 71 279 1054 669">
    <p class='ocr_par' dir='ltr' id='par_1_2' title="bbox 71 279 1054 669">
     <span class='ocr_line' id='line_1_2' title="bbox 71 279 1053 324; baseline -0.004 -9"><span class='ocrx_word' id='word_1_2' title='bbox 71 289 163 315; x_wconf 84' lang='lat' dir='ltr'>ratus</span> <span class='ocrx_word' id='word_1_3' title='bbox 196 282 450 324; x_wconf 86' lang='lat' dir='ltr'>impudentiam,</span> <span class='ocrx_word' id='word_1_4' title='bbox 483 282 631 323; x_wconf 87' lang='lat' dir='ltr'>quaerit:</span> <span class='ocrx_word' id='word_1_5' title='bbox 667 290 770 323; x_wconf 85' lang='lat' dir='ltr'>quare</span> <span class='ocrx_word' id='word_1_6' title='bbox 799 279 899 312; x_wconf 73' lang='lat' dir='ltr'>vultis</span> <span class='ocrx_word' id='word_1_7' title='bbox 924 279 1053 311; x_wconf 85' lang='lat' dir='ltr'>extrahi</span> 
     </span>
     <span class='ocr_line' id='line_1_3' title="bbox 72 325 1054 366; baseline -0.004 -8"><span class='ocrx_word' id='word_1_8' title='bbox 72 337 145 358; x_wconf 87' lang='lat' dir='ltr'>eum</span> <span class='ocrx_word' id='word_1_9' title='bbox 168 336 188 357; x_wconf 89' lang='lat' dir='ltr'>a</span> <span class='ocrx_word' id='word_1_10' title='bbox 210 326 355 357; x_wconf 73' lang='lat' dir='ltr'>nostris?</span> <span class='ocrx_word' id='word_1_11' title='bbox 374 325 471 366; x_wconf 89' lang='lat' dir='ltr'>quia,</span> <span class='ocrx_word' id='word_1_12' title='bbox 495 326 665 366; x_wconf 73' lang='lat' dir='ltr'>inquiunt,</span> <span class='ocrx_word' id='word_1_13' title='bbox 689 334 751 354; x_wconf 90' lang='lat' dir='ltr'>nos</span> <span class='ocrx_word' id='word_1_14' title='bbox 775 333 948 354; x_wconf 76' lang='lat' dir='ltr'>servamus</span> <span class='ocrx_word' id='word_1_15' title='bbox 972 325 1054 354; x_wconf 86' lang='lat' dir='ltr'>Sab-</span> 
     </span>
     <span class='ocr_line' id='line_1_4' title="bbox 72 366 1053 410; baseline -0.005 -9"><span class='ocrx_word' id='word_1_16' title='bbox 72 370 195 402; x_wconf 84' lang='lat' dir='ltr'>batum.</span> <span class='ocrx_word' id='word_1_17' title='bbox 239 369 426 410; x_wconf 79' lang='lat' dir='ltr'>Episcopus</span> <span class='ocrx_word' id='word_1_18' title='bbox 448 369 568 409; x_wconf 85' lang='lat' dir='ltr'>inquit:</span> <span class='ocrx_word' id='word_1_19' title='bbox 591 367 633 398; x_wconf 70' lang='lat' dir='ltr'>&#39;Et</span> <span class='ocrx_word' id='word_1_20' title='bbox 658 377 720 408; x_wconf 86' lang='lat' dir='ltr'>ego</span> <span class='ocrx_word' id='word_1_21' title='bbox 755 366 937 407; x_wconf 79' lang='lat' dir='ltr'>prohibebo</span> <span class='ocrx_word' id='word_1_22' title='bbox 972 367 1053 397; x_wconf 87' lang='lat' dir='ltr'>meis</span> 
     </span>
     <span class='ocr_line' id='line_1_5' title="bbox 74 408 1053 449; baseline -0.005 -5"><span class='ocrx_word' id='word_1_23' title='bbox 74 413 237 449; x_wconf 85' lang='lat' dir='ltr'>omnibus,</span> <span class='ocrx_word' id='word_1_24' title='bbox 260 421 302 442; x_wconf 88' lang='lat' dir='ltr'>ne</span> <span class='ocrx_word' id='word_1_25' title='bbox 325 412 357 442; x_wconf 92' lang='lat' dir='ltr'>in</span> <span class='ocrx_word' id='word_1_26' title='bbox 381 411 444 442; x_wconf 87' lang='lat' dir='ltr'>hac</span> <span class='ocrx_word' id='word_1_27' title='bbox 468 421 504 441; x_wconf 90' lang='lat' dir='ltr'>re</span> <span class='ocrx_word' id='word_1_28' title='bbox 523 410 576 442; x_wconf 92' lang='lat' dir='ltr'>vel</span> <span class='ocrx_word' id='word_1_29' title='bbox 599 411 717 448; x_wconf 87' lang='lat' dir='ltr'>hodie,</span> <span class='ocrx_word' id='word_1_30' title='bbox 742 408 795 441; x_wconf 92' lang='lat' dir='ltr'>vel</span> <span class='ocrx_word' id='word_1_31' title='bbox 820 419 894 440; x_wconf 88' lang='lat' dir='ltr'>cras</span> <span class='ocrx_word' id='word_1_32' title='bbox 920 408 1053 447; x_wconf 79' lang='lat' dir='ltr'>saciant,</span> 
     </span>
     <span class='ocr_line' id='line_1_6' title="bbox 73 453 1049 498; baseline -0.006 -11"><span class='ocrx_word' id='word_1_33' title='bbox 73 456 162 498; x_wconf 87' lang='lat' dir='ltr'>quod</span> <span class='ocrx_word' id='word_1_34' title='bbox 184 455 308 496; x_wconf 85' lang='lat' dir='ltr'>petitis:</span> <span class='ocrx_word' id='word_1_35' title='bbox 333 454 440 486; x_wconf 85' lang='lat' dir='ltr'><strong>Hodie</strong></span> <span class='ocrx_word' id='word_1_36' title='bbox 462 464 528 486; x_wconf 91' lang='lat' dir='ltr'>non</span> <span class='ocrx_word' id='word_1_37' title='bbox 553 455 650 485; x_wconf 89' lang='lat' dir='ltr'>debet</span> <span class='ocrx_word' id='word_1_38' title='bbox 673 453 765 490; x_wconf 85' lang='lat' dir='ltr'>fieri,</span> <span class='ocrx_word' id='word_1_39' title='bbox 800 453 875 493; x_wconf 89' lang='lat' dir='ltr'>quia</span> <span class='ocrx_word' id='word_1_40' title='bbox 910 458 960 482; x_wconf 90' lang='lat' dir='ltr'>est</span> <span class='ocrx_word' id='word_1_41' title='bbox 995 462 1049 482; x_wconf 85' lang='lat' dir='ltr'>ve-</span> 
     </span>
     <span class='ocr_line' id='line_1_7' title="bbox 73 495 1052 538; baseline -0.005 -8"><span class='ocrx_word' id='word_1_42' title='bbox 73 504 176 530; x_wconf 89' lang='lat' dir='ltr'>strum</span> <span class='ocrx_word' id='word_1_43' title='bbox 189 498 390 534; x_wconf 78' lang='lat' dir='ltr'>Sabbatum3</span> <span class='ocrx_word' id='word_1_44' title='bbox 415 507 490 528; x_wconf 85' lang='lat' dir='ltr'>cras</span> <span class='ocrx_word' id='word_1_45' title='bbox 513 496 696 538; x_wconf 84' lang='lat' dir='ltr'>prohibebo</span> <span class='ocrx_word' id='word_1_46' title='bbox 716 495 798 533; x_wconf 87' lang='lat' dir='ltr'>fieri,</span> <span class='ocrx_word' id='word_1_47' title='bbox 821 495 897 536; x_wconf 57' lang='lat' dir='ltr'>quia</span> <span class='ocrx_word' id='word_1_48' title='bbox 921 500 972 526; x_wconf 90' lang='lat' dir='ltr'>est</span> <span class='ocrx_word' id='word_1_49' title='bbox 996 505 1052 526; x_wconf 86' lang='lat' dir='ltr'>no-</span> 
     </span>
     <span class='ocr_line' id='line_1_8' title="bbox 73 537 1051 581; baseline -0.005 -9"><span class='ocrx_word' id='word_1_50' title='bbox 73 547 176 573; x_wconf 88' lang='lat' dir='ltr'>strum</span> <span class='ocrx_word' id='word_1_51' title='bbox 211 540 403 572; x_wconf 81' lang='lat' dir='ltr'>Sabbatum.</span> <span class='ocrx_word' id='word_1_52' title='bbox 459 540 507 571; x_wconf 85' lang='lat' dir='ltr'>lta</span> <span class='ocrx_word' id='word_1_53' title='bbox 542 541 748 581; x_wconf 83' lang='lat' dir='ltr'>cogebantur</span> <span class='ocrx_word' id='word_1_54' title='bbox 781 537 955 569; x_wconf 80' lang='lat' dir='ltr'><strong>extrahere</strong></span> <span class='ocrx_word' id='word_1_55' title='bbox 990 539 1051 579; x_wconf 91' lang='lat' dir='ltr'>ipsi</span> 
     </span>
     <span class='ocr_line' id='line_1_9' title="bbox 72 580 1052 624; baseline -0.004 -9"><span class='ocrx_word' id='word_1_56' title='bbox 72 594 157 622; x_wconf 90' lang='lat' dir='ltr'>eum,</span> <span class='ocrx_word' id='word_1_57' title='bbox 169 594 211 614; x_wconf 86' lang='lat' dir='ltr'>ne</span> <span class='ocrx_word' id='word_1_58' title='bbox 233 584 366 624; x_wconf 81' lang='lat' dir='ltr'>periret.</span> <span class='ocrx_word' id='word_1_59' title='bbox 412 583 540 614; x_wconf 76' lang='lat' dir='ltr'><strong>Accidit</strong></span> <span class='ocrx_word' id='word_1_60' title='bbox 559 583 623 614; x_wconf 89' lang='lat' dir='ltr'>hoc</span> <span class='ocrx_word' id='word_1_61' title='bbox 646 583 707 613; x_wconf 90' lang='lat' dir='ltr'>sub</span> <span class='ocrx_word' id='word_1_62' title='bbox 720 581 865 613; x_wconf 80' lang='lat' dir='ltr'>Ernesto</span> <span class='ocrx_word' id='word_1_63' title='bbox 885 580 1052 622; x_wconf 80' lang='lat' dir='ltr'>Episcopo</span> 
     </span>
     <span class='ocr_line' id='line_1_10' title="bbox 71 625 684 669; baseline -0.005 -11"><span class='ocrx_word' id='word_1_64' title='bbox 71 626 364 669; x_wconf 79' lang='lat' dir='ltr'>Magdoburgensi,</span> <span class='ocrx_word' id='word_1_65' title='bbox 387 626 482 658; x_wconf 83' lang='lat' dir='ltr'>Duce</span> <span class='ocrx_word' id='word_1_66' title='bbox 506 625 684 658; x_wconf 81' lang='lat' dir='ltr'>Saxoniae.</span> 
     </span>
    </p>
   </div>
   <div class='ocr_carea' id='block_1_3' title="bbox 73 788 1052 843">
    <p class='ocr_par' dir='ltr' id='par_1_3' title="bbox 73 788 1052 843">
     <span class='ocr_line' id='line_1_11' title="bbox 73 788 1052 843; baseline -0.004 -11"><span class='ocrx_word' id='word_1_67' title='bbox 73 792 254 843; x_wconf 79' lang='lat' dir='ltr'>Quaem,</span> <span class='ocrx_word' id='word_1_68' title='bbox 293 798 429 832; x_wconf 81' lang='lat' dir='ltr'>utrum</span> <span class='ocrx_word' id='word_1_69' title='bbox 468 790 619 830; x_wconf 81' lang='lat' dir='ltr'>curatio</span> <span class='ocrx_word' id='word_1_70' title='bbox 657 788 806 829; x_wconf 72' lang='lat' dir='ltr'>fuerint</span> <span class='ocrx_word' id='word_1_71' title='bbox 844 802 944 843; x_wconf 88' lang='lat' dir='ltr'>opus</span> <span class='ocrx_word' id='word_1_72' title='bbox 975 802 1052 843; x_wconf 90' lang='lat' dir='ltr'>pu-</span> 
     </span>
    </p>
   </div>
   <div class='ocr_carea' id='block_1_4' title="bbox 70 865 1052 1179">
    <p class='ocr_par' dir='ltr' id='par_1_4' title="bbox 70 865 1052 1179">
     <span class='ocr_line' id='line_1_12' title="bbox 146 865 973 924; baseline -0.004 -14"><span class='ocrx_word' id='word_1_73' title='bbox 146 884 275 924; x_wconf 84' lang='lat' dir='ltr'>gnans</span> <span class='ocrx_word' id='word_1_74' title='bbox 307 882 397 908; x_wconf 91' lang='lat' dir='ltr'>cum</span> <span class='ocrx_word' id='word_1_75' title='bbox 429 872 647 922; x_wconf 81' lang='lat' dir='ltr'>praecepto</span> <span class='ocrx_word' id='word_1_76' title='bbox 680 866 731 906; x_wconf 88' lang='lat' dir='ltr'>de</span> <span class='ocrx_word' id='word_1_77' title='bbox 764 865 973 907; x_wconf 60' lang='lat' dir='ltr'>sabbato?</span> 
     </span>
     <span class='ocr_line' id='line_1_13' title="bbox 158 963 1052 1007; baseline -0.004 -8"><span class='ocrx_word' id='word_1_78' title='bbox 158 968 243 999; x_wconf 88' lang='lat' dir='ltr'>Non.</span> <span class='ocrx_word' id='word_1_79' title='bbox 289 967 402 998; x_wconf 83' lang='lat' dir='ltr'>Mutae</span> <span class='ocrx_word' id='word_1_80' title='bbox 426 972 501 997; x_wconf 81' lang='lat' dir='ltr'>sunt</span> <span class='ocrx_word' id='word_1_81' title='bbox 526 966 685 996; x_wconf 87' lang='lat' dir='ltr'>rationes:</span> <span class='ocrx_word' id='word_1_82' title='bbox 705 966 780 1007; x_wconf 86' lang='lat' dir='ltr'>quia</span> <span class='ocrx_word' id='word_1_83' title='bbox 805 972 855 996; x_wconf 77' lang='lat' dir='ltr'>est</span> <span class='ocrx_word' id='word_1_84' title='bbox 879 975 962 1006; x_wconf 74' lang='lat' dir='ltr'>opus</span> <span class='ocrx_word' id='word_1_85' title='bbox 976 963 1052 1003; x_wconf 85' lang='lat' dir='ltr'>Dei,</span> 
     </span>
     <span class='ocr_line' id='line_1_14' title="bbox 71 1008 1051 1051; baseline -0.005 -8"><span class='ocrx_word' id='word_1_86' title='bbox 71 1022 136 1043; x_wconf 90' lang='lat' dir='ltr'>non</span> <span class='ocrx_word' id='word_1_87' title='bbox 161 1018 212 1041; x_wconf 91' lang='lat' dir='ltr'>est</span> <span class='ocrx_word' id='word_1_88' title='bbox 225 1020 308 1051; x_wconf 87' lang='lat' dir='ltr'>opus</span> <span class='ocrx_word' id='word_1_89' title='bbox 327 1017 477 1041; x_wconf 64' lang='lat' dir='ltr'>nostrum</span> <span class='ocrx_word' id='word_1_90' title='bbox 496 1008 626 1040; x_wconf 82' lang='lat' dir='ltr'>servile.</span> <span class='ocrx_word' id='word_1_91' title='bbox 672 1009 741 1039; x_wconf 80' lang='lat' dir='ltr'>Lex</span> <span class='ocrx_word' id='word_1_92' title='bbox 765 1008 918 1050; x_wconf 86' lang='lat' dir='ltr'>prohibet</span> <span class='ocrx_word' id='word_1_93' title='bbox 932 1018 1051 1048; x_wconf 84' lang='lat' dir='ltr'>operas</span> 
     </span>
     <span class='ocr_line' id='line_1_15' title="bbox 70 1050 1051 1093; baseline -0.004 -8"><span class='ocrx_word' id='word_1_94' title='bbox 70 1054 236 1085; x_wconf 86' lang='lat' dir='ltr'>hominum</span> <span class='ocrx_word' id='word_1_95' title='bbox 264 1053 450 1084; x_wconf 72' lang='lat' dir='ltr'>manuarias</span> <span class='ocrx_word' id='word_1_96' title='bbox 481 1053 696 1093; x_wconf 70' lang='lat' dir='ltr'>impedientes</span> <span class='ocrx_word' id='word_1_97' title='bbox 723 1052 947 1082; x_wconf 84' lang='lat' dir='ltr'>ministerium.</span> <span class='ocrx_word' id='word_1_98' title='bbox 993 1050 1051 1081; x_wconf 85' lang='lat' dir='ltr'>Illa</span> 
     </span>
     <span class='ocr_line' id='line_1_16' title="bbox 72 1094 1047 1136; baseline -0.003 -8"><span class='ocrx_word' id='word_1_99' title='bbox 72 1098 196 1128; x_wconf 71' lang='lat' dir='ltr'>curatio</span> <span class='ocrx_word' id='word_1_100' title='bbox 232 1102 282 1127; x_wconf 82' lang='lat' dir='ltr'>est</span> <span class='ocrx_word' id='word_1_101' title='bbox 318 1107 401 1136; x_wconf 84' lang='lat' dir='ltr'>opus</span> <span class='ocrx_word' id='word_1_102' title='bbox 426 1096 609 1126; x_wconf 80' lang='lat' dir='ltr'>immediate</span> <span class='ocrx_word' id='word_1_103' title='bbox 634 1096 788 1125; x_wconf 80' lang='lat' dir='ltr'>divinum.</span> <span class='ocrx_word' id='word_1_104' title='bbox 822 1095 852 1126; x_wconf 79' lang='lat'>2.</span> <span class='ocrx_word' id='word_1_105' title='bbox 878 1094 936 1124; x_wconf 86' lang='lat' dir='ltr'>Est</span> <span class='ocrx_word' id='word_1_106' title='bbox 960 1095 1047 1125; x_wconf 88' lang='lat' dir='ltr'>testi-</span> 
     </span>
     <span class='ocr_line' id='line_1_17' title="bbox 70 1136 1050 1179; baseline -0.004 -8"><span class='ocrx_word' id='word_1_107' title='bbox 70 1141 213 1171; x_wconf 88' lang='lat' dir='ltr'>monium</span> <span class='ocrx_word' id='word_1_108' title='bbox 233 1140 273 1170; x_wconf 89' lang='lat' dir='ltr'>de</span> <span class='ocrx_word' id='word_1_109' title='bbox 296 1139 475 1170; x_wconf 75' lang='lat' dir='ltr'>ministerio</span> <span class='ocrx_word' id='word_1_110' title='bbox 495 1136 709 1179; x_wconf 80' lang='lat' dir='ltr'>Evangelico.</span> <span class='ocrx_word' id='word_1_111' title='bbox 754 1137 815 1168; x_wconf 79' lang='lat' dir='ltr'>Est</span> <span class='ocrx_word' id='word_1_112' title='bbox 849 1148 926 1179; x_wconf 79' lang='lat' dir='ltr'>pars</span> <span class='ocrx_word' id='word_1_113' title='bbox 962 1136 1050 1168; x_wconf 86' lang='lat' dir='ltr'>illius</span> 
     </span>
    </p>
   </div>
   <div class='ocr_carea' id='block_1_5' title="bbox 71 1193 1049 1265">
    <p class='ocr_par' dir='ltr' id='par_1_5' title="bbox 71 1193 1049 1265">
     <span class='ocr_line' id='line_1_18' title="bbox 71 1193 253 1214; baseline -0.011 0"><span class='ocrx_word' id='word_1_114' title='bbox 71 1193 253 1214; x_wconf 71' lang='lat' dir='ltr'>concionis.</span> 
     </span>
     <span class='ocr_line' id='line_1_19' title="bbox 157 1222 1049 1265; baseline -0.006 -10"><span class='ocrx_word' id='word_1_115' title='bbox 157 1225 265 1256; x_wconf 82' lang='lat' dir='ltr'>Tertia</span> <span class='ocrx_word' id='word_1_116' title='bbox 290 1225 484 1265; x_wconf 67' lang='lat' dir='ltr'>approbatio</span> <span class='ocrx_word' id='word_1_117' title='bbox 509 1229 559 1254; x_wconf 86' lang='lat' dir='ltr'>cst</span> <span class='ocrx_word' id='word_1_118' title='bbox 582 1222 682 1253; x_wconf 75' lang='lat' dir='ltr'>haec:</span> <span class='ocrx_word' id='word_1_119' title='bbox 702 1223 808 1261; x_wconf 65' lang='lat' dir='ltr'>Mayss</span> <span class='ocrx_word' id='word_1_120' title='bbox 832 1223 900 1251; x_wconf 84' lang='lat' dir='ltr'>volo</span> <span class='ocrx_word' id='word_1_121' title='bbox 933 1226 1049 1251; x_wconf 73' lang='lat' dir='ltr'>senten-</span> 
     </span>
    </p>
   </div>
   <div class='ocr_carea' id='block_1_6' title="bbox 64 1266 1050 2683">
    <p class='ocr_par' dir='ltr' id='par_1_6' title="bbox 64 1266 1050 2081">
     <span class='ocr_line' id='line_1_20' title="bbox 71 1266 1048 1307; baseline -0.005 -9"><span class='ocrx_word' id='word_1_122' title='bbox 71 1270 145 1298; x_wconf 75' lang='lat' dir='ltr'>tiam</span> <span class='ocrx_word' id='word_1_123' title='bbox 162 1269 234 1305; x_wconf 74' lang='lat' dir='ltr'>Dei,</span> <span class='ocrx_word' id='word_1_124' title='bbox 257 1278 346 1307; x_wconf 74' lang='lat' dir='ltr'>quum</span> <span class='ocrx_word' id='word_1_125' title='bbox 369 1267 597 1296; x_wconf 73' lang='lat' dir='ltr'>holm-austum:</span> <span class='ocrx_word' id='word_1_126' title='bbox 620 1271 649 1295; x_wconf 71' lang='lat' dir='ltr'>rc</span> <span class='ocrx_word' id='word_1_127' title='bbox 672 1266 917 1295; x_wconf 66' lang='lat' dir='ltr'>&#39;misericordiam</span> <span class='ocrx_word' id='word_1_128' title='bbox 940 1267 1048 1305; x_wconf 79' lang='lat' dir='ltr'>mayis,</span> 
     </span>
     <span class='ocr_line' id='line_1_21' title="bbox 70 1309 1048 1351; baseline 0 -11"><span class='ocrx_word' id='word_1_129' title='bbox 70 1322 158 1351; x_wconf 77' lang='lat' dir='ltr'>qnam</span> <span class='ocrx_word' id='word_1_130' title='bbox 181 1312 266 1340; x_wconf 70' lang='lat' dir='ltr'>sacri</span> <span class='ocrx_word' id='word_1_131' title='bbox 287 1312 346 1340; x_wconf 66' lang='grc' dir='ltr'><em>ι-ίιι.</em></span> <span class='ocrx_word' id='word_1_132' title='bbox 394 1310 500 1349; x_wconf 72' lang='lat' dir='ltr'>lllayis</span> <span class='ocrx_word' id='word_1_133' title='bbox 526 1310 596 1338; x_wconf 80' lang='lat' dir='ltr'>volo</span> <span class='ocrx_word' id='word_1_134' title='bbox 627 1310 788 1337; x_wconf 69' lang='lat' dir='ltr'>seientiam</span> <span class='ocrx_word' id='word_1_135' title='bbox 819 1309 898 1343; x_wconf 75' lang='lat' dir='ltr'>Dee&#39;3</span> <span class='ocrx_word' id='word_1_136' title='bbox 930 1310 961 1339; x_wconf 75' lang='lat' dir='ltr'>itl</span> <span class='ocrx_word' id='word_1_137' title='bbox 985 1315 1048 1347; x_wconf 79' lang='lat' dir='ltr'>est,</span> 
     </span>
     <span class='ocr_line' id='line_1_22' title="bbox 72 1352 1050 1395; baseline -0.003 -10"><span class='ocrx_word' id='word_1_138' title='bbox 72 1355 292 1395; x_wconf 81' lang='lat' dir='ltr'>cognitionem</span> <span class='ocrx_word' id='word_1_139' title='bbox 318 1364 426 1383; x_wconf 74' lang='lat' dir='ltr'>veram</span> <span class='ocrx_word' id='word_1_140' title='bbox 452 1354 492 1382; x_wconf 85' lang='lat' dir='ltr'>‹ie</span> <span class='ocrx_word' id='word_1_141' title='bbox 515 1352 611 1389; x_wconf 87' lang='lat' dir='ltr'>Deo,</span> <span class='ocrx_word' id='word_1_142' title='bbox 645 1362 705 1382; x_wconf 84' lang='lat' dir='ltr'>scu</span> <span class='ocrx_word' id='word_1_143' title='bbox 729 1362 830 1392; x_wconf 80' lang='lat' dir='ltr'>opera</span> <span class='ocrx_word' id='word_1_144' title='bbox 852 1353 979 1392; x_wconf 82' lang='lat' dir='ltr'>primae</span> <span class='ocrx_word' id='word_1_145' title='bbox 1002 1357 1050 1382; x_wconf 81' lang='lat' dir='ltr'>ta-</span> 
     </span>
     <span class='ocr_line' id='line_1_23' title="bbox 71 1395 1049 1438; baseline -0.003 -10"><span class='ocrx_word' id='word_1_146' title='bbox 71 1398 178 1428; x_wconf 86' lang='lat' dir='ltr'>bulae.</span> <span class='ocrx_word' id='word_1_147' title='bbox 224 1398 332 1438; x_wconf 75' lang='lat' dir='ltr'>Magis</span> <span class='ocrx_word' id='word_1_148' title='bbox 358 1395 434 1427; x_wconf 83' lang='lat' dir='ltr'>volo</span> <span class='ocrx_word' id='word_1_149' title='bbox 461 1396 731 1433; x_wconf 81' lang='lat' dir='ltr'>misericordiam,</span> <span class='ocrx_word' id='word_1_150' title='bbox 756 1404 857 1434; x_wconf 86' lang='lat' dir='ltr'>opera</span> <span class='ocrx_word' id='word_1_151' title='bbox 881 1395 1049 1426; x_wconf 81' lang='lat' dir='ltr'>secundae</span> 
     </span>
     <span class='ocr_line' id='line_1_24' title="bbox 69 1437 1048 1479; baseline -0.001 -9"><span class='ocrx_word' id='word_1_152' title='bbox 69 1438 214 1471; x_wconf 85' lang='lat' dir='ltr'>tabulae.</span> <span class='ocrx_word' id='word_1_153' title='bbox 238 1437 490 1479; x_wconf 84' lang='lat' dir='ltr'>Deuspostulat</span> <span class='ocrx_word' id='word_1_154' title='bbox 512 1445 587 1469; x_wconf 87' lang='lat' dir='ltr'>ante</span> <span class='ocrx_word' id='word_1_155' title='bbox 612 1438 720 1468; x_wconf 84' lang='lat' dir='ltr'>onmia</span> <span class='ocrx_word' id='word_1_156' title='bbox 744 1443 776 1467; x_wconf 89' lang='lat' dir='ltr'>et</span> <span class='ocrx_word' id='word_1_157' title='bbox 800 1447 880 1478; x_wconf 86' lang='lat' dir='ltr'>prae</span> <span class='ocrx_word' id='word_1_158' title='bbox 896 1438 1048 1469; x_wconf 87' lang='lat' dir='ltr'>omnibus</span> 
     </span>
     <span class='ocr_line' id='line_1_25' title="bbox 68 1479 1047 1522; baseline -0.002 -9"><span class='ocrx_word' id='word_1_159' title='bbox 68 1483 254 1514; x_wconf 87' lang='lat' dir='ltr'>interiorem</span> <span class='ocrx_word' id='word_1_160' title='bbox 279 1482 510 1519; x_wconf 87' lang='lat' dir='ltr'>obedientiam,</span> <span class='ocrx_word' id='word_1_161' title='bbox 531 1491 616 1522; x_wconf 86' lang='lat' dir='ltr'>quae</span> <span class='ocrx_word' id='word_1_162' title='bbox 639 1486 690 1511; x_wconf 82' lang='lat' dir='ltr'>est</span> <span class='ocrx_word' id='word_1_163' title='bbox 714 1479 781 1517; x_wconf 78' lang='lat' dir='ltr'>lux,</span> <span class='ocrx_word' id='word_1_164' title='bbox 795 1491 860 1521; x_wconf 82' lang='lat' dir='ltr'>qua</span> <span class='ocrx_word' id='word_1_165' title='bbox 883 1481 1047 1511; x_wconf 74' lang='lat' dir='ltr'>cernimus</span> 
     </span>
     <span class='ocr_line' id='line_1_26' title="bbox 68 1523 1048 1565; baseline -0.004 -9"><span class='ocrx_word' id='word_1_166' title='bbox 68 1525 190 1556; x_wconf 87' lang='lat' dir='ltr'>Demn:</span> <span class='ocrx_word' id='word_1_167' title='bbox 213 1531 245 1556; x_wconf 89' lang='lat' dir='ltr'>et</span> <span class='ocrx_word' id='word_1_168' title='bbox 269 1530 318 1555; x_wconf 82' lang='lat' dir='ltr'>est</span> <span class='ocrx_word' id='word_1_169' title='bbox 340 1535 420 1556; x_wconf 83' lang='lat' dir='ltr'>vera</span> <span class='ocrx_word' id='word_1_170' title='bbox 444 1523 575 1555; x_wconf 88' lang='lat' dir='ltr'>dilectio</span> <span class='ocrx_word' id='word_1_171' title='bbox 595 1523 658 1554; x_wconf 86' lang='lat' dir='ltr'>Dei</span> <span class='ocrx_word' id='word_1_172' title='bbox 682 1529 714 1554; x_wconf 89' lang='lat' dir='ltr'>et</span> <span class='ocrx_word' id='word_1_173' title='bbox 737 1524 892 1565; x_wconf 79' lang='lat' dir='ltr'>proximi:</span> <span class='ocrx_word' id='word_1_174' title='bbox 921 1523 1048 1563; x_wconf 71' lang='lat' dir='ltr'>Diliyes</span> 
     </span>
     <span class='ocr_line' id='line_1_27' title="bbox 69 1566 1047 1602; baseline -0.001 -5"><span class='ocrx_word' id='word_1_175' title='bbox 69 1568 233 1597; x_wconf 68' lang='lat' dir='ltr'>Dominum</span> <span class='ocrx_word' id='word_1_176' title='bbox 266 1568 366 1597; x_wconf 81' lang='lat' dir='ltr'>Deum</span> <span class='ocrx_word' id='word_1_177' title='bbox 400 1572 481 1596; x_wconf 76' lang='lat' dir='ltr'>tumn</span> <span class='ocrx_word' id='word_1_178' title='bbox 515 1576 555 1595; x_wconf 73' lang='lat' dir='ltr'>ea:</span> <span class='ocrx_word' id='word_1_179' title='bbox 589 1570 656 1596; x_wconf 79' lang='lat' dir='ltr'>toto</span> <span class='ocrx_word' id='word_1_180' title='bbox 691 1566 786 1596; x_wconf 74' lang='lat' dir='ltr'>corde</span> <span class='ocrx_word' id='word_1_181' title='bbox 821 1570 849 1595; x_wconf 78' lang='lat' dir='ltr'>el</span> <span class='ocrx_word' id='word_1_182' title='bbox 881 1569 994 1602; x_wconf 75' lang='lat' dir='ltr'>anima,</span> <span class='ocrx_word' id='word_1_183' title='bbox 1018 1571 1047 1597; x_wconf 82' lang='lat' dir='ltr'>el</span> 
     </span>
     <span class='ocr_line' id='line_1_28' title="bbox 64 1608 1048 1651; baseline 0.001 -11"><span class='ocrx_word' id='word_1_184' title='bbox 64 1613 242 1650; x_wconf 58' lang='lat' dir='ltr'>proximum</span> <span class='ocrx_word' id='word_1_185' title='bbox 265 1612 345 1639; x_wconf 75' lang='lat' dir='ltr'>sicut</span> <span class='ocrx_word' id='word_1_186' title='bbox 368 1614 398 1639; x_wconf 80' lang='lat' dir='ltr'>te</span> <span class='ocrx_word' id='word_1_187' title='bbox 421 1611 530 1648; x_wconf 74' lang='lat' dir='ltr'>ipsum.</span> <span class='ocrx_word' id='word_1_188' title='bbox 576 1609 634 1639; x_wconf 90' lang='lat' dir='ltr'>llle</span> <span class='ocrx_word' id='word_1_189' title='bbox 659 1608 766 1640; x_wconf 89' lang='lat' dir='ltr'>cultus</span> <span class='ocrx_word' id='word_1_190' title='bbox 791 1616 842 1640; x_wconf 87' lang='lat' dir='ltr'>est</span> <span class='ocrx_word' id='word_1_191' title='bbox 863 1619 947 1651; x_wconf 85' lang='lat' dir='ltr'>opus</span> <span class='ocrx_word' id='word_1_192' title='bbox 961 1621 1048 1641; x_wconf 83' lang='lat' dir='ltr'>sum-</span> 
     </span>
     <span class='ocr_line' id='line_1_29' title="bbox 70 1652 1047 1694; baseline -0.004 -9"><span class='ocrx_word' id='word_1_193' title='bbox 70 1665 174 1690; x_wconf 87' lang='lat' dir='ltr'>mum;</span> <span class='ocrx_word' id='word_1_194' title='bbox 197 1660 228 1684; x_wconf 88' lang='lat' dir='ltr'>et</span> <span class='ocrx_word' id='word_1_195' title='bbox 253 1659 303 1684; x_wconf 84' lang='lat' dir='ltr'>est</span> <span class='ocrx_word' id='word_1_196' title='bbox 327 1652 456 1694; x_wconf 85' lang='lat' dir='ltr'>regula:</span> <span class='ocrx_word' id='word_1_197' title='bbox 487 1652 625 1681; x_wconf 78' lang='lat' dir='ltr'>Mor-alia</span> <span class='ocrx_word' id='word_1_198' title='bbox 648 1653 851 1690; x_wconf 65' lang='lat' dir='ltr'>anttferenda</span> <span class='ocrx_word' id='word_1_199' title='bbox 874 1657 944 1682; x_wconf 78' lang='lat' dir='ltr'>suut</span> <span class='ocrx_word' id='word_1_200' title='bbox 968 1663 1047 1682; x_wconf 79' lang='lat' dir='ltr'>cere-</span> 
     </span>
     <span class='ocr_line' id='line_1_30' title="bbox 69 1695 1047 1736; baseline 0.001 -10"><span class='ocrx_word' id='word_1_201' title='bbox 69 1696 271 1733; x_wconf 78' lang='lat' dir='ltr'>monialilms,</span> <span class='ocrx_word' id='word_1_202' title='bbox 306 1696 433 1726; x_wconf 82' lang='lat' dir='ltr'>scilieet</span> <span class='ocrx_word' id='word_1_203' title='bbox 464 1701 556 1726; x_wconf 83' lang='lat' dir='ltr'>extra</span> <span class='ocrx_word' id='word_1_204' title='bbox 590 1695 857 1732; x_wconf 78' lang='lat' dir='ltr'>consessionem3</span> <span class='ocrx_word' id='word_1_205' title='bbox 898 1697 975 1736; x_wconf 83' lang='lat' dir='ltr'>qnia</span> <span class='ocrx_word' id='word_1_206' title='bbox 1016 1698 1047 1727; x_wconf 90' lang='lat' dir='ltr'>in</span> 
     </span>
     <span class='ocr_line' id='line_1_31' title="bbox 70 1737 1048 1779; baseline -0.002 -8"><span class='ocrx_word' id='word_1_207' title='bbox 70 1750 152 1771; x_wconf 85' lang='lat' dir='ltr'>casu</span> <span class='ocrx_word' id='word_1_208' title='bbox 177 1739 397 1771; x_wconf 81' lang='lat' dir='ltr'>confessionis</span> <span class='ocrx_word' id='word_1_209' title='bbox 419 1737 474 1768; x_wconf 86' lang='lat' dir='ltr'>illa</span> <span class='ocrx_word' id='word_1_210' title='bbox 498 1737 751 1775; x_wconf 75' lang='lat' dir='ltr'>ceremonialia,</span> <span class='ocrx_word' id='word_1_211' title='bbox 786 1749 871 1779; x_wconf 88' lang='lat' dir='ltr'>quae</span> <span class='ocrx_word' id='word_1_212' title='bbox 900 1745 977 1769; x_wconf 84' lang='lat' dir='ltr'>sunt</span> <span class='ocrx_word' id='word_1_213' title='bbox 1001 1740 1048 1770; x_wconf 87' lang='lat' dir='ltr'>di-</span> 
     </span>
     <span class='ocr_line' id='line_1_32' title="bbox 70 1779 1048 1823; baseline -0.002 -9"><span class='ocrx_word' id='word_1_214' title='bbox 70 1784 189 1814; x_wconf 83' lang='lat' dir='ltr'>vinitus</span> <span class='ocrx_word' id='word_1_215' title='bbox 212 1787 401 1823; x_wconf 84' lang='lat' dir='ltr'>praecepta,</span> <span class='ocrx_word' id='word_1_216' title='bbox 425 1782 520 1811; x_wconf 86' lang='lat' dir='ltr'>etiam</span> <span class='ocrx_word' id='word_1_217' title='bbox 545 1780 625 1811; x_wconf 83' lang='lat' dir='ltr'>fiunt</span> <span class='ocrx_word' id='word_1_218' title='bbox 649 1779 793 1812; x_wconf 82' lang='lat' dir='ltr'>moralia.</span> <span class='ocrx_word' id='word_1_219' title='bbox 838 1782 941 1812; x_wconf 76' lang='lat' dir='ltr'>Extra</span> <span class='ocrx_word' id='word_1_220' title='bbox 960 1781 1048 1813; x_wconf 86' lang='lat' dir='ltr'>hunc</span> 
     </span>
     <span class='ocr_line' id='line_1_33' title="bbox 71 1823 1046 1863; baseline -0.002 -7"><span class='ocrx_word' id='word_1_221' title='bbox 71 1836 207 1863; x_wconf 83' lang='lat' dir='ltr'>casnm,</span> <span class='ocrx_word' id='word_1_222' title='bbox 241 1824 378 1856; x_wconf 82' lang='lat' dir='ltr'>moralia</span> <span class='ocrx_word' id='word_1_223' title='bbox 413 1823 628 1854; x_wconf 74' lang='lat' dir='ltr'>anteferenda</span> <span class='ocrx_word' id='word_1_224' title='bbox 658 1829 734 1853; x_wconf 85' lang='lat' dir='ltr'>sunt</span> <span class='ocrx_word' id='word_1_225' title='bbox 758 1823 1046 1856; x_wconf 84' lang='lat' dir='ltr'>ceremonialibus.</span> 
     </span>
     <span class='ocr_line' id='line_1_34' title="bbox 70 1865 1047 1908; baseline -0.001 -9"><span class='ocrx_word' id='word_1_226' title='bbox 70 1868 224 1899; x_wconf 82' lang='lat' dir='ltr'>Summus</span> <span class='ocrx_word' id='word_1_227' title='bbox 250 1867 358 1899; x_wconf 78' lang='lat' dir='ltr'>cultus</span> <span class='ocrx_word' id='word_1_228' title='bbox 383 1877 434 1898; x_wconf 74' lang='lat' dir='ltr'>est</span> <span class='ocrx_word' id='word_1_229' title='bbox 458 1865 567 1898; x_wconf 88' lang='lat' dir='ltr'>cultus</span> <span class='ocrx_word' id='word_1_230' title='bbox 597 1867 749 1905; x_wconf 80' lang='lat' dir='ltr'>interior,</span> <span class='ocrx_word' id='word_1_231' title='bbox 783 1867 837 1908; x_wconf 91' lang='lat' dir='ltr'>qui</span> <span class='ocrx_word' id='word_1_232' title='bbox 861 1873 912 1898; x_wconf 87' lang='lat' dir='ltr'>est</span> <span class='ocrx_word' id='word_1_233' title='bbox 935 1866 993 1898; x_wconf 83' lang='lat' dir='ltr'>lux</span> <span class='ocrx_word' id='word_1_234' title='bbox 1015 1868 1047 1898; x_wconf 92' lang='lat' dir='ltr'>in</span> 
     </span>
     <span class='ocr_line' id='line_1_35' title="bbox 69 1908 1048 1951; baseline -0.002 -8"><span class='ocrx_word' id='word_1_235' title='bbox 69 1912 171 1943; x_wconf 80' lang='lat' dir='ltr'>corde</span> <span class='ocrx_word' id='word_1_236' title='bbox 204 1921 348 1943; x_wconf 82' lang='lat' dir='ltr'>accensa</span> <span class='ocrx_word' id='word_1_237' title='bbox 380 1920 440 1951; x_wconf 87' lang='lat' dir='ltr'>per</span> <span class='ocrx_word' id='word_1_238' title='bbox 463 1910 615 1950; x_wconf 87' lang='lat' dir='ltr'>Spiritum</span> <span class='ocrx_word' id='word_1_239' title='bbox 645 1916 807 1940; x_wconf 79' lang='lat' dir='ltr'>sanctum.</span> <span class='ocrx_word' id='word_1_240' title='bbox 855 1908 971 1941; x_wconf 87' lang='lat' dir='ltr'>Cultus</span> <span class='ocrx_word' id='word_1_241' title='bbox 995 1920 1048 1941; x_wconf 91' lang='lat' dir='ltr'>ce-</span> 
     </span>
     <span class='ocr_line' id='line_1_36' title="bbox 69 1952 1048 1990; baseline 0 -6"><span class='ocrx_word' id='word_1_242' title='bbox 69 1955 289 1986; x_wconf 81' lang='lat' dir='ltr'>remoniarum</span> <span class='ocrx_word' id='word_1_243' title='bbox 310 1958 517 1985; x_wconf 77' lang='lat' dir='ltr'>externarum</span> <span class='ocrx_word' id='word_1_244' title='bbox 541 1959 591 1983; x_wconf 91' lang='lat' dir='ltr'>est</span> <span class='ocrx_word' id='word_1_245' title='bbox 615 1952 768 1990; x_wconf 79' lang='lat' dir='ltr'>inferior,</span> <span class='ocrx_word' id='word_1_246' title='bbox 799 1958 830 1984; x_wconf 89' lang='lat' dir='ltr'>et</span> <span class='ocrx_word' id='word_1_247' title='bbox 859 1959 967 1984; x_wconf 88' lang='lat' dir='ltr'>tamen</span> <span class='ocrx_word' id='word_1_248' title='bbox 991 1954 1048 1984; x_wconf 87' lang='lat' dir='ltr'>mi-</span> 
     </span>
     <span class='ocr_line' id='line_1_37' title="bbox 70 1995 1047 2028; baseline -0.001 -1"><span class='ocrx_word' id='word_1_249' title='bbox 70 1997 195 2028; x_wconf 83' lang='lat' dir='ltr'>nisterii</span> <span class='ocrx_word' id='word_1_250' title='bbox 219 2007 338 2028; x_wconf 85' lang='lat' dir='ltr'>caussa</span> <span class='ocrx_word' id='word_1_251' title='bbox 362 1996 553 2027; x_wconf 79' lang='lat' dir='ltr'>retinendus</span> <span class='ocrx_word' id='word_1_252' title='bbox 581 2002 633 2027; x_wconf 85' lang='lat' dir='ltr'>est</span> <span class='ocrx_word' id='word_1_253' title='bbox 663 1996 758 2027; x_wconf 87' lang='lat' dir='ltr'>etiam</span> <span class='ocrx_word' id='word_1_254' title='bbox 784 1996 837 2027; x_wconf 89' lang='lat' dir='ltr'>hie</span> <span class='ocrx_word' id='word_1_255' title='bbox 861 1995 970 2027; x_wconf 89' lang='lat' dir='ltr'>cultus</span> <span class='ocrx_word' id='word_1_256' title='bbox 994 2006 1047 2027; x_wconf 79' lang='lat' dir='ltr'>ex-</span> 
     </span>
     <span class='ocr_line' id='line_1_38' title="bbox 71 2040 434 2081; baseline -0.003 -11"><span class='ocrx_word' id='word_1_257' title='bbox 71 2040 172 2070; x_wconf 83' lang='lat' dir='ltr'>terior</span> <span class='ocrx_word' id='word_1_258' title='bbox 194 2051 254 2081; x_wconf 88' lang='lat' dir='ltr'>pro</span> <span class='ocrx_word' id='word_1_259' title='bbox 277 2046 434 2080; x_wconf 86' lang='lat' dir='ltr'>tempore.</span> 
     </span>
    </p>

    <p class='ocr_par' dir='ltr' id='par_1_7' title="bbox 69 2080 1047 2549">
     <span class='ocr_line' id='line_1_39' title="bbox 157 2080 1047 2124; baseline 0.001 -12"><span class='ocrx_word' id='word_1_260' title='bbox 157 2081 331 2124; x_wconf 81' lang='lat' dir='ltr'>Cogitante</span> <span class='ocrx_word' id='word_1_261' title='bbox 353 2093 418 2112; x_wconf 86' lang='lat' dir='ltr'>non</span> <span class='ocrx_word' id='word_1_262' title='bbox 442 2092 519 2113; x_wconf 87' lang='lat' dir='ltr'>esse</span> <span class='ocrx_word' id='word_1_263' title='bbox 542 2080 739 2113; x_wconf 79' lang='lat' dir='ltr'>laudandam</span> <span class='ocrx_word' id='word_1_264' title='bbox 765 2081 971 2123; x_wconf 64' lang='lat' dir='ltr'>cyclopicam</span> <span class='ocrx_word' id='word_1_265' title='bbox 1000 2082 1047 2114; x_wconf 85' lang='lat' dir='ltr'>fe-</span> 
     </span>
     <span class='ocr_line' id='line_1_40' title="bbox 70 2123 1047 2166; baseline 0.001 -11"><span class='ocrx_word' id='word_1_266' title='bbox 70 2125 200 2156; x_wconf 83' lang='lat' dir='ltr'>ritatem</span> <span class='ocrx_word' id='word_1_267' title='bbox 223 2123 408 2162; x_wconf 76' lang='lat' dir='ltr'>multorum,</span> <span class='ocrx_word' id='word_1_268' title='bbox 427 2126 481 2166; x_wconf 87' lang='lat' dir='ltr'>qui</span> <span class='ocrx_word' id='word_1_269' title='bbox 504 2124 584 2156; x_wconf 86' lang='lat' dir='ltr'>nihil</span> <span class='ocrx_word' id='word_1_270' title='bbox 608 2130 723 2157; x_wconf 83' lang='lat' dir='ltr'>curant</span> <span class='ocrx_word' id='word_1_271' title='bbox 758 2126 946 2156; x_wconf 81' lang='lat' dir='ltr'>discrimina</span> <span class='ocrx_word' id='word_1_272' title='bbox 982 2126 1047 2156; x_wconf 91' lang='lat' dir='ltr'>die-</span> 
     </span>
     <span class='ocr_line' id='line_1_41' title="bbox 69 2167 1045 2209; baseline 0 -10"><span class='ocrx_word' id='word_1_273' title='bbox 69 2179 152 2202; x_wconf 86' lang='lat' dir='ltr'>rum,</span> <span class='ocrx_word' id='word_1_274' title='bbox 176 2168 242 2209; x_wconf 77' lang='lat' dir='ltr'>qui,</span> <span class='ocrx_word' id='word_1_275' title='bbox 266 2174 441 2209; x_wconf 74' lang='lat' dir='ltr'>postquam</span> <span class='ocrx_word' id='word_1_276' title='bbox 475 2169 671 2199; x_wconf 87' lang='lat' dir='ltr'>audiverunt</span> <span class='ocrx_word' id='word_1_277' title='bbox 705 2169 746 2199; x_wconf 89' lang='lat' dir='ltr'>de</span> <span class='ocrx_word' id='word_1_278' title='bbox 780 2167 931 2199; x_wconf 86' lang='lat' dir='ltr'>libertate</span> <span class='ocrx_word' id='word_1_279' title='bbox 955 2168 1045 2199; x_wconf 87' lang='lat' dir='ltr'>Chri-</span> 
     </span>
     <span class='ocr_line' id='line_1_42' title="bbox 71 2210 1047 2253; baseline 0.001 -12"><span class='ocrx_word' id='word_1_280' title='bbox 71 2212 188 2248; x_wconf 62' lang='lat' dir='ltr'>stianzt.</span> <span class='ocrx_word' id='word_1_281' title='bbox 202 2210 373 2252; x_wconf 79' lang='lat' dir='ltr'>negligunt</span> <span class='ocrx_word' id='word_1_282' title='bbox 397 2211 592 2251; x_wconf 83' lang='lat' dir='ltr'>petulanter,</span> <span class='ocrx_word' id='word_1_283' title='bbox 605 2217 635 2242; x_wconf 87' lang='lat' dir='ltr'>et</span> <span class='ocrx_word' id='word_1_284' title='bbox 660 2222 733 2242; x_wconf 87' lang='lat' dir='ltr'>cum</span> <span class='ocrx_word' id='word_1_285' title='bbox 757 2218 944 2253; x_wconf 82' lang='lat' dir='ltr'>contemptu</span> <span class='ocrx_word' id='word_1_286' title='bbox 969 2223 1047 2243; x_wconf 92' lang='lat' dir='ltr'>con-</span> 
     </span>
     <span class='ocr_line' id='line_1_43' title="bbox 70 2254 1047 2297; baseline 0.001 -12"><span class='ocrx_word' id='word_1_287' title='bbox 70 2259 188 2285; x_wconf 82' lang='lat' dir='ltr'>ventus</span> <span class='ocrx_word' id='word_1_288' title='bbox 211 2255 253 2284; x_wconf 84' lang='lat' dir='ltr'>ad</span> <span class='ocrx_word' id='word_1_289' title='bbox 277 2255 455 2284; x_wconf 76' lang='lat' dir='ltr'>conciones</span> <span class='ocrx_word' id='word_1_290' title='bbox 479 2259 511 2284; x_wconf 92' lang='lat' dir='ltr'>et</span> <span class='ocrx_word' id='word_1_291' title='bbox 529 2256 760 2295; x_wconf 82' lang='lat' dir='ltr'>precationem.</span> <span class='ocrx_word' id='word_1_292' title='bbox 806 2255 866 2286; x_wconf 79' lang='lat' dir='ltr'>Est</span> <span class='ocrx_word' id='word_1_293' title='bbox 879 2254 1047 2297; x_wconf 78' lang='lat' dir='ltr'>singulare</span> 
     </span>
     <span class='ocr_line' id='line_1_44' title="bbox 71 2296 1046 2340; baseline 0.003 -14"><span class='ocrx_word' id='word_1_294' title='bbox 71 2296 266 2327; x_wconf 70' lang='lat' dir='ltr'>beneficium</span> <span class='ocrx_word' id='word_1_295' title='bbox 290 2297 375 2334; x_wconf 90' lang='lat' dir='ltr'>Dei,</span> <span class='ocrx_word' id='word_1_296' title='bbox 411 2296 499 2338; x_wconf 91' lang='lat' dir='ltr'>quod</span> <span class='ocrx_word' id='word_1_297' title='bbox 534 2304 711 2329; x_wconf 77' lang='lat' dir='ltr'>conservat</span> <span class='ocrx_word' id='word_1_298' title='bbox 733 2296 818 2329; x_wconf 84' lang='lat' dir='ltr'>tales</span> <span class='ocrx_word' id='word_1_299' title='bbox 843 2308 1046 2340; x_wconf 75' lang='lat' dir='ltr'>congressus</span> 
     </span>
     <span class='ocr_line' id='line_1_45' title="bbox 71 2337 1045 2382; baseline 0.004 -14"><span class='ocrx_word' id='word_1_300' title='bbox 71 2337 230 2369; x_wconf 68' lang='lat' dir='ltr'>honestos</span> <span class='ocrx_word' id='word_1_301' title='bbox 253 2338 406 2380; x_wconf 87' lang='lat' dir='ltr'>publicos</span> <span class='ocrx_word' id='word_1_302' title='bbox 430 2340 460 2370; x_wconf 91' lang='lat' dir='ltr'>in</span> <span class='ocrx_word' id='word_1_303' title='bbox 479 2349 601 2380; x_wconf 79' lang='lat' dir='ltr'>genere</span> <span class='ocrx_word' id='word_1_304' title='bbox 613 2341 767 2372; x_wconf 83' lang='lat' dir='ltr'>humano.</span> <span class='ocrx_word' id='word_1_305' title='bbox 816 2340 1045 2382; x_wconf 81' lang='lat' dir='ltr'>Propterillos</span> 
     </span>
     <span class='ocr_line' id='line_1_46' title="bbox 73 2381 1045 2425; baseline 0.003 -13"><span class='ocrx_word' id='word_1_306' title='bbox 73 2391 276 2422; x_wconf 76' lang='lat' dir='ltr'>congressus</span> <span class='ocrx_word' id='word_1_307' title='bbox 306 2387 419 2413; x_wconf 73' lang='lat' dir='ltr'>servat</span> <span class='ocrx_word' id='word_1_308' title='bbox 452 2381 593 2423; x_wconf 84' lang='lat' dir='ltr'>politias.</span> <span class='ocrx_word' id='word_1_309' title='bbox 638 2383 679 2415; x_wconf 84' lang='lat' dir='ltr'>Et</span> <span class='ocrx_word' id='word_1_310' title='bbox 711 2394 813 2425; x_wconf 83' lang='lat' dir='ltr'>saepe</span> <span class='ocrx_word' id='word_1_311' title='bbox 847 2386 878 2416; x_wconf 89' lang='lat' dir='ltr'>in</span> <span class='ocrx_word' id='word_1_312' title='bbox 905 2383 1045 2415; x_wconf 79' lang='lat' dir='ltr'>Psalmis</span> 
     </span>
     <span class='ocr_line' id='line_1_47' title="bbox 73 2425 1047 2469; baseline 0.002 -14"><span class='ocrx_word' id='word_1_313' title='bbox 73 2425 344 2455; x_wconf 81' lang='lat' dir='ltr'>commendantur</span> <span class='ocrx_word' id='word_1_314' title='bbox 371 2425 466 2456; x_wconf 82' lang='lat' dir='ltr'>nobis</span> <span class='ocrx_word' id='word_1_315' title='bbox 497 2433 681 2458; x_wconf 90' lang='lat' dir='ltr'>conventus</span> <span class='ocrx_word' id='word_1_316' title='bbox 705 2427 843 2469; x_wconf 86' lang='lat' dir='ltr'>publici:</span> <span class='ocrx_word' id='word_1_317' title='bbox 888 2429 925 2456; x_wconf 80' lang='lat' dir='ltr'>In</span> <span class='ocrx_word' id='word_1_318' title='bbox 944 2428 1047 2457; x_wconf 77' lang='lat' dir='ltr'>media</span> 
     </span>
     <span class='ocr_line' id='line_1_48' title="bbox 72 2466 1047 2511; baseline 0.006 -16"><span class='ocrx_word' id='word_1_319' title='bbox 72 2466 217 2496; x_wconf 76' lang='lat' dir='ltr'>Ecclesia</span> <span class='ocrx_word' id='word_1_320' title='bbox 240 2467 376 2497; x_wconf 81' lang='lat' dir='ltr'>laudabo</span> <span class='ocrx_word' id='word_1_321' title='bbox 400 2472 438 2497; x_wconf 78' lang='lat' dir='ltr'>te.</span> <span class='ocrx_word' id='word_1_322' title='bbox 483 2470 576 2507; x_wconf 88' lang='lat' dir='ltr'>Item,</span> <span class='ocrx_word' id='word_1_323' title='bbox 608 2470 644 2498; x_wconf 82' lang='lat' dir='ltr'>In</span> <span class='ocrx_word' id='word_1_324' title='bbox 674 2471 883 2500; x_wconf 74' lang='lat' dir='ltr'>conveniendo</span> <span class='ocrx_word' id='word_1_325' title='bbox 908 2471 1047 2511; x_wconf 80' lang='lat' dir='ltr'>populos</span> 
     </span>
     <span class='ocr_line' id='line_1_49' title="bbox 72 2512 758 2549; baseline 0.01 -11"><span class='ocrx_word' id='word_1_326' title='bbox 72 2513 102 2539; x_wconf 77' lang='lat' dir='ltr'>et</span> <span class='ocrx_word' id='word_1_327' title='bbox 119 2519 208 2549; x_wconf 72' lang='lat' dir='ltr'>reyes</span> <span class='ocrx_word' id='word_1_328' title='bbox 229 2512 261 2539; x_wconf 83' lang='lat' dir='ltr'>in</span> <span class='ocrx_word' id='word_1_329' title='bbox 283 2520 382 2547; x_wconf 80' lang='lat' dir='ltr'>unu-m,</span> <span class='ocrx_word' id='word_1_330' title='bbox 400 2514 434 2540; x_wconf 76' lang='lat' dir='ltr'>ui</span> <span class='ocrx_word' id='word_1_331' title='bbox 457 2513 590 2541; x_wconf 78' lang='lat' dir='ltr'>serviant</span> <span class='ocrx_word' id='word_1_332' title='bbox 612 2513 758 2545; x_wconf 75' lang='lat' dir='ltr'>Domino.</span> 
     </span>
    </p>

    <p class='ocr_par' dir='ltr' id='par_1_8' title="bbox 71 2553 1048 2683">
     <span class='ocr_line' id='line_1_50' title="bbox 158 2553 1047 2596; baseline 0.006 -12"><span class='ocrx_word' id='word_1_333' title='bbox 158 2553 262 2585; x_wconf 86' lang='lat' dir='ltr'>Estne</span> <span class='ocrx_word' id='word_1_334' title='bbox 284 2554 387 2585; x_wconf 82' lang='lat' dir='ltr'>oratio</span> <span class='ocrx_word' id='word_1_335' title='bbox 411 2564 578 2596; x_wconf 80' lang='lat' dir='ltr'>congrua:</span> <span class='ocrx_word' id='word_1_336' title='bbox 600 2556 637 2585; x_wconf 86' lang='lat' dir='ltr'>In</span> <span class='ocrx_word' id='word_1_337' title='bbox 661 2558 869 2587; x_wconf 80' lang='lat' dir='ltr'>conveniendo</span> <span class='ocrx_word' id='word_1_338' title='bbox 887 2557 1047 2596; x_wconf 74' lang='lat' dir='ltr'>populos?</span> 
     </span>
     <span class='ocr_line' id='line_1_51' title="bbox 71 2595 1048 2643; baseline 0.004 -16"><span class='ocrx_word' id='word_1_339' title='bbox 71 2595 147 2627; x_wconf 89' lang='lat' dir='ltr'>Non</span> <span class='ocrx_word' id='word_1_340' title='bbox 171 2603 221 2627; x_wconf 84' lang='lat' dir='ltr'>est</span> <span class='ocrx_word' id='word_1_341' title='bbox 245 2607 404 2639; x_wconf 81' lang='lat' dir='ltr'>congrua,</span> <span class='ocrx_word' id='word_1_342' title='bbox 428 2599 487 2628; x_wconf 83' lang='lat' dir='ltr'>sed</span> <span class='ocrx_word' id='word_1_343' title='bbox 511 2604 561 2629; x_wconf 71' lang='lat' dir='ltr'>est</span> <span class='ocrx_word' id='word_1_344' title='bbox 584 2599 771 2639; x_wconf 85' lang='lat' dir='ltr'>soloccum,</span> <span class='ocrx_word' id='word_1_345' title='bbox 803 2602 890 2643; x_wconf 87' lang='lat' dir='ltr'>quod</span> <span class='ocrx_word' id='word_1_346' title='bbox 915 2599 1048 2642; x_wconf 81' lang='lat' dir='ltr'>reliquit</span> 
     </span>
     <span class='ocr_line' id='line_1_52' title="bbox 71 2639 1046 2683; baseline 0.004 -13"><span class='ocrx_word' id='word_1_347' title='bbox 71 2639 233 2680; x_wconf 79' lang='lat' dir='ltr'>interpres</span> <span class='ocrx_word' id='word_1_348' title='bbox 275 2650 316 2672; x_wconf 86' lang='lat' dir='ltr'>ex</span> <span class='ocrx_word' id='word_1_349' title='bbox 350 2640 481 2672; x_wconf 84' lang='lat' dir='ltr'>Graeco</span> <span class='ocrx_word' id='word_1_350' title='bbox 515 2648 726 2674; x_wconf 79' lang='lat' dir='ltr'>convertens:</span> <span class='ocrx_word' id='word_1_351' title='bbox 770 2643 808 2673; x_wconf 76' lang='grc' dir='ltr'><strong>1η</strong></span> <span class='ocrx_word' id='word_1_352' title='bbox 839 2643 1046 2683; x_wconf 54' lang='lat' dir='ltr'>percutiendo</span> 
     </span>
    </p>
   </div>
   <div class='ocr_carea' id='block_1_7' title="bbox 755 185 1398 217">
    <p class='ocr_par' dir='ltr' id='par_1_9' title="bbox 755 185 1398 217">
     <span class='ocr_line' id='line_1_53' title="bbox 755 185 1398 217; baseline -0.002 0"><span class='ocrx_word' id='word_1_353' title='bbox 755 185 971 217; x_wconf 88' lang='lat' dir='ltr'>POSTILLA</span> <span class='ocrx_word' id='word_1_354' title='bbox 994 185 1398 217; x_wconf 79' lang='lat' dir='ltr'>MELANTHONIANA.</span> 
     </span>
    </p>
   </div>
   <div class='ocr_carea' id='block_1_8' title="bbox 1069 1381 1077 2679">
    <p class='ocr_par' dir='ltr' id='par_1_10' title="bbox 1069 1381 1077 2679">
     <span class='ocr_line' id='line_1_54' title="bbox 1069 1381 1077 2679; textangle 90"><span class='ocrx_word' id='word_1_355' title='bbox 1069 1381 1077 2679; x_wconf 61' lang='lat'>—.——-——.—.-———-—-—-—</span> 
     </span>
    </p>
   </div>
   <div class='ocr_carea' id='block_1_9' title="bbox 2017 184 2081 217">
    <p class='ocr_par' dir='ltr' id='par_1_11' title="bbox 2017 184 2081 217">
     <span class='ocr_line' id='line_1_55' title="bbox 2017 184 2081 217; baseline 0.031 -2"><span class='ocrx_word' id='word_1_356' title='bbox 2017 184 2081 217; x_wconf 88' lang='lat'>558</span> 
     </span>
    </p>
   </div>
   <div class='ocr_carea' id='block_1_10' title="bbox 1105 279 2085 666">
    <p class='ocr_par' dir='ltr' id='par_1_12' title="bbox 1105 279 2085 666">
     <span class='ocr_line' id='line_1_56' title="bbox 1107 279 2083 319; baseline -0.001 -10"><span class='ocrx_word' id='word_1_357' title='bbox 1107 282 1245 318; x_wconf 74' lang='lat' dir='ltr'>amicum,</span> <span class='ocrx_word' id='word_1_358' title='bbox 1269 280 1380 310; x_wconf 76' lang='lat' dir='ltr'>kanstu</span> <span class='ocrx_word' id='word_1_359' title='bbox 1402 289 1520 319; x_wconf 65' lang='lat' dir='ltr'>saffen;</span> <span class='ocrx_word' id='word_1_360' title='bbox 1555 280 1598 309; x_wconf 74' lang='lat' dir='ltr'>(In</span> <span class='ocrx_word' id='word_1_361' title='bbox 1631 284 1719 319; x_wconf 73' lang='lat' dir='ltr'>says!</span> <span class='ocrx_word' id='word_1_362' title='bbox 1748 280 1820 308; x_wconf 80' lang='lat' dir='ltr'>aber</span> <span class='ocrx_word' id='word_1_363' title='bbox 1843 279 1945 310; x_wconf 71' lang='lat' dir='ltr'>nieht.-</span> <span class='ocrx_word' id='word_1_364' title='bbox 1970 279 2083 308; x_wconf 75' lang='lat' dir='ltr'>Conce-</span> 
     </span>
     <span class='ocr_line' id='line_1_57' title="bbox 1105 323 2082 365; baseline -0.001 -14"><span class='ocrx_word' id='word_1_365' title='bbox 1105 325 1158 352; x_wconf 81' lang='lat' dir='ltr'>m&#39;o</span> <span class='ocrx_word' id='word_1_366' title='bbox 1179 323 1337 362; x_wconf 67' lang='lat' dir='ltr'>populum.</span> <span class='ocrx_word' id='word_1_367' title='bbox 1383 323 1442 354; x_wconf 84' lang='lat' dir='ltr'>Est</span> <span class='ocrx_word' id='word_1_368' title='bbox 1466 324 1607 365; x_wconf 82' lang='lat' dir='ltr'>positum</span> <span class='ocrx_word' id='word_1_369' title='bbox 1631 334 1691 364; x_wconf 86' lang='lat' dir='ltr'>pro</span> <span class='ocrx_word' id='word_1_370' title='bbox 1716 323 1938 360; x_wconf 72' lang='lat' dir='ltr'>coniunctim,</span> <span class='ocrx_word' id='word_1_371' title='bbox 1961 326 1993 351; x_wconf 79' lang='lat' dir='ltr'>ut</span> <span class='ocrx_word' id='word_1_372' title='bbox 2014 332 2082 351; x_wconf 63' lang='lat' dir='ltr'>‹fon-</span> 
     </span>
     <span class='ocr_line' id='line_1_58' title="bbox 1105 366 2082 406; baseline 0 -11"><span class='ocrx_word' id='word_1_373' title='bbox 1105 369 1229 396; x_wconf 76' lang='lat' dir='ltr'>veniant</span> <span class='ocrx_word' id='word_1_374' title='bbox 1251 377 1339 406; x_wconf 73' lang='lat' dir='ltr'>reyes</span> <span class='ocrx_word' id='word_1_375' title='bbox 1363 371 1391 396; x_wconf 80' lang='lat' dir='ltr'>el</span> <span class='ocrx_word' id='word_1_376' title='bbox 1412 367 1525 406; x_wconf 78' lang='lat' dir='ltr'>populi</span> <span class='ocrx_word' id='word_1_377' title='bbox 1547 368 1577 395; x_wconf 77' lang='lat'>2¹71</span> <span class='ocrx_word' id='word_1_378' title='bbox 1602 377 1701 401; x_wconf 80' lang='lat' dir='ltr'>unum,</span> <span class='ocrx_word' id='word_1_379' title='bbox 1724 370 1758 396; x_wconf 74' lang='lat' dir='ltr'>ut</span> <span class='ocrx_word' id='word_1_380' title='bbox 1780 367 1915 395; x_wconf 71' lang='lat' dir='ltr'>serviant</span> <span class='ocrx_word' id='word_1_381' title='bbox 1935 366 2082 395; x_wconf 78' lang='lat' dir='ltr'>Domino.</span> 
     </span>
     <span class='ocr_line' id='line_1_59' title="bbox 1106 408 2085 451; baseline 0 -11"><span class='ocrx_word' id='word_1_382' title='bbox 1106 409 1152 441; x_wconf 90' lang='lat' dir='ltr'>lta</span> <span class='ocrx_word' id='word_1_383' title='bbox 1177 411 1406 451; x_wconf 78' lang='lat' dir='ltr'>exponendum</span> <span class='ocrx_word' id='word_1_384' title='bbox 1431 416 1482 441; x_wconf 78' lang='lat' dir='ltr'>est</span> <span class='ocrx_word' id='word_1_385' title='bbox 1504 420 1563 450; x_wconf 88' lang='lat' dir='ltr'>per</span> <span class='ocrx_word' id='word_1_386' title='bbox 1587 408 1780 450; x_wconf 79' lang='lat' dir='ltr'>particulam</span> <span class='ocrx_word' id='word_1_387' title='bbox 1805 408 1960 447; x_wconf 52' lang='lat' dir='ltr'>maurel,</span> <span class='ocrx_word' id='word_1_388' title='bbox 1984 412 2029 446; x_wconf 78' lang='lat' dir='ltr'>ul,</span> <span class='ocrx_word' id='word_1_389' title='bbox 2053 414 2085 440; x_wconf 88' lang='lat' dir='ltr'>et</span> 
     </span>
     <span class='ocr_line' id='line_1_60' title="bbox 1105 450 2084 487; baseline -0.002 -4"><span class='ocrx_word' id='word_1_390' title='bbox 1105 451 1339 484; x_wconf 76' lang='lat' dir='ltr'>resolvendum</span> <span class='ocrx_word' id='word_1_391' title='bbox 1364 454 1395 484; x_wconf 87' lang='lat' dir='ltr'>in</span> <span class='ocrx_word' id='word_1_392' title='bbox 1421 454 1672 487; x_wconf 73' lang='lat' dir='ltr'>coniunctivum,</span> <span class='ocrx_word' id='word_1_393' title='bbox 1698 451 1752 483; x_wconf 80' lang='lat' dir='ltr'>vel</span> <span class='ocrx_word' id='word_1_394' title='bbox 1771 453 1995 483; x_wconf 77' lang='lat' dir='ltr'>indicativum.</span> <span class='ocrx_word' id='word_1_395' title='bbox 2025 450 2084 482; x_wconf 85' lang='lat' dir='ltr'>llla</span> 
     </span>
     <span class='ocr_line' id='line_1_61' title="bbox 1106 494 2084 528; baseline -0.001 -2"><span class='ocrx_word' id='word_1_396' title='bbox 1106 502 1156 527; x_wconf 85' lang='lat' dir='ltr'>est</span> <span class='ocrx_word' id='word_1_397' title='bbox 1178 497 1261 526; x_wconf 83' lang='lat' dir='ltr'>ratio</span> <span class='ocrx_word' id='word_1_398' title='bbox 1291 495 1377 527; x_wconf 88' lang='lat' dir='ltr'>illius</span> <span class='ocrx_word' id='word_1_399' title='bbox 1402 495 1543 528; x_wconf 84' lang='lat' dir='ltr'>Soloeci.</span> <span class='ocrx_word' id='word_1_400' title='bbox 1588 495 1648 526; x_wconf 73' lang='lat' dir='ltr'>Est</span> <span class='ocrx_word' id='word_1_401' title='bbox 1673 495 1801 526; x_wconf 81' lang='lat' dir='ltr'>Graeca</span> <span class='ocrx_word' id='word_1_402' title='bbox 1832 494 1955 526; x_wconf 68' lang='lat' dir='ltr'>locutio</span> <span class='ocrx_word' id='word_1_403' title='bbox 1987 496 2084 526; x_wconf 83' lang='lat' dir='ltr'>etiam</span> 
     </span>
     <span class='ocr_line' id='line_1_62' title="bbox 1105 537 2083 580; baseline -0.001 -11"><span class='ocrx_word' id='word_1_404' title='bbox 1105 540 1135 570; x_wconf 87' lang='lat' dir='ltr'>in</span> <span class='ocrx_word' id='word_1_405' title='bbox 1161 538 1224 570; x_wconf 79' lang='lat' dir='ltr'>hac</span> <span class='ocrx_word' id='word_1_406' title='bbox 1249 540 1456 580; x_wconf 80' lang='lat' dir='ltr'>quaestione:</span> <span class='ocrx_word' id='word_1_407' title='bbox 1490 539 1528 568; x_wconf 67' lang='lat' dir='ltr'>Se·</span> <span class='ocrx_word' id='word_1_408' title='bbox 1550 539 1623 568; x_wconf 65' lang='lat' dir='ltr'>livre</span> <span class='ocrx_word' id='word_1_409' title='bbox 1645 539 1781 568; x_wconf 78' lang='lat' dir='ltr'>Sabbata</span> <span class='ocrx_word' id='word_1_410' title='bbox 1801 539 1935 567; x_wconf 75' lang='lat' dir='ltr'>sanare?</span> <span class='ocrx_word' id='word_1_411' title='bbox 1980 537 2083 568; x_wconf 85' lang='lat' dir='ltr'>Parti—</span> 
     </span>
     <span class='ocr_line' id='line_1_63' title="bbox 1106 580 2085 624; baseline -0.002 -11"><span class='ocrx_word' id='word_1_412' title='bbox 1106 580 1181 613; x_wconf 84' lang='lat' dir='ltr'>cula</span> <span class='ocrx_word' id='word_1_413' title='bbox 1205 582 1336 613; x_wconf 80' lang='lat' dir='ltr'>Graeca</span> <span class='ocrx_word' id='word_1_414' title='bbox 1359 582 1410 616; x_wconf 63' lang='lat' dir='ltr'>Et,</span> <span class='ocrx_word' id='word_1_415' title='bbox 1434 589 1486 613; x_wconf 78' lang='lat' dir='ltr'>est</span> <span class='ocrx_word' id='word_1_416' title='bbox 1510 582 1764 624; x_wconf 56' lang='lat' dir='ltr'>interrogativa:</span> <span class='ocrx_word' id='word_1_417' title='bbox 1799 581 1964 623; x_wconf 81' lang='lat' dir='ltr'>significat</span> <span class='ocrx_word' id='word_1_418' title='bbox 1986 581 2085 619; x_wconf 88' lang='lat' dir='ltr'>idem,</span> 
     </span>
     <span class='ocr_line' id='line_1_64' title="bbox 1105 625 1290 666; baseline -0.011 -10"><span class='ocrx_word' id='word_1_419' title='bbox 1105 625 1194 666; x_wconf 88' lang='lat' dir='ltr'>quod</span> <span class='ocrx_word' id='word_1_420' title='bbox 1217 625 1290 654; x_wconf 77' lang='lat' dir='ltr'>An?</span> 
     </span>
    </p>
   </div>
   <div class='ocr_carea' id='block_1_11' title="bbox 1379 790 1816 830">
    <p class='ocr_par' dir='ltr' id='par_1_13' title="bbox 1379 790 1816 830">
     <span class='ocr_line' id='line_1_65' title="bbox 1379 790 1816 830; baseline 0 0"><span class='ocrx_word' id='word_1_421' title='bbox 1379 790 1458 830; x_wconf 89' lang='lat' dir='ltr'>De</span> <span class='ocrx_word' id='word_1_422' title='bbox 1505 790 1816 830; x_wconf 77' lang='lat' dir='ltr'>modestia.</span> 
     </span>
    </p>
   </div>
   <div class='ocr_carea' id='block_1_12' title="bbox 1099 880 2086 1738">
    <p class='ocr_par' dir='ltr' id='par_1_14' title="bbox 1099 880 2086 1738">
     <span class='ocr_line' id='line_1_66' title="bbox 1191 880 2084 913; baseline 0.001 -1"><span class='ocrx_word' id='word_1_423' title='bbox 1191 881 1361 913; x_wconf 78' lang='lat' dir='ltr'>Pharisaei</span> <span class='ocrx_word' id='word_1_424' title='bbox 1378 882 1549 912; x_wconf 86' lang='lat' dir='ltr'>certabant</span> <span class='ocrx_word' id='word_1_425' title='bbox 1563 882 1647 912; x_wconf 86' lang='lat' dir='ltr'>inter</span> <span class='ocrx_word' id='word_1_426' title='bbox 1671 891 1708 913; x_wconf 78' lang='lat' dir='ltr'>Se</span> <span class='ocrx_word' id='word_1_427' title='bbox 1732 882 1974 912; x_wconf 84' lang='lat' dir='ltr'>ambitionibus.</span> <span class='ocrx_word' id='word_1_428' title='bbox 2007 880 2084 913; x_wconf 90' lang='lat' dir='ltr'>ldeo</span> 
     </span>
     <span class='ocr_line' id='line_1_67' title="bbox 1105 923 2084 966; baseline 0.001 -11"><span class='ocrx_word' id='word_1_429' title='bbox 1105 923 1258 956; x_wconf 72' lang='lat' dir='ltr'>Christus</span> <span class='ocrx_word' id='word_1_430' title='bbox 1282 924 1493 966; x_wconf 81' lang='lat' dir='ltr'>reprehendit</span> <span class='ocrx_word' id='word_1_431' title='bbox 1516 925 1547 955; x_wconf 90' lang='lat' dir='ltr'>in</span> <span class='ocrx_word' id='word_1_432' title='bbox 1571 926 1641 962; x_wconf 81' lang='lat' dir='ltr'>eis,</span> <span class='ocrx_word' id='word_1_433' title='bbox 1676 925 1763 966; x_wconf 88' lang='lat' dir='ltr'>quod</span> <span class='ocrx_word' id='word_1_434' title='bbox 1799 923 1883 955; x_wconf 81' lang='lat' dir='ltr'>alius</span> <span class='ocrx_word' id='word_1_435' title='bbox 1909 925 2084 966; x_wconf 80' lang='lat' dir='ltr'>praeripie—</span> 
     </span>
     <span class='ocr_line' id='line_1_68' title="bbox 1105 967 2083 1005; baseline 0.001 -7"><span class='ocrx_word' id='word_1_436' title='bbox 1105 969 1158 998; x_wconf 88' lang='lat' dir='ltr'>bat</span> <span class='ocrx_word' id='word_1_437' title='bbox 1182 967 1276 998; x_wconf 78' lang='lat' dir='ltr'>alteri</span> <span class='ocrx_word' id='word_1_438' title='bbox 1299 967 1408 999; x_wconf 86' lang='lat' dir='ltr'>locum</span> <span class='ocrx_word' id='word_1_439' title='bbox 1433 978 1538 998; x_wconf 75' lang='lat' dir='ltr'>suum.</span> <span class='ocrx_word' id='word_1_440' title='bbox 1573 967 1644 996; x_wconf 79' lang='lat' dir='ltr'>Nm:</span> <span class='ocrx_word' id='word_1_441' title='bbox 1668 968 1719 997; x_wconf 83' lang='lat' dir='ltr'>sol</span> <span class='ocrx_word' id='word_1_442' title='bbox 1739 978 1807 996; x_wconf 78' lang='lat' dir='ltr'>man</span> <span class='ocrx_word' id='word_1_443' title='bbox 1831 978 1862 996; x_wconf 81' lang='lat' dir='ltr'>es</span> <span class='ocrx_word' id='word_1_444' title='bbox 1890 968 2006 1005; x_wconf 66' lang='lat' dir='ltr'>hulten,</span> <span class='ocrx_word' id='word_1_445' title='bbox 2031 969 2083 999; x_wconf 88' lang='lat' dir='ltr'>de-</span> 
     </span>
     <span class='ocr_line' id='line_1_69' title="bbox 1105 1009 2085 1051; baseline 0.001 -10"><span class='ocrx_word' id='word_1_446' title='bbox 1105 1012 1157 1041; x_wconf 90' lang='lat' dir='ltr'>bet</span> <span class='ocrx_word' id='word_1_447' title='bbox 1183 1011 1253 1042; x_wconf 78' lang='lat' dir='ltr'>lieri</span> <span class='ocrx_word' id='word_1_448' title='bbox 1277 1022 1348 1042; x_wconf 89' lang='lat' dir='ltr'>cum</span> <span class='ocrx_word' id='word_1_449' title='bbox 1374 1009 1518 1049; x_wconf 83' lang='lat' dir='ltr'>delectu,</span> <span class='ocrx_word' id='word_1_450' title='bbox 1541 1017 1576 1042; x_wconf 91' lang='lat' dir='ltr'>ut</span> <span class='ocrx_word' id='word_1_451' title='bbox 1599 1009 1651 1041; x_wconf 87' lang='lat' dir='ltr'>alii</span> <span class='ocrx_word' id='word_1_452' title='bbox 1682 1012 1906 1051; x_wconf 74' lang='lat' dir='ltr'>praecedant,</span> <span class='ocrx_word' id='word_1_453' title='bbox 1943 1010 1997 1042; x_wconf 85' lang='lat' dir='ltr'>alii</span> <span class='ocrx_word' id='word_1_454' title='bbox 2033 1021 2085 1042; x_wconf 83' lang='lat' dir='ltr'>se-</span> 
     </span>
     <span class='ocr_line' id='line_1_70' title="bbox 1104 1053 2086 1095; baseline 0.001 -11"><span class='ocrx_word' id='word_1_455' title='bbox 1104 1060 1252 1095; x_wconf 82' lang='lat' dir='ltr'>quantur.</span> <span class='ocrx_word' id='word_1_456' title='bbox 1290 1053 1378 1085; x_wconf 88' lang='lat' dir='ltr'>Volo</span> <span class='ocrx_word' id='word_1_457' title='bbox 1394 1054 1488 1084; x_wconf 77' lang='lat' dir='ltr'>vobis</span> <span class='ocrx_word' id='word_1_458' title='bbox 1502 1054 1612 1084; x_wconf 86' lang='lat' dir='ltr'>dicere</span> <span class='ocrx_word' id='word_1_459' title='bbox 1636 1054 1809 1095; x_wconf 85' lang='lat' dir='ltr'>pulchrum</span> <span class='ocrx_word' id='word_1_460' title='bbox 1834 1053 2020 1095; x_wconf 79' lang='lat' dir='ltr'>exemplum</span> <span class='ocrx_word' id='word_1_461' title='bbox 2045 1055 2086 1085; x_wconf 83' lang='lat' dir='ltr'>de</span> 
     </span>
     <span class='ocr_line' id='line_1_71' title="bbox 1104 1096 2084 1138; baseline 0 -11"><span class='ocrx_word' id='word_1_462' title='bbox 1104 1098 1290 1137; x_wconf 76' lang='lat' dir='ltr'>praecentio</span> <span class='ocrx_word' id='word_1_463' title='bbox 1315 1103 1346 1127; x_wconf 86' lang='lat' dir='ltr'>et</span> <span class='ocrx_word' id='word_1_464' title='bbox 1369 1097 1540 1138; x_wconf 63' lang='lat' dir='ltr'>sequendo</span> <span class='ocrx_word' id='word_1_465' title='bbox 1565 1097 1595 1127; x_wconf 92' lang='lat' dir='ltr'>in</span> <span class='ocrx_word' id='word_1_466' title='bbox 1625 1098 1755 1138; x_wconf 79' lang='lat' dir='ltr'>pompis</span> <span class='ocrx_word' id='word_1_467' title='bbox 1785 1096 1936 1138; x_wconf 75' lang='lat' dir='ltr'>publicis.</span> <span class='ocrx_word' id='word_1_468' title='bbox 1984 1097 2084 1138; x_wconf 80' lang='lat' dir='ltr'>impe-</span> 
     </span>
     <span class='ocr_line' id='line_1_72' title="bbox 1103 1139 2086 1172; baseline 0.001 -2"><span class='ocrx_word' id='word_1_469' title='bbox 1103 1146 1194 1171; x_wconf 83' lang='lat' dir='ltr'>rator</span> <span class='ocrx_word' id='word_1_470' title='bbox 1228 1146 1342 1170; x_wconf 82' lang='lat' dir='ltr'>noster</span> <span class='ocrx_word' id='word_1_471' title='bbox 1377 1146 1408 1170; x_wconf 90' lang='lat' dir='ltr'>et</span> <span class='ocrx_word' id='word_1_472' title='bbox 1448 1139 1552 1171; x_wconf 73' lang='lat' dir='ltr'>frater</span> <span class='ocrx_word' id='word_1_473' title='bbox 1588 1140 1657 1171; x_wconf 76' lang='lat' dir='ltr'>Rex</span> <span class='ocrx_word' id='word_1_474' title='bbox 1692 1140 1920 1171; x_wconf 83' lang='lat' dir='ltr'>Ferdinandns</span> <span class='ocrx_word' id='word_1_475' title='bbox 1954 1140 2086 1172; x_wconf 82' lang='lat' dir='ltr'>fuerunt</span> 
     </span>
     <span class='ocr_line' id='line_1_73' title="bbox 1102 1182 2085 1224; baseline 0.001 -11"><span class='ocrx_word' id='word_1_476' title='bbox 1102 1182 1201 1213; x_wconf 80' lang='lat' dir='ltr'>simul</span> <span class='ocrx_word' id='word_1_477' title='bbox 1224 1184 1255 1213; x_wconf 88' lang='lat' dir='ltr'>in</span> <span class='ocrx_word' id='word_1_478' title='bbox 1280 1182 1413 1224; x_wconf 87' lang='lat' dir='ltr'>templo,</span> <span class='ocrx_word' id='word_1_479' title='bbox 1447 1183 1478 1213; x_wconf 91' lang='lat' dir='ltr'>in</span> <span class='ocrx_word' id='word_1_480' title='bbox 1502 1183 1623 1223; x_wconf 75' lang='lat' dir='ltr'>nuptiis</span> <span class='ocrx_word' id='word_1_481' title='bbox 1648 1182 1753 1215; x_wconf 75' lang='lat' dir='ltr'>Ducis</span> <span class='ocrx_word' id='word_1_482' title='bbox 1777 1183 1952 1222; x_wconf 74' lang='lat' dir='ltr'>Bavariae,</span> <span class='ocrx_word' id='word_1_483' title='bbox 1977 1183 2085 1214; x_wconf 75' lang='lat' dir='ltr'>Ratis-</span> 
     </span>
     <span class='ocr_line' id='line_1_74' title="bbox 1104 1226 2085 1263; baseline 0.001 -7"><span class='ocrx_word' id='word_1_484' title='bbox 1104 1227 1220 1257; x_wconf 76' lang='lat' dir='ltr'>bonae.</span> <span class='ocrx_word' id='word_1_485' title='bbox 1267 1226 1348 1257; x_wconf 87' lang='lat' dir='ltr'>Cum</span> <span class='ocrx_word' id='word_1_486' title='bbox 1374 1232 1464 1257; x_wconf 78' lang='lat' dir='ltr'>esset</span> <span class='ocrx_word' id='word_1_487' title='bbox 1487 1227 1626 1257; x_wconf 79' lang='lat' dir='ltr'>eundum</span> <span class='ocrx_word' id='word_1_488' title='bbox 1653 1227 1694 1256; x_wconf 87' lang='lat' dir='ltr'>ad</span> <span class='ocrx_word' id='word_1_489' title='bbox 1718 1236 1846 1263; x_wconf 80' lang='lat' dir='ltr'>arcem,</span> <span class='ocrx_word' id='word_1_490' title='bbox 1879 1226 1950 1257; x_wconf 74' lang='lat' dir='ltr'>Rex</span> <span class='ocrx_word' id='word_1_491' title='bbox 1975 1226 2085 1257; x_wconf 82' lang='lat' dir='ltr'>Ferdi-</span> 
     </span>
     <span class='ocr_line' id='line_1_75' title="bbox 1104 1267 2085 1310; baseline 0.002 -12"><span class='ocrx_word' id='word_1_492' title='bbox 1104 1270 1234 1299; x_wconf 87' lang='lat' dir='ltr'>nandns</span> <span class='ocrx_word' id='word_1_493' title='bbox 1258 1270 1360 1300; x_wconf 65' lang='lat' dir='ltr'>iusset</span> <span class='ocrx_word' id='word_1_494' title='bbox 1386 1267 1519 1300; x_wconf 85' lang='lat' dir='ltr'>fratrem</span> <span class='ocrx_word' id='word_1_495' title='bbox 1543 1270 1755 1310; x_wconf 85' lang='lat' dir='ltr'>praecedere·</span> <span class='ocrx_word' id='word_1_496' title='bbox 1802 1269 1924 1300; x_wconf 82' lang='lat' dir='ltr'>Noster</span> <span class='ocrx_word' id='word_1_497' title='bbox 1947 1269 2085 1310; x_wconf 81' lang='lat' dir='ltr'>Impera-</span> 
     </span>
     <span class='ocr_line' id='line_1_76' title="bbox 1104 1312 2083 1354; baseline 0.002 -12"><span class='ocrx_word' id='word_1_498' title='bbox 1104 1317 1157 1342; x_wconf 91' lang='lat' dir='ltr'>tor</span> <span class='ocrx_word' id='word_1_499' title='bbox 1180 1312 1260 1342; x_wconf 76' lang='lat' dir='ltr'>dixit</span> <span class='ocrx_word' id='word_1_500' title='bbox 1284 1313 1479 1350; x_wconf 70' lang='lat' dir='ltr'>convenire,</span> <span class='ocrx_word' id='word_1_501' title='bbox 1503 1319 1536 1343; x_wconf 88' lang='lat' dir='ltr'>ut</span> <span class='ocrx_word' id='word_1_502' title='bbox 1560 1318 1653 1354; x_wconf 81' lang='lat' dir='ltr'>pater</span> <span class='ocrx_word' id='word_1_503' title='bbox 1684 1322 1829 1353; x_wconf 85' lang='lat' dir='ltr'>sponsae</span> <span class='ocrx_word' id='word_1_504' title='bbox 1860 1313 2083 1344; x_wconf 85' lang='lat' dir='ltr'>antecederet.</span> 
     </span>
     <span class='ocr_line' id='line_1_77' title="bbox 1104 1353 2084 1397; baseline 0.002 -12"><span class='ocrx_word' id='word_1_505' title='bbox 1104 1353 1175 1385; x_wconf 79' lang='lat' dir='ltr'>Rex</span> <span class='ocrx_word' id='word_1_506' title='bbox 1198 1355 1425 1385; x_wconf 71' lang='lat' dir='ltr'>ferdinandus</span> <span class='ocrx_word' id='word_1_507' title='bbox 1461 1365 1577 1386; x_wconf 78' lang='lat' dir='ltr'>rursus</span> <span class='ocrx_word' id='word_1_508' title='bbox 1610 1356 1707 1387; x_wconf 72' lang='lat' dir='ltr'>iussit</span> <span class='ocrx_word' id='word_1_509' title='bbox 1740 1354 1918 1397; x_wconf 74' lang='lat' dir='ltr'>significari</span> <span class='ocrx_word' id='word_1_510' title='bbox 1944 1355 2084 1397; x_wconf 81' lang='lat' dir='ltr'>impera-</span> 
     </span>
     <span class='ocr_line' id='line_1_78' title="bbox 1102 1396 2083 1440; baseline 0.001 -11"><span class='ocrx_word' id='word_1_511' title='bbox 1102 1398 1165 1429; x_wconf 90' lang='lat' dir='ltr'>tori</span> <span class='ocrx_word' id='word_1_512' title='bbox 1188 1396 1297 1439; x_wconf 84' lang='lat' dir='ltr'>sratri3</span> <span class='ocrx_word' id='word_1_513' title='bbox 1320 1399 1427 1438; x_wconf 84' lang='lat' dir='ltr'>ipsum</span> <span class='ocrx_word' id='word_1_514' title='bbox 1462 1405 1492 1429; x_wconf 92' lang='lat' dir='ltr'>et</span> <span class='ocrx_word' id='word_1_515' title='bbox 1527 1399 1761 1439; x_wconf 81' lang='lat' dir='ltr'>Imperatorem</span> <span class='ocrx_word' id='word_1_516' title='bbox 1792 1404 1823 1429; x_wconf 91' lang='lat' dir='ltr'>et</span> <span class='ocrx_word' id='word_1_517' title='bbox 1845 1406 1972 1440; x_wconf 75' lang='lat' dir='ltr'>patrem</span> <span class='ocrx_word' id='word_1_518' title='bbox 1997 1408 2083 1434; x_wconf 88' lang='lat' dir='ltr'>esse,</span> 
     </span>
     <span class='ocr_line' id='line_1_79' title="bbox 1101 1441 2084 1482; baseline 0.001 -10"><span class='ocrx_word' id='word_1_519' title='bbox 1101 1446 1132 1472; x_wconf 88' lang='lat' dir='ltr'>et</span> <span class='ocrx_word' id='word_1_520' title='bbox 1167 1451 1263 1472; x_wconf 85' lang='lat' dir='ltr'>orare</span> <span class='ocrx_word' id='word_1_521' title='bbox 1294 1451 1353 1480; x_wconf 83' lang='lat' dir='ltr'>se,</span> <span class='ocrx_word' id='word_1_522' title='bbox 1387 1447 1421 1472; x_wconf 89' lang='lat' dir='ltr'>ut</span> <span class='ocrx_word' id='word_1_523' title='bbox 1451 1443 1673 1473; x_wconf 81' lang='lat' dir='ltr'>antecederet.</span> <span class='ocrx_word' id='word_1_524' title='bbox 1718 1441 1865 1472; x_wconf 87' lang='lat' dir='ltr'>Tandem</span> <span class='ocrx_word' id='word_1_525' title='bbox 1902 1442 2084 1482; x_wconf 81' lang='lat' dir='ltr'>Imperator</span> 
     </span>
     <span class='ocr_line' id='line_1_80' title="bbox 1100 1484 2083 1526; baseline 0.002 -12"><span class='ocrx_word' id='word_1_526' title='bbox 1100 1485 1260 1525; x_wconf 84' lang='lat' dir='ltr'>procedit.</span> <span class='ocrx_word' id='word_1_527' title='bbox 1307 1484 1372 1526; x_wconf 85' lang='lat' dir='ltr'>lpsi</span> <span class='ocrx_word' id='word_1_528' title='bbox 1396 1485 1458 1516; x_wconf 74' lang='lat' dir='ltr'>sibi</span> <span class='ocrx_word' id='word_1_529' title='bbox 1486 1491 1598 1516; x_wconf 86' lang='lat' dir='ltr'>mutuo</span> <span class='ocrx_word' id='word_1_530' title='bbox 1635 1484 1823 1516; x_wconf 88' lang='lat' dir='ltr'>detulerunt</span> <span class='ocrx_word' id='word_1_531' title='bbox 1856 1485 1946 1516; x_wconf 86' lang='lat' dir='ltr'>hunc</span> <span class='ocrx_word' id='word_1_532' title='bbox 1980 1486 2083 1517; x_wconf 88' lang='lat' dir='ltr'>hono-</span> 
     </span>
     <span class='ocr_line' id='line_1_81' title="bbox 1100 1527 2083 1570; baseline 0.001 -12"><span class='ocrx_word' id='word_1_533' title='bbox 1100 1537 1176 1559; x_wconf 86' lang='lat' dir='ltr'>rem.</span> <span class='ocrx_word' id='word_1_534' title='bbox 1223 1527 1379 1569; x_wconf 84' lang='lat' dir='ltr'>Sequitur</span> <span class='ocrx_word' id='word_1_535' title='bbox 1413 1538 1494 1570; x_wconf 82' lang='lat' dir='ltr'>ergo</span> <span class='ocrx_word' id='word_1_536' title='bbox 1519 1527 1614 1565; x_wconf 82' lang='lat' dir='ltr'>Rex,</span> <span class='ocrx_word' id='word_1_537' title='bbox 1650 1534 1682 1559; x_wconf 85' lang='lat' dir='ltr'>et</span> <span class='ocrx_word' id='word_1_538' title='bbox 1716 1529 1853 1559; x_wconf 87' lang='lat' dir='ltr'>veniunt</span> <span class='ocrx_word' id='word_1_539' title='bbox 1886 1529 1918 1558; x_wconf 89' lang='lat' dir='ltr'>in</span> <span class='ocrx_word' id='word_1_540' title='bbox 1942 1528 2083 1559; x_wconf 88' lang='lat' dir='ltr'>medium</span> 
     </span>
     <span class='ocr_line' id='line_1_82' title="bbox 1100 1569 2084 1611; baseline 0.001 -11"><span class='ocrx_word' id='word_1_541' title='bbox 1100 1571 1248 1601; x_wconf 75' lang='lat' dir='ltr'>chorum.</span> <span class='ocrx_word' id='word_1_542' title='bbox 1295 1571 1341 1602; x_wconf 90' lang='lat' dir='ltr'>lbi</span> <span class='ocrx_word' id='word_1_543' title='bbox 1363 1571 1521 1611; x_wconf 85' lang='lat' dir='ltr'>incipiunt</span> <span class='ocrx_word' id='word_1_544' title='bbox 1544 1573 1660 1603; x_wconf 85' lang='lat' dir='ltr'>iterum</span> <span class='ocrx_word' id='word_1_545' title='bbox 1685 1571 1768 1602; x_wconf 86' lang='lat' dir='ltr'>inter</span> <span class='ocrx_word' id='word_1_546' title='bbox 1792 1581 1829 1602; x_wconf 86' lang='lat' dir='ltr'>se</span> <span class='ocrx_word' id='word_1_547' title='bbox 1853 1569 2015 1609; x_wconf 75' lang='lat' dir='ltr'>officiose,</span> <span class='ocrx_word' id='word_1_548' title='bbox 2029 1570 2084 1603; x_wconf 88' lang='lat' dir='ltr'>vel</span> 
     </span>
     <span class='ocr_line' id='line_1_83' title="bbox 1099 1612 2083 1652; baseline 0.003 -9"><span class='ocrx_word' id='word_1_549' title='bbox 1099 1612 1282 1645; x_wconf 87' lang='lat' dir='ltr'>honorifice</span> <span class='ocrx_word' id='word_1_550' title='bbox 1305 1621 1444 1646; x_wconf 86' lang='lat' dir='ltr'>certare.</span> <span class='ocrx_word' id='word_1_551' title='bbox 1489 1614 1717 1645; x_wconf 88' lang='lat' dir='ltr'>Ferdinandus</span> <span class='ocrx_word' id='word_1_552' title='bbox 1741 1613 1865 1652; x_wconf 84' lang='lat' dir='ltr'>voluit,</span> <span class='ocrx_word' id='word_1_553' title='bbox 1895 1621 1931 1645; x_wconf 89' lang='lat' dir='ltr'>ut</span> <span class='ocrx_word' id='word_1_554' title='bbox 1954 1620 2083 1646; x_wconf 84' lang='lat' dir='ltr'>antece-</span> 
     </span>
     <span class='ocr_line' id='line_1_84' title="bbox 1100 1656 2082 1698; baseline -0.001 -11"><span class='ocrx_word' id='word_1_555' title='bbox 1100 1657 1192 1687; x_wconf 87' lang='lat' dir='ltr'>deret</span> <span class='ocrx_word' id='word_1_556' title='bbox 1211 1656 1403 1697; x_wconf 82' lang='lat' dir='ltr'>lmperator,</span> <span class='ocrx_word' id='word_1_557' title='bbox 1422 1657 1520 1698; x_wconf 88' lang='lat' dir='ltr'>idque</span> <span class='ocrx_word' id='word_1_558' title='bbox 1539 1658 1671 1688; x_wconf 85' lang='lat' dir='ltr'>tandem</span> <span class='ocrx_word' id='word_1_559' title='bbox 1691 1658 1841 1688; x_wconf 88' lang='lat' dir='ltr'>obtinuit.</span> <span class='ocrx_word' id='word_1_560' title='bbox 1875 1657 2010 1687; x_wconf 74' lang='lat' dir='ltr'>Solclzen</span> <span class='ocrx_word' id='word_1_561' title='bbox 2023 1658 2082 1687; x_wconf 76' lang='lat' dir='ltr'>leu-</span> 
     </span>
     <span class='ocr_line' id='line_1_85' title="bbox 1100 1699 1846 1738; baseline 0.004 -10"><span class='ocrx_word' id='word_1_562' title='bbox 1100 1703 1148 1728; x_wconf 80' lang='lat' dir='ltr'>teu</span> <span class='ocrx_word' id='word_1_563' title='bbox 1172 1700 1270 1730; x_wconf 65' lang='lat' dir='ltr'>stelas</span> <span class='ocrx_word' id='word_1_564' title='bbox 1293 1700 1375 1729; x_wconf 81' lang='lat' dir='ltr'>wohl</span> <span class='ocrx_word' id='word_1_565' title='bbox 1396 1710 1443 1738; x_wconf 66' lang='lat' dir='ltr'>an,</span> <span class='ocrx_word' id='word_1_566' title='bbox 1463 1707 1495 1731; x_wconf 85' lang='lat' dir='ltr'>et</span> <span class='ocrx_word' id='word_1_567' title='bbox 1519 1700 1554 1731; x_wconf 85' lang='lat' dir='ltr'>fit</span> <span class='ocrx_word' id='word_1_568' title='bbox 1578 1706 1668 1731; x_wconf 88' lang='lat' dir='ltr'>certo</span> <span class='ocrx_word' id='word_1_569' title='bbox 1694 1699 1846 1732; x_wconf 76' lang='lat' dir='ltr'>consilio.</span> 
     </span>
    </p>
   </div>
   <div class='ocr_carea' id='block_1_13' title="bbox 1131 1863 2052 1920">
    <p class='ocr_par' dir='ltr' id='par_1_15' title="bbox 1131 1863 2052 1920">
     <span class='ocr_line' id='line_1_86' title="bbox 1131 1863 2052 1920; baseline 0.002 -16"><span class='ocrx_word' id='word_1_570' title='bbox 1131 1863 1314 1905; x_wconf 79' lang='lat' dir='ltr'>Omnis</span> <span class='ocrx_word' id='word_1_571' title='bbox 1360 1865 1618 1920; x_wconf 86' lang='lat' dir='ltr'>superbia</span> <span class='ocrx_word' id='word_1_572' title='bbox 1664 1866 1914 1906; x_wconf 74' lang='lat' dir='ltr'>stultitia</span> <span class='ocrx_word' id='word_1_573' title='bbox 1961 1874 2052 1906; x_wconf 77' lang='lat' dir='ltr'>est.</span> 
     </span>
    </p>
   </div>
   <div class='ocr_carea' id='block_1_14' title="bbox 1100 1955 2081 2203">
    <p class='ocr_par' dir='ltr' id='par_1_16' title="bbox 1100 1955 2081 2203">
     <span class='ocr_line' id='line_1_87' title="bbox 1186 1955 2081 1998; baseline 0.002 -12"><span class='ocrx_word' id='word_1_574' title='bbox 1186 1955 1344 1987; x_wconf 80' lang='lat' dir='ltr'>Homines</span> <span class='ocrx_word' id='word_1_575' title='bbox 1370 1963 1446 1988; x_wconf 91' lang='lat' dir='ltr'>sunt</span> <span class='ocrx_word' id='word_1_576' title='bbox 1474 1962 1592 1988; x_wconf 84' lang='lat' dir='ltr'>natura</span> <span class='ocrx_word' id='word_1_577' title='bbox 1619 1958 1754 1998; x_wconf 79' lang='lat' dir='ltr'>superbi</span> <span class='ocrx_word' id='word_1_578' title='bbox 1778 1964 1810 1988; x_wconf 89' lang='lat' dir='ltr'>et</span> <span class='ocrx_word' id='word_1_579' title='bbox 1834 1960 1978 1998; x_wconf 73' lang='grc' dir='ltr'><em>φίλαυτοι.</em></span> <span class='ocrx_word' id='word_1_580' title='bbox 2025 1957 2081 1988; x_wconf 91' lang='lat' dir='ltr'>Vi-</span> 
     </span>
     <span class='ocr_line' id='line_1_88' title="bbox 1101 1999 2081 2040; baseline 0.003 -11"><span class='ocrx_word' id='word_1_581' title='bbox 1101 1999 1204 2039; x_wconf 82' lang='lat' dir='ltr'>detis,</span> <span class='ocrx_word' id='word_1_582' title='bbox 1228 2000 1394 2040; x_wconf 82' lang='lat' dir='ltr'>quomodo</span> <span class='ocrx_word' id='word_1_583' title='bbox 1429 2005 1557 2031; x_wconf 82' lang='lat' dir='ltr'>aestuet</span> <span class='ocrx_word' id='word_1_584' title='bbox 1590 2001 1775 2031; x_wconf 82' lang='lat' dir='ltr'>incendium</span> <span class='ocrx_word' id='word_1_585' title='bbox 1810 2002 2013 2038; x_wconf 71' lang='lat' dir='ltr'>ambitionis,</span> <span class='ocrx_word' id='word_1_586' title='bbox 2048 2001 2081 2032; x_wconf 91' lang='lat' dir='ltr'>in</span> 
     </span>
     <span class='ocr_line' id='line_1_89' title="bbox 1100 2042 2081 2084; baseline 0.003 -12"><span class='ocrx_word' id='word_1_587' title='bbox 1100 2042 1174 2073; x_wconf 81' lang='lat' dir='ltr'>aliis</span> <span class='ocrx_word' id='word_1_588' title='bbox 1197 2044 1315 2084; x_wconf 82' lang='lat' dir='ltr'>magis,</span> <span class='ocrx_word' id='word_1_589' title='bbox 1337 2043 1369 2074; x_wconf 86' lang='lat' dir='ltr'>in</span> <span class='ocrx_word' id='word_1_590' title='bbox 1393 2042 1464 2074; x_wconf 75' lang='lat' dir='ltr'>aliis</span> <span class='ocrx_word' id='word_1_591' title='bbox 1488 2044 1618 2081; x_wconf 67' lang='lat' dir='ltr'>minus,</span> <span class='ocrx_word' id='word_1_592' title='bbox 1652 2050 1685 2074; x_wconf 89' lang='lat' dir='ltr'>et</span> <span class='ocrx_word' id='word_1_593' title='bbox 1718 2054 1783 2084; x_wconf 78' lang='lat' dir='ltr'>quo</span> <span class='ocrx_word' id='word_1_594' title='bbox 1818 2043 1969 2074; x_wconf 79' lang='lat' dir='ltr'>homines</span> <span class='ocrx_word' id='word_1_595' title='bbox 2003 2050 2081 2075; x_wconf 83' lang='lat' dir='ltr'>sunt</span> 
     </span>
     <span class='ocr_line' id='line_1_90' title="bbox 1100 2085 2080 2128; baseline 0.002 -13"><span class='ocrx_word' id='word_1_596' title='bbox 1100 2085 1282 2123; x_wconf 79' lang='lat' dir='ltr'>stultiores,</span> <span class='ocrx_word' id='word_1_597' title='bbox 1295 2096 1333 2117; x_wconf 90' lang='lat' dir='ltr'>eo</span> <span class='ocrx_word' id='word_1_598' title='bbox 1358 2093 1434 2117; x_wconf 79' lang='lat' dir='ltr'>sunt</span> <span class='ocrx_word' id='word_1_599' title='bbox 1457 2087 1670 2127; x_wconf 71' lang='lat' dir='ltr'>superbiores</span> <span class='ocrx_word' id='word_1_600' title='bbox 1694 2086 1944 2123; x_wconf 81' lang='lat' dir='ltr'>universaliter3</span> <span class='ocrx_word' id='word_1_601' title='bbox 1969 2093 2000 2118; x_wconf 89' lang='lat' dir='ltr'>et</span> <span class='ocrx_word' id='word_1_602' title='bbox 2014 2097 2080 2128; x_wconf 88' lang='lat' dir='ltr'>quo</span> 
     </span>
     <span class='ocr_line' id='line_1_91' title="bbox 1100 2129 2081 2170; baseline 0.002 -11"><span class='ocrx_word' id='word_1_603' title='bbox 1100 2135 1176 2159; x_wconf 82' lang='lat' dir='ltr'>sunt</span> <span class='ocrx_word' id='word_1_604' title='bbox 1195 2130 1422 2170; x_wconf 74' lang='lat' dir='ltr'>superbiores.</span> <span class='ocrx_word' id='word_1_605' title='bbox 1446 2139 1486 2160; x_wconf 90' lang='lat' dir='ltr'>eo</span> <span class='ocrx_word' id='word_1_606' title='bbox 1509 2136 1586 2161; x_wconf 86' lang='lat' dir='ltr'>sunt</span> <span class='ocrx_word' id='word_1_607' title='bbox 1609 2129 1774 2162; x_wconf 85' lang='lat' dir='ltr'>sultiores.</span> <span class='ocrx_word' id='word_1_608' title='bbox 1822 2129 1882 2161; x_wconf 87' lang='lat' dir='ltr'>llla</span> <span class='ocrx_word' id='word_1_609' title='bbox 1897 2131 2019 2161; x_wconf 84' lang='lat' dir='ltr'>habent</span> <span class='ocrx_word' id='word_1_610' title='bbox 2043 2140 2081 2161; x_wconf 83' lang='lat' dir='ltr'>se</span> 
     </span>
     <span class='ocr_line' id='line_1_92' title="bbox 1101 2171 1369 2203; baseline 0 0"><span class='ocrx_word' id='word_1_611' title='bbox 1101 2171 1369 2203; x_wconf 88' lang='lat' dir='ltr'>convertibiliter.</span> 
     </span>
    </p>
   </div>
   <div class='ocr_carea' id='block_1_15' title="bbox 1098 2338 2077 2458">
    <p class='ocr_par' dir='ltr' id='par_1_17' title="bbox 1098 2338 2077 2458">
     <span class='ocr_line' id='line_1_93' title="bbox 1098 2338 2077 2394; baseline -0.002 -15"><span class='ocrx_word' id='word_1_612' title='bbox 1098 2338 1220 2379; x_wconf 82' lang='lat' dir='ltr'>Non.</span> <span class='ocrx_word' id='word_1_613' title='bbox 1265 2346 1492 2394; x_wconf 79' lang='lat' dir='ltr'>pugnat</span> <span class='ocrx_word' id='word_1_614' title='bbox 1539 2354 1659 2380; x_wconf 83' lang='lat' dir='ltr'>oum</span> <span class='ocrx_word' id='word_1_615' title='bbox 1706 2339 2077 2389; x_wconf 73' lang='lat' dir='ltr'>humilitate,</span> 
     </span>
     <span class='ocr_line' id='line_1_94' title="bbox 1219 2416 1956 2458; baseline -0.003 -2"><span class='ocrx_word' id='word_1_616' title='bbox 1219 2431 1355 2457; x_wconf 83' lang='lat' dir='ltr'>cura</span> <span class='ocrx_word' id='word_1_617' title='bbox 1401 2417 1467 2457; x_wconf 90' lang='lat' dir='ltr'>de</span> <span class='ocrx_word' id='word_1_618' title='bbox 1513 2418 1664 2458; x_wconf 91' lang='lat' dir='ltr'>bono</span> <span class='ocrx_word' id='word_1_619' title='bbox 1708 2416 1956 2456; x_wconf 87' lang='lat' dir='ltr'>nomine.</span> 
     </span>
    </p>
   </div>
   <div class='ocr_carea' id='block_1_16' title="bbox 1097 2515 2079 2685">
    <p class='ocr_par' dir='ltr' id='par_1_18' title="bbox 1097 2515 2079 2685">
     <span class='ocr_line' id='line_1_95' title="bbox 1184 2515 2078 2550; baseline -0.001 -3"><span class='ocrx_word' id='word_1_620' title='bbox 1184 2515 1291 2548; x_wconf 89' lang='lat' dir='ltr'>Homo</span> <span class='ocrx_word' id='word_1_621' title='bbox 1326 2517 1424 2548; x_wconf 89' lang='lat' dir='ltr'>debet</span> <span class='ocrx_word' id='word_1_622' title='bbox 1458 2518 1541 2549; x_wconf 77' lang='lat' dir='ltr'>tueri</span> <span class='ocrx_word' id='word_1_623' title='bbox 1575 2515 1696 2548; x_wconf 79' lang='lat' dir='ltr'>samam</span> <span class='ocrx_word' id='word_1_624' title='bbox 1719 2516 1850 2547; x_wconf 79' lang='lat' dir='ltr'>virtute.</span> <span class='ocrx_word' id='word_1_625' title='bbox 1885 2515 1915 2546; x_wconf 77' lang='lat'>2.</span> <span class='ocrx_word' id='word_1_626' title='bbox 1936 2515 2078 2550; x_wconf 87' lang='lat' dir='ltr'>Quando</span> 
     </span>
     <span class='ocr_line' id='line_1_96' title="bbox 1099 2558 2078 2597; baseline 0 -7"><span class='ocrx_word' id='word_1_627' title='bbox 1099 2565 1149 2590; x_wconf 85' lang='lat' dir='ltr'>est</span> <span class='ocrx_word' id='word_1_628' title='bbox 1172 2560 1345 2597; x_wconf 81' lang='lat' dir='ltr'>innocens,</span> <span class='ocrx_word' id='word_1_629' title='bbox 1368 2561 1466 2592; x_wconf 87' lang='lat' dir='ltr'>debet</span> <span class='ocrx_word' id='word_1_630' title='bbox 1490 2561 1665 2592; x_wconf 84' lang='lat' dir='ltr'>ostendere</span> <span class='ocrx_word' id='word_1_631' title='bbox 1688 2559 1922 2590; x_wconf 84' lang='lat' dir='ltr'>innocentiam.</span> <span class='ocrx_word' id='word_1_632' title='bbox 1962 2558 1992 2590; x_wconf 82' lang='grc'>3.</span> <span class='ocrx_word' id='word_1_633' title='bbox 2012 2558 2078 2590; x_wconf 88' lang='lat' dir='ltr'>De-</span> 
     </span>
     <span class='ocr_line' id='line_1_97' title="bbox 1099 2600 2078 2641; baseline -0.001 -8"><span class='ocrx_word' id='word_1_634' title='bbox 1099 2603 1155 2633; x_wconf 87' lang='lat' dir='ltr'>bet</span> <span class='ocrx_word' id='word_1_635' title='bbox 1178 2613 1255 2634; x_wconf 84' lang='lat' dir='ltr'>esse</span> <span class='ocrx_word' id='word_1_636' title='bbox 1278 2604 1402 2634; x_wconf 81' lang='lat' dir='ltr'>arbiter</span> <span class='ocrx_word' id='word_1_637' title='bbox 1425 2614 1485 2635; x_wconf 73' lang='lat' dir='ltr'>seu</span> <span class='ocrx_word' id='word_1_638' title='bbox 1507 2605 1617 2641; x_wconf 81' lang='lat' dir='ltr'>iudex,</span> <span class='ocrx_word' id='word_1_639' title='bbox 1632 2603 1673 2634; x_wconf 86' lang='lat' dir='ltr'>de</span> <span class='ocrx_word' id='word_1_640' title='bbox 1685 2608 1822 2633; x_wconf 87' lang='lat' dir='ltr'>auctore</span> <span class='ocrx_word' id='word_1_641' title='bbox 1846 2600 2078 2633; x_wconf 82' lang='lat' dir='ltr'>contumeliae.</span> 
     </span>
     <span class='ocr_line' id='line_1_98' title="bbox 1097 2645 2079 2685; baseline -0.002 -9"><span class='ocrx_word' id='word_1_642' title='bbox 1097 2645 1193 2676; x_wconf 82' lang='lat' dir='ltr'>Bona</span> <span class='ocrx_word' id='word_1_643' title='bbox 1216 2648 1405 2676; x_wconf 62' lang='lat' dir='ltr'>conscientia</span> <span class='ocrx_word' id='word_1_644' title='bbox 1428 2646 1502 2675; x_wconf 65' lang='lat' dir='ltr'>milti</span> <span class='ocrx_word' id='word_1_645' title='bbox 1525 2657 1604 2685; x_wconf 78' lang='lat' dir='ltr'>opus</span> <span class='ocrx_word' id='word_1_646' title='bbox 1632 2649 1678 2675; x_wconf 85' lang='lat' dir='ltr'>est</span> <span class='ocrx_word' id='word_1_647' title='bbox 1703 2648 1836 2684; x_wconf 77' lang='lat' dir='ltr'>prepter</span> <span class='ocrx_word' id='word_1_648' title='bbox 1854 2645 1968 2680; x_wconf 83' lang='lat' dir='ltr'>Deum,</span> <span class='ocrx_word' id='word_1_649' title='bbox 1998 2645 2079 2674; x_wconf 79' lang='lat' dir='ltr'>bona</span> 
     </span>
    </p>
   </div>
  </div>
 </body>
</html>
